{"gold_per_floor":[114,134,149,168,185,185,212,28,83,83,101,176,176,186,186,283,283,303,323,342,359,373,398,398,416,443,462,492,492,510,169,169,266,266,282,301,57,72,0,0,0,12,38,106,123,123,157,44,44,44],"floor_reached":51,"playtime":2391,"items_purged":["Strike_R","Strike_R","Regret"],"score":825,"play_id":"bd691926-c854-4129-9d81-cc21e7a57993","local_time":"20181012124923","is_ascension_mode":false,"campfire_choices":[{"data":"True Grit","floor":6,"key":"SMITH"},{"floor":10,"key":"REST"},{"data":"Apotheosis","floor":15,"key":"SMITH"},{"floor":24,"key":"REST"},{"floor":32,"key":"REST"},{"data":"True Grit","floor":41,"key":"SMITH"},{"floor":49,"key":"REST"}],"neow_cost":"NONE","seed_source_timestamp":156550305295307,"circlet_count":0,"master_deck":["Strike_R","Strike_R","Strike_R","Defend_R","Defend_R+1","Defend_R","Defend_R+1","Bash","Rampage","True Grit+1","Body Slam","Ghostly Armor","Shrug It Off","Apotheosis+1","Shrug It Off","Entrench","Shrug It Off+1","Body Slam+1","Entrench","Battle Trance","Feel No Pain+1","Barricade+1","True Grit+1","Writhe","Juggernaut+1","Pain","Shame","Doubt","True Grit+1"],"relics":["Burning Blood","Red Skull","Pen Nib","War Paint","Cursed Key","Frozen Egg 2","Bag of Marbles","Centennial Puzzle","TheAbacus","Runic Pyramid","Potion Belt","Red Mask","Boot","Matryoshka","MawBank"],"potions_floor_usage":[5,16,20,23,28,28,30,35,50,50],"damage_taken":[{"damage":6,"enemies":"Jaw Worm","floor":1,"turns":3},{"damage":0,"enemies":"Small Slimes","floor":2,"turns":4},{"damage":1,"enemies":"Cultist","floor":3,"turns":4},{"damage":20,"enemies":"Large Slime","floor":4,"turns":8},{"damage":12,"enemies":"Exordium Thugs","floor":5,"turns":7},{"damage":40,"enemies":"Lagavulin","floor":7,"turns":11},{"damage":13,"enemies":"3 Louse","floor":11,"turns":5},{"damage":0,"enemies":"2 Fungi Beasts","floor":14,"turns":3},{"damage":19,"enemies":"Hexaghost","floor":16,"turns":8},{"damage":12,"enemies":"Spheric Guardian","floor":18,"turns":5},{"damage":9,"enemies":"3 Byrds","floor":19,"turns":7},{"damage":2,"enemies":"3 Cultists","floor":20,"turns":6},{"damage":4,"enemies":"Sentry and Sphere","floor":21,"turns":7},{"damage":6,"enemies":"Snecko","floor":22,"turns":8},{"damage":22,"enemies":"Book of Stabbing","floor":23,"turns":7},{"damage":14,"enemies":"Snake Plant","floor":25,"turns":6},{"damage":12,"enemies":"Centurion and Healer","floor":27,"turns":7},{"damage":2,"enemies":"Slavers","floor":28,"turns":6},{"damage":10,"enemies":"Sentry and Sphere","floor":30,"turns":5},{"damage":8,"enemies":"Collector","floor":33,"turns":11},{"damage":19,"enemies":"3 Darklings","floor":35,"turns":10},{"damage":27,"enemies":"3 Shapes","floor":36,"turns":5},{"damage":19,"enemies":"Maw","floor":38,"turns":6},{"damage":6,"enemies":"4 Shapes","floor":42,"turns":5},{"damage":21,"enemies":"3 Darklings","floor":45,"turns":10},{"damage":38,"enemies":"Giant Head","floor":47,"turns":17},{"damage":69,"enemies":"Awakened One","floor":50,"turns":25}],"seed_played":"2262310876125439056","potions_obtained":[{"floor":3,"key":"SkillPotion"},{"floor":5,"key":"SteroidPotion"},{"floor":7,"key":"Poison Potion"},{"floor":11,"key":"AttackPotion"},{"floor":19,"key":"Explosive Potion"},{"floor":21,"key":"SkillPotion"},{"floor":27,"key":"AttackPotion"},{"floor":28,"key":"AttackPotion"},{"floor":33,"key":"Energy Potion"},{"floor":36,"key":"Ancient Potion"},{"floor":38,"key":"FearPotion"},{"floor":42,"key":"Weak Potion"},{"floor":47,"key":"BloodPotion"}],"is_trial":false,"path_per_floor":["M","M","M","M","M","R","E","$","T","R","M","?","T","M","R","B",null,"M","M","M","M","M","E","R","M","T","M","E","?","M","$","R","B",null,"M","M","$","M","?","?","R","M","T","T","M","?","E","$","R","B"],"character_chosen":"IRONCLAD","items_purchased":["Apotheosis","Feel No Pain+1","TheAbacus","Potion Belt"],"campfire_rested":4,"item_purchase_floors":[8,31,31,37],"current_hp_per_floor":[80,80,80,66,60,60,26,26,26,50,43,32,32,38,38,25,80,74,71,75,77,77,61,80,72,72,66,70,70,66,66,80,78,80,67,46,46,33,33,53,53,53,53,53,38,80,48,48,72,17],"gold":44,"neow_bonus":"THREE_CARDS","is_prod":false,"is_daily":false,"chose_seed":false,"campfire_upgraded":3,"win_rate":0,"timestamp":1539362963,"path_taken":["M","M","M","M","M","R","E","$","T","R","M","?","?","M","R","BOSS","M","M","M","M","M","E","R","M","T","M","E","?","M","$","R","BOSS","M","M","$","M","?","?","R","M","T","?","M","?","E","?","R","BOSS"],"build_version":"2018-10-11","purchased_purges":3,"victory":true,"max_hp_per_floor":[80,80,80,80,80,80,80,80,80,80,80,80,80,80,80,80,80,80,80,80,80,80,80,80,80,80,80,80,80,80,80,80,80,80,80,80,80,80,80,80,80,80,80,80,80,80,80,80,80,80],"card_choices":[{"not_picked":["Clash","Clothesline"],"picked":"Rampage","floor":0},{"not_picked":["Flex","Second Wind","Clash"],"picked":"SKIP","floor":1},{"not_picked":["Dropkick","Perfected Strike"],"picked":"True Grit","floor":2},{"not_picked":["Clash","Infernal Blade"],"picked":"Body Slam","floor":3},{"not_picked":["Pummel","Warcry"],"picked":"Ghostly Armor","floor":4},{"not_picked":["Body Slam","Burning Pact"],"picked":"Shrug It Off","floor":5},{"not_picked":["Iron Wave","Exhume","Pommel Strike"],"picked":"SKIP","floor":7},{"not_picked":["Dropkick","Pummel","Burning Pact"],"picked":"SKIP","floor":11},{"not_picked":["Anger","Infernal Blade","Rage"],"picked":"SKIP","floor":14},{"not_picked":["Anger","Burning Pact+1","Warcry+1"],"picked":"SKIP","floor":18},{"not_picked":["Anger","Clothesline","Dropkick"],"picked":"SKIP","floor":19},{"not_picked":["Perfected Strike","Blood for Blood"],"picked":"Shrug It Off","floor":20},{"not_picked":["Sword Boomerang","Havoc+1"],"picked":"Entrench","floor":21},{"not_picked":["Clothesline+1","Dropkick","Armaments"],"picked":"SKIP","floor":22},{"not_picked":["Armaments","Wild Strike"],"picked":"Shrug It Off+1","floor":23},{"not_picked":["Havoc","True Grit"],"picked":"Body Slam+1","floor":25},{"not_picked":["Pummel+1","Iron Wave"],"picked":"Entrench","floor":27},{"not_picked":["Rampage+1","Juggernaut+1","Ghostly Armor+1"],"picked":"SKIP","floor":28},{"not_picked":["Corruption+1","Armaments+1","True Grit"],"picked":"SKIP","floor":30},{"not_picked":["Immolate","Reaper"],"picked":"Barricade+1","floor":33},{"not_picked":["Clothesline+1","Power Through","Dropkick+1"],"picked":"SKIP","floor":35},{"not_picked":["Pommel Strike+1","Feel No Pain+1"],"picked":"True Grit","floor":36},{"not_picked":["Intimidate","Warcry+1","Pommel Strike"],"picked":"SKIP","floor":38},{"not_picked":["Cleave+1","Heavy Blade+1"],"picked":"Juggernaut+1","floor":42},{"not_picked":["Cleave+1","Thunderclap+1","Rampage+1"],"picked":"SKIP","floor":45},{"not_picked":["Flex+1","Carnage"],"picked":"True Grit+1","floor":47}],"player_experience":237059,"relics_obtained":[{"floor":7,"key":"Red Skull"},{"floor":9,"key":"Pen Nib"},{"floor":13,"key":"War Paint"},{"floor":23,"key":"Frozen Egg 2"},{"floor":26,"key":"Bag of Marbles"},{"floor":28,"key":"Centennial Puzzle"},{"floor":43,"key":"Boot"},{"floor":44,"key":"Matryoshka"},{"floor":47,"key":"MawBank"}],"event_choices":[{"event_name":"World of Goop","player_choice":"Gather Gold","floor":12,"damage_taken":0},{"event_name":"The Library","player_choice":"Read","floor":29,"damage_taken":0},{"event_name":"Tomb of Lord Red Mask","player_choice":"Paid","floor":39,"damage_taken":0},{"event_name":"Winding Halls","player_choice":"Writhe","floor":40,"damage_taken":0},{"event_name":"MindBloom","player_choice":"Heal","floor":46,"damage_taken":0}],"is_beta":false,"boss_relics":[{"not_picked":["Pandora\u0027s Box","Philosopher\u0027s Stone"],"picked":"Cursed Key"},{"not_picked":["Lizard Tail","Eternal Feather"],"picked":"Runic Pyramid"}],"items_purged_floors":[31,37,48],"is_endless":false,"potions_floor_spawned":[3,5,7,11,19,21,27,28,33,36,38,42,47],"ascension_level":0}