{"gold_per_floor":[10,110,123,140,159,194,40,40,40,54,84,97,110,121,121,218,218,143,153,6,6,31,43,68,80,115,42,54,76,88,100],"floor_reached":31,"playtime":5098,"items_purged":["Defend_B+1"],"score":249,"play_id":"e7a17eb8-3510-4d80-b433-9bdd10593e1c","local_time":"20190805213300","is_ascension_mode":false,"campfire_choices":[{"floor":8.0,"key":"REST"},{"floor":15,"key":"REST"},{"floor":23,"key":"REST"},{"floor":25,"key":"REST"}],"neow_cost":"NO_GOLD","seed_source_timestamp":0,"circlet_count":0,"master_deck":["Strike_B","Strike_B","Strike_B","Strike_B","Defend_B","Defend_B","Defend_B+1","Zap","Dualcast","Mayhem","Trip","Glacier","Seek","Chill","Auto Shields","Loop","Force Field","Steam Power","Hologram","Self Repair","Heatsinks","Cold Snap+1","All For One+1","Coolheaded","Ball Lightning+1","Lockon+1","Fission","Chaos","Necronomicurse","Capacitor+1"],"special_seed":0,"relics":["Cracked Core","War Paint","Regal Pillow","Molten Egg 2","Eternal Feather","MawBank","Juzu Bracelet","Ancient Tea Set","Necronomicon"],"potions_floor_usage":[11,11,16,18,29],"damage_taken":[{"damage":1.0,"enemies":"Cultist","floor":1.0,"turns":3.0},{"damage":1.0,"enemies":"Jaw Worm","floor":3.0,"turns":3.0},{"damage":11.0,"enemies":"Small Slimes","floor":4.0,"turns":3.0},{"damage":17.0,"enemies":"Exordium Wildlife","floor":5.0,"turns":4.0},{"damage":20.0,"enemies":"Gremlin Nob","floor":6.0,"turns":4.0},{"damage":6.0,"enemies":"Blue Slaver","floor":10.0,"turns":5.0},{"damage":14,"enemies":"Lagavulin","floor":11,"turns":8},{"damage":6,"enemies":"2 Fungi Beasts","floor":12,"turns":3},{"damage":0,"enemies":"Large Slime","floor":13,"turns":6},{"damage":1,"enemies":"Blue Slaver","floor":14,"turns":6},{"damage":58,"enemies":"Hexaghost","floor":16,"turns":14},{"damage":22,"enemies":"2 Thieves","floor":18,"turns":5},{"damage":13,"enemies":"Spheric Guardian","floor":19,"turns":8},{"damage":33,"enemies":"Shelled Parasite and Fungi","floor":22,"turns":7},{"damage":47,"enemies":"3 Cultists","floor":24,"turns":8},{"damage":33,"enemies":"Snake Plant","floor":29,"turns":5},{"damage":12,"enemies":"Centurion and Healer","floor":31,"turns":1}],"seed_played":"6654063881569220354","potions_obtained":[{"floor":3.0,"key":"SkillPotion"},{"floor":5.0,"key":"Poison Potion"},{"floor":10.0,"key":"SkillPotion"},{"floor":12,"key":"FearPotion"},{"floor":16,"key":"SkillPotion"},{"floor":24,"key":"LiquidBronze"}],"is_trial":false,"path_per_floor":["M","?","M","M","M","E","$","R","T","M","E","M","M","M","R","B",null,"M","M","$","?","M","R","M","R","T","?","?","M","?","M"],"character_chosen":"DEFECT","items_purchased":["Loop","Force Field","Lockon+1"],"campfire_rested":4,"item_purchase_floors":[7,7,20],"current_hp_per_floor":[74,74,73,62,45,25,25,47,47,41,27,21,28,34,71,20,75,60,54,54,54,28,75,35,75,75,75,59,26,12,0],"gold":100,"neow_bonus":"RANDOM_COLORLESS_2","is_prod":false,"is_daily":false,"chose_seed":false,"campfire_upgraded":0,"win_rate":0.0,"timestamp":1565058780,"path_taken":["M","?","M","M","M","E","?","R","T","M","E","M","M","M","R","BOSS","M","M","$","?","M","R","M","R","T","?","?","M","?","M"],"build_version":"2019-07-05","purchased_purges":1,"victory":false,"max_hp_per_floor":[75,75,75,75,75,75,75,75,75,75,75,75,75,75,75,75,75,75,75,75,75,75,75,75,75,75,75,75,75,80,80],"card_choices":[{"not_picked":["Compile Driver","Rebound"],"picked":"Sweeping Beam","floor":1.0},{"not_picked":["Storm","Rebound"],"picked":"Glacier","floor":3.0},{"not_picked":["Stack","Reprogram"],"picked":"Seek","floor":4.0},{"not_picked":["Beam Cell","Genetic Algorithm"],"picked":"Chill","floor":5.0},{"not_picked":["Steam","Double Energy"],"picked":"Auto Shields","floor":6.0},{"not_picked":["Stack","Double Energy"],"picked":"Steam Power","floor":10.0},{"not_picked":["Sweeping Beam","Barrage"],"picked":"Hologram","floor":11},{"not_picked":["Coolheaded","Streamline+1"],"picked":"Self Repair","floor":12},{"not_picked":["Scrape+1","Compile Driver+1"],"picked":"Heatsinks","floor":13},{"not_picked":["Doom and Gloom+1","Gash+1"],"picked":"Cold Snap+1","floor":14},{"not_picked":["Amplify","Electrodynamics"],"picked":"All For One+1","floor":16},{"not_picked":["Compile Driver+1","Tempest"],"picked":"Coolheaded","floor":18},{"not_picked":["Rip and Tear+1","Cold Snap+1"],"picked":"Ball Lightning+1","floor":19},{"not_picked":["Beam Cell+1","Coolheaded"],"picked":"Fission","floor":22},{"not_picked":["Streamline+1","Coolheaded"],"picked":"Chaos","floor":24},{"not_picked":["Coolheaded","Barrage+1"],"picked":"Capacitor+1","floor":29}],"player_experience":107869,"relics_obtained":[{"floor":6.0,"key":"War Paint"},{"floor":9.0,"key":"Regal Pillow"},{"floor":11,"key":"Molten Egg 2"},{"floor":26,"key":"Juzu Bracelet"},{"floor":28,"key":"Necronomicon"}],"event_choices":[{"damage_healed":0.0,"max_hp_gain":0.0,"max_hp_loss":0.0,"gold_gain":100.0,"event_name":"Golden Shrine","player_choice":"Pray","floor":2.0,"gold_loss":0.0,"damage_taken":0.0},{"cards_removed":["Sweeping Beam"],"damage_healed":0,"gold_gain":0,"player_choice":"Gave Card","damage_taken":0,"relics_obtained":["MawBank"],"max_hp_gain":0,"max_hp_loss":0,"event_name":"WeMeetAgain","floor":21,"gold_loss":0},{"damage_healed":0,"gold_gain":0,"player_choice":"Obtained Relic","damage_taken":0,"relics_obtained":["Ancient Tea Set"],"max_hp_gain":0,"max_hp_loss":0,"event_name":"Addict","floor":27,"gold_loss":85},{"damage_healed":0,"gold_gain":0,"player_choice":"Obtained Book","damage_taken":16,"max_hp_gain":0,"max_hp_loss":0,"event_name":"Cursed Tome","floor":28,"gold_loss":0},{"damage_healed":0,"gold_gain":0,"player_choice":"Shed Blood","damage_taken":19,"max_hp_gain":5,"max_hp_loss":0,"event_name":"Forgotten Altar","floor":30,"gold_loss":0}],"is_beta":false,"boss_relics":[{"not_picked":["Busted Crown","Black Star"],"picked":"Eternal Feather"}],"items_purged_floors":[20],"is_endless":false,"potions_floor_spawned":[3,5,10,12,16,24],"killed_by":"Centurion and Healer","ascension_level":0}