{"gold_per_floor":[111,121,121,121,121,121,121,6,82,97,110,110,110,128,128,233,233,246,346,246,121,131,146,146,146,146,180,195,222,222],"floor_reached":30,"playtime":803,"items_purged":["Strike_R","Strike_R","Defend_R"],"score":238,"play_id":"8f447737-3873-43cc-9a8a-3a866ae26243","local_time":"20190927215613","is_ascension_mode":false,"campfire_choices":[{"data":"Cleave","floor":6.0,"key":"SMITH"},{"data":"Bash","floor":15.0,"key":"SMITH"},{"data":"Dropkick","floor":24.0,"key":"SMITH"}],"neow_cost":"NONE","seed_source_timestamp":1150011495116400,"circlet_count":0,"master_deck":["Strike_R+1","Strike_R+1","Defend_R","Defend_R","Defend_R","Bash+1","Cleave+1","Infernal Blade+1","Dropkick+1"],"special_seed":0,"relics":["SacredBark"],"potions_floor_usage":[27,28,30],"damage_taken":[{"damage":2.0,"enemies":"Small Slimes","floor":1.0,"turns":4.0},{"damage":0.0,"enemies":"2 Louse","floor":2.0,"turns":2.0},{"damage":1.0,"enemies":"Cultist","floor":10.0,"turns":3.0},{"damage":11.0,"enemies":"Lots of Slimes","floor":11.0,"turns":3.0},{"damage":8.0,"enemies":"Red Slaver","floor":14.0,"turns":3.0},{"damage":73.0,"enemies":"The Guardian","floor":16.0,"turns":16.0},{"damage":12.0,"enemies":"3 Byrds","floor":18.0,"turns":4.0},{"damage":15.0,"enemies":"Chosen","floor":22.0,"turns":4.0},{"damage":0.0,"enemies":"Centurion and Healer","floor":23.0,"turns":3.0},{"damage":27,"enemies":"Gremlin Leader","floor":27,"turns":4},{"damage":27,"enemies":"Snake Plant","floor":28,"turns":4},{"damage":15,"enemies":"Colosseum Slavers","floor":30,"turns":1}],"seed_played":"5440494732636316516","potions_obtained":[{"floor":2.0,"key":"FairyPotion"},{"floor":10.0,"key":"Swift Potion"},{"floor":16.0,"key":"Dexterity Potion"},{"floor":18.0,"key":"Strength Potion"},{"floor":22.0,"key":"AttackPotion"},{"floor":27,"key":"Energy Potion"}],"is_trial":false,"path_per_floor":["M","M","?","?","?","R","?","$","T","M","M","?","?","M","R","B",null,"M","?","$","$","M","M","R","$","T","E","M","T","?"],"character_chosen":"IRONCLAD","items_purchased":["Dropkick"],"campfire_rested":0,"item_purchase_floors":[8],"current_hp_per_floor":[78,78,71,71,71,71,76,76,76,75,64,47,47,39,39,20,85,73,73,73,73,58,58,58,58,58,31,4,4,0],"gold":222,"neow_bonus":"BOSS_RELIC","is_prod":false,"is_daily":false,"chose_seed":false,"campfire_upgraded":3,"win_rate":0,"timestamp":1569614173,"path_taken":["M","M","?","?","?","R","?","?","T","M","M","?","?","M","R","BOSS","M","?","?","$","M","M","R","$","T","E","?","?","?"],"build_version":"2019-09-27","purchased_purges":3,"victory":false,"max_hp_per_floor":[80,80,80,80,80,80,85,85,85,85,85,85,85,85,85,85,85,85,85,85,85,85,85,85,85,85,85,85,85,85],"card_choices":[{"not_picked":["Thunderclap","Spot Weakness"],"picked":"Cleave","floor":1.0},{"not_picked":["Carnage","Cleave"],"picked":"Infernal Blade","floor":2.0},{"not_picked":["Rupture","Intimidate","Clash"],"picked":"SKIP","floor":10.0},{"not_picked":["Searing Blow","Feel No Pain","Fiend Fire"],"picked":"SKIP","floor":11.0},{"not_picked":["Carnage","Twin Strike","Perfected Strike"],"picked":"SKIP","floor":14.0},{"not_picked":["Thunderclap+1","Iron Wave","Clothesline+1"],"picked":"SKIP","floor":18.0},{"not_picked":["Heavy Blade","Cleave+1","Evolve+1"],"picked":"SKIP","floor":22.0},{"not_picked":["Whirlwind","Iron Wave","Clash"],"picked":"SKIP","floor":23.0},{"not_picked":["Battle Trance+1","Reckless Charge","Clothesline"],"picked":"SKIP","floor":27},{"not_picked":["Clothesline","Wild Strike","Burning Pact+1"],"picked":"SKIP","floor":28}],"player_experience":311437,"relics_obtained":[],"event_choices":[{"cards_removed":["Strike_R"],"damage_healed":0.0,"max_hp_gain":0.0,"max_hp_loss":0.0,"gold_gain":0.0,"event_name":"Golden Wing","player_choice":"Card Removal","floor":3.0,"gold_loss":0.0,"damage_taken":7.0},{"damage_healed":0.0,"max_hp_gain":0.0,"max_hp_loss":0.0,"gold_gain":0.0,"event_name":"Living Wall","player_choice":"Grow","floor":4.0,"gold_loss":0.0,"damage_taken":0.0,"cards_upgraded":["Infernal Blade"]},{"damage_healed":0.0,"max_hp_gain":0.0,"max_hp_loss":0.0,"gold_gain":0.0,"event_name":"Golden Idol","player_choice":"Ignored","floor":5.0,"gold_loss":0.0,"damage_taken":0.0},{"damage_healed":0.0,"max_hp_gain":5.0,"max_hp_loss":0.0,"gold_gain":0.0,"event_name":"Big Fish","player_choice":"Donut","floor":7.0,"gold_loss":0.0,"damage_taken":0.0},{"damage_healed":0.0,"max_hp_gain":0.0,"max_hp_loss":0.0,"gold_gain":0.0,"event_name":"Shining Light","player_choice":"Entered Light","floor":12.0,"gold_loss":0.0,"damage_taken":17.0,"cards_upgraded":["Strike_R","Strike_R"]},{"damage_healed":0.0,"max_hp_gain":0.0,"max_hp_loss":0.0,"gold_gain":0.0,"event_name":"Scrap Ooze","player_choice":"Fled","floor":13.0,"gold_loss":0.0,"damage_taken":0.0},{"damage_healed":0.0,"max_hp_gain":0.0,"max_hp_loss":0.0,"gold_gain":100.0,"event_name":"Golden Shrine","player_choice":"Pray","floor":19.0,"gold_loss":0.0,"damage_taken":0.0},{"damage_healed":0,"gold_gain":0,"player_choice":"Fight","damage_taken":0,"max_hp_gain":0,"max_hp_loss":0,"event_name":"Colosseum","floor":30,"gold_loss":0}],"is_beta":true,"boss_relics":[{"not_picked":["Busted Crown","Pandora\u0027s Box","Runic Cube"]}],"items_purged_floors":[8,20,21],"is_endless":false,"potions_floor_spawned":[2,10,16,18,22,27],"killed_by":"Colosseum Slavers","ascension_level":0}