{"gold_per_floor":[113,38,57,74,88,88,117,117,142,142,142,215,235,259,259,380,380,405,320,344,269,469,469,484,484,484,484,504,522,560,585,585,585],"floor_reached":33,"playtime":1252,"items_purged":["Strike_R"],"score":294,"play_id":"84e0723a-3569-4483-b422-1cc842859792","local_time":"20190324130042","daily_mods":["Specialized","ControlledChaos","Terminal"],"is_ascension_mode":false,"campfire_choices":[{"data":"Bash","floor":6,"key":"SMITH"},{"data":"Sword Boomerang","floor":8,"key":"SMITH"},{"data":"Rampage","floor":11,"key":"SMITH"},{"floor":15,"key":"REST"},{"data":"Immolate","floor":23,"key":"SMITH"},{"data":"Seeing Red","floor":25,"key":"SMITH"},{"data":"Carnage","floor":27,"key":"SMITH"},{"data":"Sever Soul","floor":32,"key":"SMITH"}],"neow_cost":"","seed_source_timestamp":0,"circlet_count":0,"master_deck":["Strike_R","Strike_R","Strike_R","Strike_R","Defend_R","Defend_R","Defend_R","Bash+1","Double Tap","Double Tap","Double Tap","Double Tap","Double Tap","Seeing Red+1","Pommel Strike","Sword Boomerang+1","Rampage+1","Sever Soul+1","Rupture","Carnage+1","Immolate+1","Cleave","Seeing Red","Flex+1"],"relics":["Burning Blood","Frozen Eye","Happy Flower","Orichalcum","Golden Idol","Strawberry","Coffee Dripper","Lantern","Darkstone Periapt","Potion Belt"],"potions_floor_usage":[7,29,30,30],"damage_taken":[{"damage":1,"enemies":"Cultist","floor":1,"turns":4},{"damage":1,"enemies":"2 Louse","floor":3,"turns":3},{"damage":0,"enemies":"Small Slimes","floor":4,"turns":3},{"damage":9,"enemies":"3 Louse","floor":5,"turns":5},{"damage":13,"enemies":"3 Sentries","floor":7,"turns":9},{"damage":19,"enemies":"Lagavulin Event","floor":12,"turns":6},{"damage":0,"enemies":"Looter","floor":13,"turns":3},{"damage":12,"enemies":"Gremlin Gang","floor":14,"turns":5},{"damage":5,"enemies":"Slime Boss","floor":16,"turns":6},{"damage":4,"enemies":"Shell Parasite","floor":18,"turns":3},{"damage":0,"enemies":"Chosen","floor":20,"turns":3},{"damage":8,"enemies":"3 Cultists","floor":24,"turns":4},{"damage":0,"enemies":"Centurion and Healer","floor":28,"turns":3},{"damage":10,"enemies":"Snake Plant","floor":29,"turns":3},{"damage":18,"enemies":"Book of Stabbing","floor":30,"turns":4},{"damage":9,"enemies":"Sentry and Sphere","floor":31,"turns":4},{"damage":42,"enemies":"Champ","floor":33,"turns":6}],"seed_played":"-3706919749713049786","potions_obtained":[{"floor":3,"key":"BloodPotion"},{"floor":13,"key":"Swift Potion"},{"floor":16,"key":"Swift Potion"},{"floor":18,"key":"PowerPotion"},{"floor":28,"key":"AttackPotion"}],"is_trial":true,"path_per_floor":["M","$","M","M","M","R","E","R","T","?","R","?","M","M","R","B",null,"M","?","M","?","?","R","M","R","T","R","M","M","E","M","R","B"],"character_chosen":"IRONCLAD","items_purchased":[],"campfire_rested":1,"item_purchase_floors":[],"current_hp_per_floor":[78,77,76,75,72,72,72,71,70,53,53,47,53,47,68,69,69,68,67,66,65,64,63,61,61,60,59,58,54,42,39,39,0],"gold":585,"neow_bonus":"","is_prod":false,"is_daily":false,"chose_seed":false,"campfire_upgraded":7,"win_rate":0,"timestamp":1553446842,"path_taken":["M","$","M","M","M","R","E","R","T","?","R","?","M","M","R","BOSS","M","?","M","?","?","R","M","R","T","R","?","M","E","M","R","BOSS"],"build_version":"2019-01-23","purchased_purges":1,"victory":false,"max_hp_per_floor":[78,77,76,75,74,73,72,71,70,69,68,74,73,72,71,70,69,68,67,66,65,64,63,62,61,60,59,58,57,56,55,54,54],"card_choices":[{"not_picked":["Twin Strike","Burning Pact","Dropkick"],"picked":"SKIP","floor":1},{"not_picked":["Perfected Strike","Rage"],"picked":"Seeing Red","floor":3},{"not_picked":["Thunderclap","Flex"],"picked":"Pommel Strike","floor":4},{"not_picked":["Heavy Blade","Clothesline"],"picked":"Sword Boomerang","floor":5},{"not_picked":["Anger","Impervious"],"picked":"Rampage","floor":7},{"not_picked":["Twin Strike","Heavy Blade"],"picked":"Sever Soul","floor":12},{"not_picked":["Heavy Blade","Clothesline"],"picked":"Rupture","floor":13},{"not_picked":["Blood for Blood","Sentinel"],"picked":"Carnage","floor":14},{"not_picked":["Impervious","Juggernaut"],"picked":"Immolate","floor":16},{"not_picked":["True Grit","Warcry"],"picked":"Cleave","floor":18},{"not_picked":["Bloodletting","Battle Trance"],"picked":"Seeing Red","floor":20},{"not_picked":["Headbutt+1","Iron Wave","Sword Boomerang"],"picked":"SKIP","floor":24},{"not_picked":["Sever Soul","Anger+1"],"picked":"Flex+1","floor":28},{"not_picked":["Armaments+1","True Grit","Iron Wave"],"picked":"SKIP","floor":29},{"not_picked":["Reaper","Combust","Armaments+1"],"picked":"SKIP","floor":30},{"not_picked":["True Grit+1","Twin Strike","Headbutt+1"],"picked":"SKIP","floor":31}],"player_experience":287492,"relics_obtained":[{"floor":7,"key":"Happy Flower"},{"floor":9,"key":"Orichalcum"},{"floor":12,"key":"Strawberry"},{"floor":26,"key":"Darkstone Periapt"},{"floor":30,"key":"Potion Belt"}],"event_choices":[{"damage_healed":0,"gold_gain":0,"player_choice":"Take Damage","damage_taken":17,"relics_obtained":["Golden Idol"],"max_hp_gain":0,"max_hp_loss":0,"event_name":"Golden Idol","floor":10,"gold_loss":0},{"damage_healed":0,"gold_gain":30,"player_choice":"Searched \u00273\u0027 times","damage_taken":0,"max_hp_gain":0,"max_hp_loss":0,"event_name":"Dead Adventurer","floor":12,"gold_loss":0},{"damage_healed":0,"gold_gain":0,"player_choice":"Obtained Relic","damage_taken":0,"relics_obtained":["Lantern"],"max_hp_gain":0,"max_hp_loss":0,"event_name":"Addict","floor":19,"gold_loss":85},{"cards_removed":["Defend_R"],"damage_healed":0,"gold_gain":0,"player_choice":"Gave Gold","damage_taken":0,"max_hp_gain":0,"max_hp_loss":0,"event_name":"Beggar","floor":21,"gold_loss":75},{"damage_healed":0,"gold_gain":250,"player_choice":"Bet on Owner","damage_taken":0,"max_hp_gain":0,"max_hp_loss":0,"event_name":"The Joust","floor":22,"gold_loss":50}],"is_beta":false,"boss_relics":[{"not_picked":["Lizard Tail","Calling Bell"],"picked":"Coffee Dripper"}],"items_purged_floors":[2],"is_endless":false,"potions_floor_spawned":[3,13,16,18,28],"killed_by":"Champ","ascension_level":0}