{"gold_per_floor":[114,129,149,149,167,192,192,225,295,305,305,316,327,327,327,327],"floor_reached":16,"playtime":10281,"items_purged":[],"score":120,"play_id":"780841af-f2e0-479e-8a15-1e88b0b35b3e","local_time":"20190826205413","is_ascension_mode":true,"campfire_choices":[{"floor":7.0,"key":"REST"},{"floor":11.0,"key":"REST"},{"data":"Well Laid Plans","floor":15,"key":"SMITH"}],"neow_cost":"NONE","seed_source_timestamp":0,"circlet_count":0,"master_deck":["Strike_G","Strike_G","Strike_G","Strike_G","Strike_G","Defend_G","Defend_G","Defend_G","Defend_G","Defend_G","Survivor","Neutralize","Prepared","Underhanded Strike","Footwork","Sucker Punch","Well Laid Plans+1","All Out Attack","Slice","Deflect","Calculated Gamble","Bane"],"special_seed":0,"relics":["Ring of the Snake","Kunai","The Specimen","Dodecahedron"],"potions_floor_usage":[],"damage_taken":[{"damage":0.0,"enemies":"Small Slimes","floor":1.0,"turns":3.0},{"damage":0.0,"enemies":"Cultist","floor":2.0,"turns":4.0},{"damage":0.0,"enemies":"Jaw Worm","floor":3.0,"turns":3.0},{"damage":0.0,"enemies":"Blue Slaver","floor":5.0,"turns":4.0},{"damage":25.0,"enemies":"Lagavulin","floor":6.0,"turns":11.0},{"damage":31.0,"enemies":"Gremlin Nob","floor":8.0,"turns":5.0},{"damage":5.0,"enemies":"3 Louse","floor":10.0,"turns":3.0},{"damage":12.0,"enemies":"Red Slaver","floor":12.0,"turns":5.0},{"damage":12.0,"enemies":"Gremlin Gang","floor":13.0,"turns":4.0},{"damage":59,"enemies":"Slime Boss","floor":16,"turns":15}],"seed_played":"-7933563507990290939","potions_obtained":[{"floor":3.0,"key":"FairyPotion"},{"floor":4.0,"key":"Energy Potion"},{"floor":4.0,"key":"LiquidBronze"},{"floor":5.0,"key":"LiquidBronze"},{"floor":10.0,"key":"Poison Potion"}],"is_trial":false,"path_per_floor":["M","M","M","?","M","E","R","E","T","M","R","M","M","?","R","B"],"character_chosen":"THE_SILENT","items_purchased":[],"campfire_rested":2,"item_purchase_floors":[],"current_hp_per_floor":[70,70,70,70,70,45,66,35,35,30,51,39,27,50,50,0],"gold":327,"neow_bonus":"THREE_CARDS","is_prod":false,"is_daily":false,"chose_seed":false,"campfire_upgraded":1,"win_rate":0,"timestamp":1566870853,"path_taken":["M","M","M","?","M","E","R","E","T","M","R","M","?","?","R","BOSS"],"build_version":"2019-08-23","purchased_purges":0,"victory":false,"max_hp_per_floor":[70,70,70,70,70,70,70,70,70,70,70,70,70,70,70,70],"card_choices":[{"not_picked":["Blade Dance","Slice"],"picked":"Prepared","floor":0.0},{"not_picked":["Distraction","Prepared"],"picked":"Underhanded Strike","floor":1.0},{"not_picked":["Slice","Poisoned Stab"],"picked":"Footwork","floor":2.0},{"not_picked":["Outmaneuver","Bane"],"picked":"Sucker Punch","floor":3.0},{"not_picked":["Dagger Throw","Choke"],"picked":"Well Laid Plans","floor":5.0},{"not_picked":["Backflip","PiercingWail"],"picked":"All Out Attack","floor":6.0},{"not_picked":["All Out Attack","Underhanded Strike"],"picked":"Slice","floor":8.0},{"not_picked":["PiercingWail","Deadly Poison"],"picked":"Deflect","floor":10.0},{"not_picked":["Deadly Poison","Outmaneuver"],"picked":"Calculated Gamble","floor":12.0},{"not_picked":["Flechettes","Phantasmal Killer"],"picked":"Bane","floor":13}],"player_experience":459099,"relics_obtained":[{"floor":6.0,"key":"Kunai"},{"floor":8.0,"key":"The Specimen"},{"floor":9.0,"key":"Dodecahedron"}],"event_choices":[{"damage_healed":0.0,"max_hp_gain":0.0,"max_hp_loss":0.0,"gold_gain":0.0,"event_name":"Lab","player_choice":"Got Potions","floor":4.0,"gold_loss":0.0,"damage_taken":0.0},{"damage_healed":23,"gold_gain":0,"player_choice":"Banana","damage_taken":0,"max_hp_gain":0,"max_hp_loss":0,"event_name":"Big Fish","floor":14,"gold_loss":0}],"is_beta":true,"boss_relics":[],"items_purged_floors":[],"is_endless":false,"potions_floor_spawned":[3,5,10],"killed_by":"Slime Boss","ascension_level":1}