{"gold_per_floor":[112,124,137,147,147,174,17,17,40,68,30,30,42,68,68,146,146,158,158,158,176,192,192,208,220,220,220,220,220,232,232,232,306,306,325,342,69,82,82],"floor_reached":39,"playtime":2157,"items_purged":["Strike_G"],"score":837,"play_id":"55ff9f88-49df-4c9c-b9be-73fd8d3c884e","local_time":"20190928081926","is_ascension_mode":true,"campfire_choices":[{"floor":8.0,"key":"REST"},{"floor":12.0,"key":"REST"},{"data":"Footwork","floor":15.0,"key":"SMITH"},{"floor":23.0,"key":"REST"},{"floor":28,"key":"REST"},{"floor":32,"key":"REST"}],"neow_cost":"NONE","seed_source_timestamp":1334217582106600,"circlet_count":0,"master_deck":["AscendersBane","Strike_G","Strike_G","Strike_G","Strike_G","Defend_G","Defend_G","Defend_G+1","Defend_G","Defend_G","Survivor","Neutralize+1","Dash","Leg Sweep","Calculated Gamble+1","Noxious Fumes","Blur","Corpse Explosion","Footwork+1","Quick Slash","Noxious Fumes","Glass Knife","Deadly Poison","Backstab","Bouncing Flask","Backflip","Envenom","Cloak And Dagger+1","PiercingWail+1","Poisoned Stab","Backflip+1"],"special_seed":0,"relics":["SacredBark","War Paint","Snake Skull","Art of War","Toy Ornithopter","InkBottle","Runic Dome","Mummified Hand","Pear","Omamori","Fusion Hammer","Oddly Smooth Stone"],"potions_floor_usage":[38],"damage_taken":[{"damage":4.0,"enemies":"Cultist","floor":1.0,"turns":5.0},{"damage":6.0,"enemies":"Small Slimes","floor":2.0,"turns":5.0},{"damage":0.0,"enemies":"Jaw Worm","floor":3.0,"turns":6.0},{"damage":0.0,"enemies":"Red Slaver","floor":4.0,"turns":5.0},{"damage":26.0,"enemies":"Lagavulin","floor":6.0,"turns":10.0},{"damage":30.0,"enemies":"Gremlin Nob","floor":10.0,"turns":6.0},{"damage":6.0,"enemies":"Looter","floor":13.0,"turns":4.0},{"damage":0.0,"enemies":"3 Sentries","floor":14.0,"turns":3.0},{"damage":0.0,"enemies":"Hexaghost","floor":16.0,"turns":8.0},{"damage":7.0,"enemies":"Shell Parasite","floor":18.0,"turns":8.0},{"damage":0.0,"enemies":"3 Byrds","floor":21.0,"turns":3.0},{"damage":40.0,"enemies":"Shelled Parasite and Fungi","floor":22.0,"turns":5.0},{"damage":5.0,"enemies":"Centurion and Healer","floor":24.0,"turns":6.0},{"damage":12,"enemies":"Snecko","floor":25,"turns":6},{"damage":0,"enemies":"Cultist and Chosen","floor":30,"turns":4},{"damage":32,"enemies":"Automaton","floor":33,"turns":11},{"damage":26,"enemies":"3 Darklings","floor":35,"turns":2},{"damage":11,"enemies":"3 Shapes","floor":36,"turns":3},{"damage":23,"enemies":"Sphere and 2 Shapes","floor":38,"turns":5},{"damage":20,"enemies":"Jaw Worm Horde","floor":39,"turns":1}],"seed_played":"-4740916921390072394","potions_obtained":[{"floor":2.0,"key":"Weak Potion"},{"floor":3.0,"key":"Swift Potion"},{"floor":4.0,"key":"LiquidBronze"},{"floor":10.0,"key":"Explosive Potion"},{"floor":20.0,"key":"CunningPotion"},{"floor":20.0,"key":"SteroidPotion"}],"is_trial":false,"path_per_floor":["M","M","M","M","?","E","$","R","T","E","$","R","M","E","R","B",null,"M","T","?","M","M","R","M","M","T","?","R","T","M","?","R","B",null,"M","M","$","M","M"],"character_chosen":"THE_SILENT","items_purchased":["Snake Skull","Footwork","Oddly Smooth Stone","Poisoned Stab"],"campfire_rested":5,"item_purchase_floors":[7,11,37,37],"current_hp_per_floor":[55,49,49,49,49,23,23,42,42,12,12,31,25,30,30,35,58,51,51,51,51,11,30,25,13,23,23,45,45,45,45,67,35,66,40,29,29,11,0],"gold":82,"neow_bonus":"BOSS_RELIC","is_prod":false,"is_daily":false,"chose_seed":false,"campfire_upgraded":1,"win_rate":0,"timestamp":1569683966,"path_taken":["M","?","M","?","?","E","$","R","T","E","?","R","?","E","R","BOSS","M","?","?","M","M","R","M","?","T","?","R","?","M","?","R","BOSS","M","M","$","M","M"],"build_version":"2019-09-27","purchased_purges":1,"victory":false,"max_hp_per_floor":[66,66,66,66,66,66,66,66,66,66,66,66,66,66,66,66,66,66,66,66,66,66,66,66,66,76,76,76,76,76,76,76,76,76,76,76,76,76,76],"card_choices":[{"not_picked":["Bane","Predator"],"picked":"Dash","floor":1.0},{"not_picked":["Dagger Throw","Sucker Punch"],"picked":"Leg Sweep","floor":2.0},{"not_picked":["Acrobatics","All Out Attack"],"picked":"Calculated Gamble","floor":3.0},{"not_picked":["Bane","Blur"],"picked":"Noxious Fumes","floor":4.0},{"not_picked":["Bane","Deadly Poison"],"picked":"Blur","floor":6.0},{"not_picked":["Prepared","Accuracy"],"picked":"Corpse Explosion","floor":10.0},{"not_picked":["Underhanded Strike","Distraction"],"picked":"Quick Slash","floor":13.0},{"not_picked":["Deflect","Tactician"],"picked":"Noxious Fumes","floor":14.0},{"not_picked":["Tools of the Trade","Unload"],"picked":"Glass Knife","floor":16.0},{"not_picked":["Dash","Quick Slash"],"picked":"Deadly Poison","floor":18.0},{"not_picked":["Flying Knee","Predator"],"picked":"Backstab","floor":21.0},{"not_picked":["Acrobatics","Prepared","Setup"],"picked":"SKIP","floor":22.0},{"not_picked":["Dagger Throw","Unload","Deadly Poison"],"picked":"SKIP","floor":24.0},{"not_picked":["Skewer","Flying Knee","Infinite Blades"],"picked":"SKIP","floor":25},{"not_picked":["Sucker Punch","Quick Slash"],"picked":"Backflip","floor":30},{"not_picked":["After Image","Doppelganger"],"picked":"Envenom","floor":33},{"not_picked":["Deadly Poison","Sucker Punch"],"picked":"Cloak And Dagger+1","floor":35},{"not_picked":["Outmaneuver","Finisher"],"picked":"PiercingWail+1","floor":36},{"not_picked":["Distraction+1","Flechettes"],"picked":"Backflip+1","floor":38}],"player_experience":1479195,"relics_obtained":[{"floor":6.0,"key":"War Paint"},{"floor":9.0,"key":"Art of War"},{"floor":10.0,"key":"Toy Ornithopter"},{"floor":14.0,"key":"InkBottle"},{"floor":19.0,"key":"Mummified Hand"},{"floor":26,"key":"Pear"},{"floor":29,"key":"Omamori"}],"event_choices":[{"damage_healed":0.0,"max_hp_gain":0.0,"max_hp_loss":0.0,"gold_gain":0.0,"event_name":"Living Wall","player_choice":"Grow","floor":5.0,"gold_loss":0.0,"damage_taken":0.0,"cards_upgraded":["Neutralize"]},{"damage_healed":0.0,"max_hp_gain":0.0,"max_hp_loss":0.0,"gold_gain":0.0,"event_name":"Lab","player_choice":"Got Potions","floor":20.0,"gold_loss":0.0,"damage_taken":0.0},{"damage_healed":0,"gold_gain":0,"player_choice":"Read","damage_taken":0,"max_hp_gain":0,"max_hp_loss":0,"event_name":"The Library","floor":27,"gold_loss":0,"cards_obtained":["Bouncing Flask"]},{"damage_healed":0,"gold_gain":0,"player_choice":"Ignored","damage_taken":0,"max_hp_gain":0,"max_hp_loss":0,"event_name":"Vampires","floor":31,"gold_loss":0}],"is_beta":true,"boss_relics":[{"not_picked":["Astrolabe","HoveringKite"],"picked":"Runic Dome"},{"not_picked":["Tiny House","Empty Cage"],"picked":"Fusion Hammer"}],"items_purged_floors":[37],"is_endless":false,"potions_floor_spawned":[2,3,4,10,21,30],"killed_by":"Jaw Worm Horde","ascension_level":15}