{"gold_per_floor":[119,131,131,141,111,111,146,146,146,96,109,109,180,207,207,207],"floor_reached":16,"playtime":996,"items_purged":[],"score":113,"play_id":"8711c560-9452-4480-9e42-636a6015c978","local_time":"20190816141012","is_ascension_mode":true,"campfire_choices":[{"floor":6,"key":"RECALL"},{"floor":8,"key":"REST"},{"floor":12,"key":"REST"},{"data":"Clothesline","floor":15,"key":"SMITH"}],"neow_cost":"NONE","seed_source_timestamp":168324077751200,"circlet_count":0,"master_deck":["Strike_R","Strike_R","Strike_R","Strike_R","Strike_R","Defend_R","Defend_R","Defend_R","Bash","Burning Pact","Shrug It Off","Clothesline+1","Headbutt","Uppercut","Whirlwind"],"relics":["Burning Blood","NeowsBlessing","Darkstone Periapt","Turnip","Bronze Scales"],"potions_floor_usage":[],"damage_taken":[{"damage":0,"enemies":"2 Louse","floor":1,"turns":1},{"damage":0,"enemies":"Cultist","floor":2,"turns":1},{"damage":0,"enemies":"Small Slimes","floor":4,"turns":1},{"damage":10,"enemies":"Looter","floor":5,"turns":4},{"damage":43,"enemies":"3 Sentries","floor":7,"turns":10},{"damage":17,"enemies":"Large Slime","floor":11,"turns":7},{"damage":18,"enemies":"Gremlin Nob","floor":14,"turns":4},{"damage":65,"enemies":"Hexaghost","floor":16,"turns":9}],"seed_played":"-9090718032391592060","potions_obtained":[{"floor":11,"key":"Ancient Potion"}],"is_trial":false,"path_per_floor":["M","M","?","M","M","R","E","R","T","?","M","R","?","E","R","B"],"character_chosen":"IRONCLAD","items_purchased":[],"campfire_rested":2,"item_purchase_floors":[],"current_hp_per_floor":[80,80,80,80,76,76,39,63,63,63,52,76,76,64,64,0],"gold":207,"neow_bonus":"THREE_ENEMY_KILL","is_prod":false,"is_daily":false,"chose_seed":false,"campfire_upgraded":1,"win_rate":0,"timestamp":1565982612,"path_taken":["M","M","?","?","?","R","E","R","T","?","M","R","?","E","R","BOSS"],"build_version":"2019-07-05","purchased_purges":0,"victory":false,"max_hp_per_floor":[80,80,80,80,80,80,80,80,80,80,80,80,80,80,80,80],"card_choices":[{"not_picked":["Headbutt","Sword Boomerang"],"picked":"Armaments","floor":1},{"not_picked":["Disarm","Rage"],"picked":"Burning Pact","floor":2},{"not_picked":["Dual Wield","Flex"],"picked":"Shrug It Off","floor":4},{"not_picked":["Flame Barrier","Warcry"],"picked":"Clothesline","floor":5},{"not_picked":["Twin Strike","Cleave"],"picked":"Headbutt","floor":7},{"not_picked":["Blood for Blood","Headbutt"],"picked":"Uppercut","floor":11},{"not_picked":["Second Wind","Carnage"],"picked":"Whirlwind","floor":14}],"player_experience":367513,"relics_obtained":[{"floor":7,"key":"Turnip"},{"floor":14,"key":"Bronze Scales"}],"event_choices":[{"cards_removed":["Armaments"],"damage_healed":0,"gold_gain":0,"player_choice":"Gave Card","damage_taken":0,"relics_obtained":["Darkstone Periapt"],"max_hp_gain":0,"max_hp_loss":0,"event_name":"WeMeetAgain","floor":3,"gold_loss":0},{"cards_removed":["Defend_R"],"damage_healed":0,"gold_gain":0,"player_choice":"Card Removal","damage_taken":0,"max_hp_gain":0,"max_hp_loss":0,"event_name":"The Cleric","floor":10,"gold_loss":50},{"damage_healed":0,"gold_gain":71,"player_choice":"Gained Gold","damage_taken":0,"max_hp_gain":0,"max_hp_loss":0,"event_name":"Golden Wing","floor":13,"gold_loss":0}],"is_beta":false,"boss_relics":[],"items_purged_floors":[],"is_endless":false,"potions_floor_spawned":[11],"killed_by":"Hexaghost","ascension_level":1}