{"gold_per_floor":[110,110,35,0,19,45,45,45,45,77,92,102,102,116,116,213,213,228,228,241,241],"floor_reached":21,"playtime":790,"items_purged":["Strike_R"],"score":235,"play_id":"75375df2-44a0-4338-980c-f8b4250008b2","local_time":"20181010124926","is_ascension_mode":true,"campfire_choices":[{"data":"Battle Trance","floor":7.0,"key":"SMITH"},{"data":"Double Tap","floor":13.0,"key":"SMITH"},{"floor":15.0,"key":"REST"}],"neow_cost":"NONE","seed_source_timestamp":0,"circlet_count":0,"master_deck":["Strike_R","Strike_R","Strike_R","Strike_R","Defend_R","Defend_R","Defend_R","Defend_R","Bash","Twin Strike","Battle Trance+1","Double Tap+1","Headbutt","Offering","Shrug It Off","Warcry+1","Shrug It Off+1"],"special_seed":0,"relics":["Burning Blood","NeowsBlessing","Juzu Bracelet","StoneCalendar","Letter Opener","Kunai","Orrery"],"potions_floor_usage":[21],"damage_taken":[{"damage":0.0,"enemies":"2 Louse","floor":1.0,"turns":1.0},{"damage":0.0,"enemies":"Jaw Worm","floor":5.0,"turns":1.0},{"damage":0.0,"enemies":"Gremlin Nob","floor":6.0,"turns":1.0},{"damage":19.0,"enemies":"Lagavulin","floor":10.0,"turns":5.0},{"damage":1.0,"enemies":"Cultist","floor":11.0,"turns":3.0},{"damage":2.0,"enemies":"Looter","floor":12.0,"turns":4.0},{"damage":5.0,"enemies":"2 Fungi Beasts","floor":14.0,"turns":3.0},{"damage":1.0,"enemies":"Slime Boss","floor":16.0,"turns":10.0},{"damage":12,"enemies":"3 Byrds","floor":18,"turns":7},{"damage":41,"enemies":"Spheric Guardian","floor":20,"turns":8},{"damage":40,"enemies":"Masked Bandits","floor":21,"turns":6}],"seed_played":"8183432975856167225","potions_obtained":[{"floor":5.0,"key":"Block Potion"},{"floor":12.0,"key":"PowerPotion"},{"floor":14.0,"key":"SkillPotion"},{"floor":18,"key":"Ancient Potion"}],"is_trial":false,"path_per_floor":["M","?","$","?","M","E","R","$","T","E","M","M","R","M","R","B",null,"M","?","M"],"character_chosen":"IRONCLAD","items_purchased":[],"campfire_rested":1,"item_purchase_floors":[],"current_hp_per_floor":[80,38,38,38,44,50,50,50,50,37,42,46,46,47,71,76,80,74,74,39,0],"gold":241,"neow_bonus":"THREE_ENEMY_KILL","is_prod":false,"is_daily":false,"chose_seed":false,"campfire_upgraded":2,"win_rate":0,"timestamp":1539190166,"path_taken":["M","?","$","?","M","E","R","?","T","E","M","M","R","M","R","BOSS","M","?","M","?"],"build_version":"2018-10-04v2","purchased_purges":1,"victory":false,"max_hp_per_floor":[80,80,80,80,80,80,80,80,80,80,80,80,80,80,80,80,80,80,80,80,80],"card_choices":[{"not_picked":["Perfected Strike","Anger"],"picked":"Twin Strike","floor":1.0},{"not_picked":["Feed","Cleave"],"picked":"Battle Trance","floor":5.0},{"not_picked":["Searing Blow","Headbutt"],"picked":"Double Tap","floor":6.0},{"not_picked":["Clothesline","Second Wind"],"picked":"Headbutt","floor":10.0},{"not_picked":["Clash","Battle Trance","Blood for Blood"],"picked":"SKIP","floor":11.0},{"not_picked":["Iron Wave","Dual Wield","Second Wind"],"picked":"SKIP","floor":12.0},{"not_picked":["Fire Breathing","Power Through","Iron Wave"],"picked":"SKIP","floor":14.0},{"not_picked":["Dark Embrace","Brutality"],"picked":"Offering","floor":16.0},{"not_picked":["Pommel Strike","Second Wind"],"picked":"Shrug It Off","floor":17},{"not_picked":["Rage","Armaments+1"],"picked":"Warcry+1","floor":18},{"not_picked":["Cleave","Uppercut"],"picked":"Shrug It Off+1","floor":20}],"player_experience":205930,"relics_obtained":[{"floor":6.0,"key":"StoneCalendar"},{"floor":9.0,"key":"Letter Opener"},{"floor":10.0,"key":"Kunai"}],"event_choices":[{"event_name":"Scrap Ooze","player_choice":"success","floor":2.0,"damage_taken":42.0},{"event_name":"World of Goop","player_choice":"Left","floor":4.0,"damage_taken":0.0},{"event_name":"Ghosts","player_choice":"Ignored","floor":19,"damage_taken":0},{"event_name":"Masked Bandits","player_choice":"Fought Bandits","floor":21,"damage_taken":0}],"is_beta":false,"boss_relics":[{"not_picked":["Fusion Hammer","Runic Cube"],"picked":"Orrery"}],"items_purged_floors":[3],"is_endless":false,"potions_floor_spawned":[5,12,14,18],"killed_by":"Masked Bandits","ascension_level":2}