{"gold_per_floor":[115,115,115,190,190,190,201,44,44,70,90,108,120,150,150,245,245,260,26,26,38,48,48,65,65,65,84,84,15,15,15,15,15],"floor_reached":33,"playtime":1824,"items_purged":["Defend_R","Shame"],"score":255,"play_id":"8091aee0-dc3b-4dd9-a229-fabf86808f72","local_time":"20190526122036","daily_mods":["ControlledChaos","Allstar","Night Terrors"],"is_ascension_mode":false,"campfire_choices":[{"data":"Armaments","floor":6.0,"key":"SMITH"},{"data":"Body Slam","floor":15.0,"key":"SMITH"},{"floor":23,"key":"REST"},{"data":"Metallicize","floor":30,"key":"SMITH"},{"data":"Feel No Pain","floor":32,"key":"SMITH"}],"neow_cost":"","seed_source_timestamp":0,"circlet_count":0,"master_deck":["Strike_R","Strike_R","Strike_R","Strike_R","Strike_R","Defend_R","Defend_R","Defend_R","Bash","Trip","Swift Strike","Good Instincts","Armaments+1","Sword Boomerang","Shockwave","Impervious","Evolve","Body Slam+1","Shockwave","Double Tap","Dark Embrace","Clumsy","Clumsy","Ghostly Armor+1","Metallicize+1","Deep Breath","Anger+1","Spot Weakness","Spot Weakness+1","Feel No Pain+1"],"special_seed":0,"relics":["Burning Blood","Frozen Eye","Meat on the Bone","Ginger","Letter Opener","Self Forming Clay","Potion Belt","Calling Bell","Anchor","Question Card","Champion Belt","Nilry\u0027s Codex","Paper Frog"],"potions_floor_usage":[18,28,33],"damage_taken":[{"damage":10.0,"enemies":"Small Slimes","floor":1.0,"turns":4.0},{"damage":0.0,"enemies":"2 Louse","floor":7.0,"turns":3.0},{"damage":26.0,"enemies":"Lagavulin","floor":10.0,"turns":7.0},{"damage":1.0,"enemies":"Cultist","floor":11.0,"turns":4.0},{"damage":6.0,"enemies":"Gremlin Gang","floor":12.0,"turns":4.0},{"damage":0.0,"enemies":"2 Fungi Beasts","floor":13.0,"turns":3.0},{"damage":18.0,"enemies":"3 Sentries","floor":14.0,"turns":7.0},{"damage":45.0,"enemies":"The Guardian","floor":16.0,"turns":14.0},{"damage":25,"enemies":"Chosen","floor":18,"turns":8},{"damage":11,"enemies":"3 Byrds","floor":21,"turns":7},{"damage":41,"enemies":"Shelled Parasite and Fungi","floor":22,"turns":9},{"damage":24,"enemies":"Cultist and Chosen","floor":24,"turns":5},{"damage":10,"enemies":"Snake Plant","floor":27,"turns":4},{"damage":21,"enemies":"Colosseum Slavers","floor":28,"turns":5},{"damage":48,"enemies":"Champ","floor":33,"turns":6}],"seed_played":"898323581191349394","potions_obtained":[{"floor":1.0,"key":"BloodPotion"},{"floor":7.0,"key":"Swift Potion"},{"floor":12.0,"key":"Block Potion"},{"floor":16.0,"key":"SteroidPotion"},{"floor":22,"key":"Poison Potion"},{"floor":24,"key":"Swift Potion"}],"is_trial":true,"path_per_floor":["M","?","?","?","?","R","M","$","T","E","M","M","M","E","R","B",null,"M","$","?","M","M","R","M","?","T","M","?","$","R","$","R","B"],"character_chosen":"IRONCLAD","items_purchased":["Shockwave","Metallicize","Deep Breath","Feel No Pain"],"campfire_rested":1,"item_purchase_floors":[8,19,19,29],"current_hp_per_floor":[76,58,58,47,47,47,53,53,53,45,50,50,56,56,56,37,80,61,61,61,56,33,75,57,41,41,49,46,46,46,46,46,0],"gold":15,"neow_bonus":"","is_prod":false,"is_daily":false,"chose_seed":false,"campfire_upgraded":4,"win_rate":0,"timestamp":1558887636,"path_taken":["M","?","?","?","?","R","?","$","T","E","?","M","M","E","R","BOSS","M","$","?","M","M","R","M","?","T","M","?","?","R","$","R","BOSS"],"build_version":"2019-01-23","purchased_purges":2,"victory":false,"max_hp_per_floor":[80,80,80,80,80,80,80,80,80,80,80,80,80,80,80,80,80,80,80,80,80,80,75,75,75,75,75,75,75,75,75,75,75],"card_choices":[{"not_picked":["Iron Wave","Havoc"],"picked":"Armaments","floor":1.0},{"not_picked":["Body Slam","Headbutt"],"picked":"Sword Boomerang","floor":7.0},{"not_picked":["Body Slam","Clash"],"picked":"Impervious","floor":10.0},{"not_picked":["Clash","Thunderclap"],"picked":"Evolve","floor":11.0},{"not_picked":["True Grit","Intimidate"],"picked":"Body Slam","floor":12.0},{"not_picked":["Havoc","True Grit"],"picked":"Shockwave","floor":13.0},{"not_picked":["Thunderclap","Flex"],"picked":"Double Tap","floor":14.0},{"not_picked":["Brutality","Limit Break"],"picked":"Dark Embrace","floor":16.0},{"not_picked":["Perfected Strike","Wild Strike+1","Anger"],"picked":"Ghostly Armor+1","floor":18},{"not_picked":["Cleave","Shrug It Off","Intimidate"],"picked":"Anger+1","floor":21},{"not_picked":["Clash+1","Sever Soul","Clothesline"],"picked":"Spot Weakness","floor":22},{"not_picked":["Armaments+1","Perfected Strike+1","Wild Strike"],"picked":"Spot Weakness+1","floor":24},{"not_picked":["Thunderclap+1","Sword Boomerang","Body Slam","Cleave"],"picked":"SKIP","floor":27}],"player_experience":306645,"relics_obtained":[{"floor":9.0,"key":"Letter Opener"},{"floor":10.0,"key":"Self Forming Clay"},{"floor":14.0,"key":"Potion Belt"},{"floor":17.0,"key":"Anchor"},{"floor":17.0,"key":"Question Card"},{"floor":17.0,"key":"Champion Belt"},{"floor":25,"key":"Nilry\u0027s Codex"},{"floor":26,"key":"Paper Frog"}],"event_choices":[{"damage_healed":0.0,"max_hp_gain":0.0,"max_hp_loss":0.0,"gold_gain":0.0,"event_name":"Scrap Ooze","player_choice":"Success","floor":2.0,"gold_loss":0.0,"damage_taken":18.0,"relics_obtained":["Meat on the Bone"]},{"cards_removed":["Madness"],"damage_healed":0.0,"max_hp_gain":0.0,"max_hp_loss":0.0,"gold_gain":0.0,"event_name":"Living Wall","player_choice":"Forget","floor":3.0,"gold_loss":0.0,"damage_taken":0.0},{"damage_healed":0.0,"max_hp_gain":0.0,"max_hp_loss":0.0,"gold_gain":75.0,"event_name":"World of Goop","player_choice":"Gather Gold","floor":4.0,"gold_loss":0.0,"damage_taken":11.0},{"cards_removed":["Sadistic Nature"],"damage_healed":0.0,"max_hp_gain":0.0,"max_hp_loss":0.0,"gold_gain":0.0,"event_name":"WeMeetAgain","player_choice":"Gave Card","floor":5.0,"gold_loss":0.0,"damage_taken":0.0,"relics_obtained":["Ginger"]},{"damage_healed":0,"gold_gain":0,"player_choice":"Ignored","damage_taken":0,"max_hp_gain":0,"max_hp_loss":0,"event_name":"Beggar","floor":20,"gold_loss":0},{"damage_healed":0,"gold_gain":0,"player_choice":"Obtained Book","damage_taken":16,"max_hp_gain":0,"max_hp_loss":0,"event_name":"Cursed Tome","floor":25,"gold_loss":0},{"damage_healed":0,"gold_gain":0,"player_choice":"Fight","damage_taken":0,"max_hp_gain":0,"max_hp_loss":0,"event_name":"Colosseum","floor":28,"gold_loss":0},{"damage_healed":0,"gold_gain":0,"player_choice":"Fled From Nobs","damage_taken":0,"max_hp_gain":0,"max_hp_loss":0,"event_name":"Colosseum","floor":28,"gold_loss":0}],"is_beta":false,"boss_relics":[{"not_picked":["Empty Cage","Astrolabe"],"picked":"Calling Bell"}],"items_purged_floors":[8,19],"is_endless":true,"potions_floor_spawned":[1,7,12,16,22,24,28],"killed_by":"Champ","ascension_level":0}