{"gold_per_floor":[113,2,12,24,24,54,64,29,53,53,78,104,129,129,129,233,233,247,264,8,20,30,30,30,49,49,49,64,64,64,76,76,171,171,184,184,59,59,59,75,75,75],"floor_reached":42,"playtime":4777,"items_purged":["Regret","Strike_B","Strike_B"],"score":441,"play_id":"092b110e-8397-4a02-904f-2ab233b40ccd","local_time":"20190810221920","is_ascension_mode":false,"campfire_choices":[{"data":"Streamline","floor":10,"key":"SMITH"},{"floor":15,"key":"REST"},{"data":"Defragment","floor":23,"key":"SMITH"},{"floor":30,"key":"REST"},{"data":"Go for the Eyes","floor":32,"key":"SMITH"},{"data":"Multi-Cast","floor":41,"key":"SMITH"}],"neow_cost":"CURSE","seed_source_timestamp":7054236591700,"circlet_count":0,"master_deck":["Strike_B","Defend_B","Defend_B","Defend_B","Defend_B+1","Zap+1","Dualcast","Auto Shields","Glacier","Melter","Streamline+1","Ball Lightning","Ball Lightning","Recycle","Reboot","Multi-Cast+1","Coolheaded","BootSequence+1","Chill","Defragment+1","Creative AI+1","Go for the Eyes+1","Shame","Doom and Gloom+1","Fission","Beam Cell","Panacea","Purity"],"relics":["Cracked Core","War Paint","Bag of Preparation","Art of War","Ancient Tea Set","Bronze Scales","Lantern","Lizard Tail","Strawberry","WingedGreaves","Anchor","Nuclear Battery"],"potions_floor_usage":[6,11,16,16,19,21,22,25,28,40,42],"damage_taken":[{"damage":3,"enemies":"Jaw Worm","floor":1,"turns":3},{"damage":4,"enemies":"Small Slimes","floor":3,"turns":5},{"damage":1,"enemies":"Cultist","floor":4,"turns":3},{"damage":14,"enemies":"3 Sentries","floor":6,"turns":6},{"damage":0,"enemies":"Exordium Wildlife","floor":7,"turns":3},{"damage":11,"enemies":"Lagavulin","floor":11,"turns":5},{"damage":14,"enemies":"Gremlin Nob","floor":13,"turns":3},{"damage":26,"enemies":"The Guardian","floor":16,"turns":7},{"damage":0,"enemies":"Chosen","floor":18,"turns":4},{"damage":9,"enemies":"2 Thieves","floor":19,"turns":4},{"damage":5,"enemies":"Centurion and Healer","floor":21,"turns":5},{"damage":0,"enemies":"Snake Plant","floor":22,"turns":2},{"damage":20,"enemies":"Shelled Parasite and Fungi","floor":25,"turns":6},{"damage":24,"enemies":"Centurion and Healer","floor":28,"turns":5},{"damage":0,"enemies":"Cultist and Chosen","floor":31,"turns":6},{"damage":69,"enemies":"Champ","floor":33,"turns":12},{"damage":12,"enemies":"3 Shapes","floor":35,"turns":3},{"damage":0,"enemies":"3 Darklings","floor":40,"turns":4},{"damage":103,"enemies":"Giant Head","floor":42,"turns":8}],"seed_played":"4252918841560182552","potions_obtained":[{"floor":1,"key":"SpeedPotion"},{"floor":3,"key":"Strength Potion"},{"floor":7,"key":"Weak Potion"},{"floor":14,"key":"FearPotion"},{"floor":14,"key":"Block Potion"},{"floor":18,"key":"LiquidBronze"},{"floor":22,"key":"FocusPotion"},{"floor":33,"key":"Poison Potion"},{"floor":35,"key":"SkillPotion"}],"is_trial":false,"path_per_floor":["M","$","M","M","?","E","M","?","T","R","E","T","E","?","R","B",null,"M","M","$","M","M","R","?","M","T","?","M","?","R","M","R","B",null,"M","?","$","?","?","M","R","E"],"character_chosen":"DEFECT","items_purchased":["Glacier","Chill","FocusPotion","SkillPotion"],"campfire_rested":2,"item_purchase_floors":[2,20,20,20],"current_hp_per_floor":[86,86,82,81,63,49,49,71,71,71,60,60,46,46,72,46,89,89,80,80,75,75,75,82,62,62,62,38,38,66,66,66,48,96,84,74,74,74,74,74,74,0],"gold":75,"neow_bonus":"TWENTY_PERCENT_HP_BONUS","is_prod":false,"is_daily":false,"chose_seed":false,"campfire_upgraded":4,"win_rate":0,"timestamp":1565493560,"path_taken":["M","$","M","M","?","E","M","?","T","R","E","?","E","?","R","BOSS","M","M","$","M","?","R","?","M","T","?","?","?","R","M","R","BOSS","M","?","$","?","?","M","R","E"],"build_version":"2019-07-05","purchased_purges":3,"victory":false,"max_hp_per_floor":[89,89,89,89,89,89,89,89,89,89,89,89,89,89,89,89,89,89,89,89,89,89,89,96,96,96,96,96,96,96,96,96,96,96,96,96,96,96,96,96,96,96],"card_choices":[{"not_picked":["Stack","Force Field"],"picked":"Auto Shields","floor":1},{"not_picked":["Conserve Battery","Ball Lightning"],"picked":"Melter","floor":3},{"not_picked":["Turbo","Chaos"],"picked":"Streamline","floor":4},{"not_picked":["Seek","Double Energy"],"picked":"Ball Lightning","floor":6},{"not_picked":["Compile Driver","Force Field"],"picked":"Ball Lightning","floor":7},{"not_picked":["Gash","Heatsinks"],"picked":"Recycle","floor":11},{"not_picked":["Glacier","Recycle"],"picked":"Reboot","floor":13},{"not_picked":["Core Surge","Reboot"],"picked":"Multi-Cast","floor":16},{"not_picked":["Hologram","Static Discharge"],"picked":"Coolheaded","floor":18},{"not_picked":["Cold Snap","Steam"],"picked":"BootSequence+1","floor":19},{"not_picked":["Loop","Skim+1"],"picked":"Defragment","floor":21},{"not_picked":["Rebound","Sweeping Beam"],"picked":"Creative AI","floor":22},{"not_picked":["Cold Snap","Rebound"],"picked":"Go for the Eyes","floor":25},{"not_picked":["Self Repair","Sweeping Beam","Hello World+1"],"picked":"SKIP","floor":28},{"not_picked":["Chaos","Coolheaded"],"picked":"Doom and Gloom+1","floor":31},{"not_picked":["Echo Form","Reboot"],"picked":"Fission","floor":33},{"not_picked":["Barrage+1","Gash+1"],"picked":"Beam Cell","floor":35},{"not_picked":["Dramatic Entrance","Madness"],"picked":"Panacea","floor":36},{"not_picked":["Flash of Steel","Forethought"],"picked":"Purity","floor":36},{"not_picked":["Streamline","Cold Snap","Beam Cell+1"],"picked":"SKIP","floor":40}],"player_experience":252618,"relics_obtained":[{"floor":6,"key":"Bag of Preparation"},{"floor":9,"key":"Art of War"},{"floor":11,"key":"Ancient Tea Set"},{"floor":12,"key":"Bronze Scales"},{"floor":13,"key":"Lantern"},{"floor":26,"key":"WingedGreaves"}],"event_choices":[{"damage_healed":0,"gold_gain":0,"player_choice":"Success","damage_taken":18,"relics_obtained":["War Paint"],"max_hp_gain":0,"max_hp_loss":0,"event_name":"Scrap Ooze","floor":5,"gold_loss":0},{"damage_healed":22,"gold_gain":0,"player_choice":"Healed","damage_taken":0,"max_hp_gain":0,"max_hp_loss":0,"event_name":"The Cleric","floor":8,"gold_loss":35},{"damage_healed":0,"gold_gain":0,"player_choice":"Got Potions","damage_taken":0,"max_hp_gain":0,"max_hp_loss":0,"event_name":"Lab","floor":14,"gold_loss":0},{"damage_healed":0,"gold_gain":0,"player_choice":"Opened","damage_taken":0,"relics_obtained":["Strawberry"],"max_hp_gain":0,"max_hp_loss":0,"event_name":"The Mausoleum","floor":24,"gold_loss":0},{"damage_healed":0,"gold_gain":0,"player_choice":"Stole Relic","damage_taken":0,"relics_obtained":["Anchor"],"max_hp_gain":0,"max_hp_loss":0,"event_name":"Addict","floor":27,"gold_loss":0,"cards_obtained":["Shame"]},{"damage_healed":0,"gold_gain":0,"player_choice":"Ignored","damage_taken":0,"max_hp_gain":0,"max_hp_loss":0,"event_name":"Vampires","floor":29,"gold_loss":0},{"damage_healed":0,"gold_gain":0,"player_choice":"Memory 3","damage_taken":10,"max_hp_gain":0,"max_hp_loss":0,"event_name":"SensoryStone","floor":36,"gold_loss":0},{"cards_removed":["Strike_B"],"damage_healed":0,"gold_gain":0,"player_choice":"Removed Attack","damage_taken":0,"max_hp_gain":0,"max_hp_loss":0,"event_name":"Falling","floor":38,"gold_loss":0},{"damage_healed":0,"gold_gain":0,"player_choice":"Upgraded","damage_taken":0,"max_hp_gain":0,"max_hp_loss":0,"event_name":"Upgrade Shrine","floor":39,"gold_loss":0,"cards_upgraded":["Creative AI"]}],"is_beta":false,"boss_relics":[{"not_picked":["White Beast Statue","Velvet Choker"],"picked":"Lizard Tail"},{"not_picked":["Cursed Key","Fusion Hammer"],"picked":"Nuclear Battery"}],"items_purged_floors":[2,20,37],"is_endless":false,"potions_floor_spawned":[1,3,7,18,22,33,35],"killed_by":"Giant Head","ascension_level":0}