{"gold_per_floor":[113,130,145,145,157,186,186,205,205,225,225,246,280,306,306,390,390,390,390,390,31,31,31,31,31,31,31,31,31,31,31,31,31,31,31,31,31],"floor_reached":37,"playtime":1831,"items_purged":["Strike_G"],"score":762,"play_id":"a4e5e95e-737d-43f9-991c-38a2c22cad54","local_time":"20190928204456","is_ascension_mode":true,"campfire_choices":[{"floor":7.0,"key":"REST"},{"floor":11.0,"key":"REST"},{"data":"Terror","floor":15.0,"key":"SMITH"},{"data":"Neutralize","floor":23.0,"key":"SMITH"},{"data":"Catalyst","floor":25.0,"key":"SMITH"},{"floor":27.0,"key":"REST"},{"data":"Wraith Form v2","floor":32.0,"key":"SMITH"}],"neow_cost":"NONE","seed_source_timestamp":0,"circlet_count":0,"master_deck":["AscendersBane","Strike_G","Defend_G","Defend_G","Defend_G","Defend_G","Defend_G","Survivor","Neutralize+1","Poisoned Stab","Dagger Throw","Terror+1","Deadly Poison","Glass Knife","PiercingWail","Deadly Poison","Catalyst+1","Well Laid Plans","Wraith Form v2+1","Noxious Fumes","Caltrops","Deadly Poison+1","Backflip","Footwork+1","Bullet Time","Backstab"],"special_seed":0,"relics":["Ring of the Snake","CeramicFish","Meat on the Bone","Eternal Feather","Ectoplasm","Frozen Egg 2","Dream Catcher","MutagenicStrength","Runic Dome"],"potions_floor_usage":[],"damage_taken":[{"damage":4.0,"enemies":"Small Slimes","floor":1.0,"turns":5.0},{"damage":6.0,"enemies":"Cultist","floor":2.0,"turns":4.0},{"damage":7.0,"enemies":"Jaw Worm","floor":3.0,"turns":4.0},{"damage":9.0,"enemies":"Red Slaver","floor":5.0,"turns":3.0},{"damage":37.0,"enemies":"Lagavulin","floor":6.0,"turns":6.0},{"damage":7.0,"enemies":"3 Louse","floor":8.0,"turns":4.0},{"damage":7.0,"enemies":"Large Slime","floor":10.0,"turns":2.0},{"damage":6.0,"enemies":"Looter","floor":12.0,"turns":3.0},{"damage":27.0,"enemies":"3 Sentries","floor":13.0,"turns":8.0},{"damage":7.0,"enemies":"2 Fungi Beasts","floor":14.0,"turns":3.0},{"damage":11.0,"enemies":"The Guardian","floor":16.0,"turns":9.0},{"damage":11.0,"enemies":"Shell Parasite","floor":18.0,"turns":5.0},{"damage":15.0,"enemies":"Spheric Guardian","floor":20.0,"turns":5.0},{"damage":20.0,"enemies":"Snecko","floor":22.0,"turns":6.0},{"damage":27.0,"enemies":"Chosen and Byrds","floor":24.0,"turns":4.0},{"damage":7.0,"enemies":"Centurion and Healer","floor":28.0,"turns":6.0},{"damage":17.0,"enemies":"Shelled Parasite and Fungi","floor":30.0,"turns":4.0},{"damage":17.0,"enemies":"Snecko","floor":31.0,"turns":5.0},{"damage":50,"enemies":"Automaton","floor":33,"turns":10},{"damage":13,"enemies":"3 Shapes","floor":35,"turns":7},{"damage":46,"enemies":"3 Darklings","floor":37,"turns":4}],"seed_played":"7788735218430524768","potions_obtained":[{"floor":3.0,"key":"PowerPotion"},{"floor":6.0,"key":"CunningPotion"},{"floor":13.0,"key":"GamblersBrew"},{"floor":14.0,"key":"Dexterity Potion"},{"floor":22.0,"key":"EntropicBrew"},{"floor":33,"key":"LiquidBronze"}],"is_trial":false,"path_per_floor":["M","M","M","?","M","E","R","M","T","M","R","M","E","M","R","B",null,"M","?","M","$","M","R","M","R","T","R","M","?","M","M","R","B",null,"M","?","M"],"character_chosen":"THE_SILENT","items_purchased":["Frozen Egg 2"],"campfire_rested":3,"item_purchase_floors":[21],"current_hp_per_floor":[61,55,48,48,39,2,23,16,16,21,42,48,33,38,50,39,64,53,53,38,38,30,42,27,39,39,72,65,65,48,43,58,20,59,46,46,0],"gold":31,"neow_bonus":"TEN_PERCENT_HP_BONUS","is_prod":false,"is_daily":false,"chose_seed":false,"campfire_upgraded":4,"win_rate":0,"timestamp":1569728696,"path_taken":["M","M","M","?","M","E","R","?","T","M","R","M","E","M","R","BOSS","M","?","M","$","?","R","M","R","T","R","M","?","M","M","R","BOSS","M","?","M"],"build_version":"2019-09-27","purchased_purges":1,"victory":false,"max_hp_per_floor":[72,72,72,72,72,72,72,72,72,72,72,72,72,72,72,72,72,72,72,72,72,72,72,72,72,72,72,72,72,72,72,72,72,72,72,72,72],"card_choices":[{"not_picked":["Sucker Punch","Deadly Poison"],"picked":"Poisoned Stab","floor":1.0},{"not_picked":["Blade Dance","Cloak And Dagger"],"picked":"Dagger Throw","floor":2.0},{"not_picked":["Bane","Setup"],"picked":"Terror","floor":3.0},{"not_picked":["Predator","Slice"],"picked":"Deadly Poison","floor":5.0},{"not_picked":["Grand Finale","Outmaneuver","Dagger Throw"],"picked":"SKIP","floor":6.0},{"not_picked":["Deflect","Dagger Throw"],"picked":"Glass Knife","floor":8.0},{"not_picked":["Backflip","Dagger Spray"],"picked":"PiercingWail","floor":10.0},{"not_picked":["Underhanded Strike","Finisher"],"picked":"Deadly Poison","floor":12.0},{"not_picked":["Deflect","Expertise"],"picked":"Catalyst","floor":13.0},{"not_picked":["Flechettes","Acrobatics"],"picked":"Well Laid Plans","floor":14.0},{"not_picked":["Storm of Steel","Venomology"],"picked":"Wraith Form v2","floor":16.0},{"not_picked":["Choke","Heel Hook+1"],"picked":"Noxious Fumes","floor":18.0},{"not_picked":["Predator","Backflip"],"picked":"Deadly Poison+1","floor":20.0},{"not_picked":["Concentrate","Infinite Blades+1","Quick Slash"],"picked":"SKIP","floor":22.0},{"not_picked":["Well Laid Plans+1","Dagger Spray+1"],"picked":"Backflip","floor":24.0},{"not_picked":["Prepared","Dagger Throw","Dodge and Roll+1"],"picked":"SKIP","floor":28.0},{"not_picked":["Distraction","Accuracy+1","Predator"],"picked":"SKIP","floor":30.0},{"not_picked":["Heel Hook","Backflip+1"],"picked":"Footwork+1","floor":31.0},{"not_picked":["Storm of Steel","Unload"],"picked":"Bullet Time","floor":33},{"not_picked":["Sucker Punch","Choke"],"picked":"Backstab","floor":35}],"player_experience":1488448,"relics_obtained":[{"floor":6.0,"key":"CeramicFish"},{"floor":9.0,"key":"Meat on the Bone"},{"floor":13.0,"key":"Eternal Feather"},{"floor":26.0,"key":"Dream Catcher"}],"event_choices":[{"cards_removed":["Strike_G"],"damage_healed":0.0,"max_hp_gain":0.0,"max_hp_loss":0.0,"gold_gain":0.0,"event_name":"Purifier","player_choice":"Purged","floor":4.0,"gold_loss":0.0,"damage_taken":0.0},{"damage_healed":0.0,"max_hp_gain":0.0,"max_hp_loss":0.0,"gold_gain":0.0,"cards_transformed":["Strike_G"],"event_name":"Transmorgrifier","player_choice":"Transformed","floor":19.0,"gold_loss":0.0,"damage_taken":0.0,"cards_obtained":["Caltrops"]},{"damage_healed":0.0,"max_hp_gain":0.0,"max_hp_loss":0.0,"gold_gain":0.0,"event_name":"Drug Dealer","player_choice":"Inject Mutagens","floor":29.0,"gold_loss":0.0,"damage_taken":0.0,"relics_obtained":["MutagenicStrength"]},{"cards_removed":["Strike_G"],"damage_healed":0,"gold_gain":0,"player_choice":"Removed Attack","damage_taken":0,"max_hp_gain":0,"max_hp_loss":0,"event_name":"Falling","floor":36,"gold_loss":0}],"is_beta":true,"boss_relics":[{"not_picked":["Black Star","Tiny House"],"picked":"Ectoplasm"},{"not_picked":["Fusion Hammer","SacredBark"],"picked":"Runic Dome"}],"items_purged_floors":[21],"is_endless":false,"potions_floor_spawned":[3,6,13,14,16,18,22,33],"killed_by":"3 Darklings","ascension_level":17}