{"gold_per_floor":[119,69,69,79,93,93,123,156,183,183,108,108,126,146,146,246,246,257,257,274,308,324,324,349,349,376,79,79,98,98,111,111,212,212,225,225,225,254,254,254,284,284,284,294,309,324,338,338,338,338],"floor_reached":50,"playtime":2226,"items_purged":["Body Slam","Deflect"],"score":602,"play_id":"41ccfc06-7a40-4db1-875d-7a5174291e3b","local_time":"20190226135654","daily_mods":["Draft","Diverse","DeadlyEvents"],"is_ascension_mode":false,"campfire_choices":[{"data":"Searing Blow","floor":6,"key":"SMITH"},{"data":"Searing Blow+1","floor":12,"key":"SMITH"},{"floor":15,"key":"REST"},{"data":"Searing Blow+2","floor":23,"key":"SMITH"},{"data":"Searing Blow+3","floor":25,"key":"SMITH"},{"data":"Searing Blow+4","floor":28,"key":"SMITH"},{"data":"Searing Blow+5","floor":30,"key":"SMITH"},{"floor":32,"key":"REST"},{"data":"Searing Blow+6","floor":40,"key":"SMITH"},{"data":"Searing Blow+7","floor":42,"key":"SMITH"},{"floor":49,"key":"REST"}],"neow_cost":"","seed_source_timestamp":0,"circlet_count":0,"master_deck":["Pommel Strike","Outmaneuver","Genetic Algorithm","Shrug It Off","Leap","Pommel Strike","Pommel Strike+1","Cleave","Shrug It Off","Sucker Punch","Beam Cell","Feel No Pain","Searing Blow+8","Metallicize","Malaise","Pommel Strike+1","Inflame"],"relics":["Cracked Core","Art of War","PreservedInsect","Lantern","Happy Flower","Velvet Choker","Potion Belt","Whetstone","Smiling Mask","Pear","Philosopher\u0027s Stone","Dream Catcher","Bag of Preparation","DataDisk","Dodecahedron"],"potions_floor_usage":[24,33,33,48,50,50,50],"damage_taken":[{"damage":0,"enemies":"Cultist","floor":1,"turns":2},{"damage":0,"enemies":"2 Louse","floor":4,"turns":2},{"damage":3,"enemies":"Jaw Worm","floor":5,"turns":2},{"damage":27,"enemies":"Gremlin Nob","floor":7,"turns":4},{"damage":6,"enemies":"Lagavulin","floor":8,"turns":5},{"damage":0,"enemies":"Blue Slaver","floor":13,"turns":3},{"damage":0,"enemies":"3 Louse","floor":14,"turns":2},{"damage":2,"enemies":"The Guardian","floor":16,"turns":9},{"damage":3,"enemies":"2 Thieves","floor":18,"turns":4},{"damage":10,"enemies":"Shell Parasite","floor":20,"turns":4},{"damage":6,"enemies":"Book of Stabbing","floor":21,"turns":4},{"damage":0,"enemies":"Cultist and Chosen","floor":22,"turns":5},{"damage":16,"enemies":"Slavers","floor":24,"turns":4},{"damage":12,"enemies":"Snake Plant","floor":29,"turns":3},{"damage":1,"enemies":"Shelled Parasite and Fungi","floor":31,"turns":3},{"damage":47,"enemies":"Collector","floor":33,"turns":10},{"damage":18,"enemies":"3 Darklings","floor":35,"turns":4},{"damage":2,"enemies":"Giant Head","floor":38,"turns":5},{"damage":30,"enemies":"Nemesis","floor":41,"turns":4},{"damage":6,"enemies":"3 Shapes","floor":44,"turns":3},{"damage":7,"enemies":"Sphere and 2 Shapes","floor":45,"turns":4},{"damage":0,"enemies":"4 Shapes","floor":46,"turns":4},{"damage":12,"enemies":"Maw","floor":47,"turns":5},{"damage":0,"enemies":"Jaw Worm Horde","floor":48,"turns":1},{"damage":34,"enemies":"Donu and Deca","floor":50,"turns":4}],"seed_played":"3396791335410042364","potions_obtained":[{"floor":4,"key":"Explosive Potion"},{"floor":5,"key":"Fire Potion"},{"floor":8,"key":"SteroidPotion"},{"floor":21,"key":"SmokeBomb"},{"floor":33,"key":"EssenceOfSteel"},{"floor":41,"key":"Ancient Potion"},{"floor":45,"key":"PowerPotion"}],"is_trial":true,"path_per_floor":["M","?","?","M","M","R","E","E","T","?","$","R","M","M","R","B",null,"M","?","M","E","M","R","E","R","T","$","R","M","R","M","R","B",null,"M","?","T","E","$","R","E","R","T","M","M","M","M","M","R","B"],"character_chosen":"DEFECT","items_purchased":["Pear"],"campfire_rested":3,"item_purchase_floors":[27],"current_hp_per_floor":[75,75,75,75,72,72,45,39,39,36,36,36,36,36,58,56,75,72,72,62,56,56,56,40,40,40,50,50,38,38,37,62,15,85,67,67,67,65,65,65,35,35,35,29,22,22,10,10,34,0],"gold":338,"neow_bonus":"","is_prod":false,"is_daily":false,"chose_seed":false,"campfire_upgraded":8,"win_rate":0,"timestamp":1551207414,"path_taken":["M","?","?","M","?","R","?","E","T","?","$","R","M","M","R","BOSS","M","?","?","?","M","R","E","R","T","$","R","M","R","M","R","BOSS","M","?","?","?","?","R","E","R","T","?","M","M","M","M","R","BOSS"],"build_version":"2019-01-23","purchased_purges":2,"victory":false,"max_hp_per_floor":[75,75,75,75,75,75,75,75,75,75,75,75,75,75,75,75,75,75,75,75,75,75,75,75,75,75,85,85,85,85,85,85,85,85,85,81,81,81,81,81,81,81,81,81,81,81,81,81,81,81],"card_choices":[{"not_picked":["Blade Dance","Melter"],"picked":"Pommel Strike","floor":0},{"not_picked":["Deadly Poison","FTL"],"picked":"Outmaneuver","floor":0},{"not_picked":["Anger","Inflame"],"picked":"Genetic Algorithm","floor":0},{"not_picked":["Blur","Darkness"],"picked":"Shrug It Off","floor":0},{"not_picked":["Entrench","Cleave"],"picked":"Leap","floor":0},{"not_picked":["Conserve Battery","Cleave"],"picked":"Body Slam","floor":0},{"not_picked":["Cloak And Dagger","Thunderclap"],"picked":"Gash","floor":0},{"not_picked":["Acrobatics","Turbo"],"picked":"Pommel Strike","floor":0},{"not_picked":["Rage","Caltrops"],"picked":"Pommel Strike","floor":0},{"not_picked":["Concentrate","Ball Lightning"],"picked":"Cleave","floor":0},{"not_picked":["Barrage","Coolheaded"],"picked":"Shrug It Off","floor":0},{"not_picked":["Sweeping Beam","Stack"],"picked":"Sucker Punch","floor":0},{"not_picked":["Infernal Blade","Storm"],"picked":"Beam Cell","floor":0},{"not_picked":["Anger","Barrage"],"picked":"Distraction","floor":0},{"not_picked":["Barrage","Dagger Throw"],"picked":"Deflect","floor":0},{"not_picked":["Havoc","Crippling Poison","Melter"],"picked":"SKIP","floor":1},{"not_picked":["Hologram","Prepared"],"picked":"Feel No Pain","floor":4},{"not_picked":["Redo","Cold Snap"],"picked":"Searing Blow","floor":5},{"not_picked":["Outmaneuver","Fusion","Leap"],"picked":"SKIP","floor":7},{"not_picked":["Go for the Eyes","Ball Lightning","Deadly Poison"],"picked":"SKIP","floor":8},{"not_picked":["Hemokinesis","Poisoned Stab"],"picked":"Metallicize","floor":13},{"not_picked":["Poisoned Stab","Uppercut","Go for the Eyes"],"picked":"SKIP","floor":14},{"not_picked":["Hyperbeam","Storm of Steel"],"picked":"Malaise","floor":16},{"not_picked":["Turbo","Headbutt","Static Discharge"],"picked":"SKIP","floor":18},{"not_picked":["Barrage","Undo+1","Corruption"],"picked":"SKIP","floor":20},{"not_picked":["Headbutt","Body Slam","Aggregate+1"],"picked":"SKIP","floor":21},{"not_picked":["True Grit","Dagger Spray+1"],"picked":"Inflame","floor":22},{"not_picked":["Chaos","All Out Attack","Ball Lightning"],"picked":"SKIP","floor":24},{"not_picked":["Ball Lightning+1","Blizzard","Havoc"],"picked":"SKIP","floor":29},{"not_picked":["Self Repair","Hello World","Cleave"],"picked":"SKIP","floor":31},{"not_picked":["Sucker Punch","Rebound","Rampage+1"],"picked":"SKIP","floor":35},{"not_picked":["All Out Attack+1","Beam Cell+1","Body Slam+1"],"picked":"SKIP","floor":38},{"not_picked":["Dodge and Roll+1","White Noise+1","Power Through"],"picked":"SKIP","floor":41},{"not_picked":["Capacitor","Ghostly Armor","Steam"],"picked":"SKIP","floor":44},{"not_picked":["Skim","Storm","Brutality"],"picked":"SKIP","floor":45},{"not_picked":["Deadly Poison+1","Pommel Strike+1","Clothesline"],"picked":"SKIP","floor":46},{"not_picked":["Anger","Chaos","Dash+1"],"picked":"SKIP","floor":47}],"player_experience":277714,"relics_obtained":[{"floor":7,"key":"Art of War"},{"floor":8,"key":"PreservedInsect"},{"floor":9,"key":"Lantern"},{"floor":21,"key":"Potion Belt"},{"floor":24,"key":"Whetstone"},{"floor":26,"key":"Smiling Mask"},{"floor":37,"key":"Dream Catcher"},{"floor":38,"key":"Bag of Preparation"},{"floor":41,"key":"DataDisk"},{"floor":43,"key":"Dodecahedron"}],"event_choices":[{"cards_removed":["Distraction"],"damage_healed":0,"gold_gain":0,"player_choice":"Card Removal","damage_taken":0,"max_hp_gain":0,"max_hp_loss":0,"event_name":"The Cleric","floor":2,"gold_loss":50},{"cards_removed":["Gash"],"damage_healed":5,"gold_gain":0,"player_choice":"Offered Common","damage_taken":0,"max_hp_gain":0,"max_hp_loss":0,"event_name":"Bonfire Elementals","floor":3,"gold_loss":0},{"cards_removed":["Gash"],"damage_healed":5,"gold_gain":0,"player_choice":"Offered Special","damage_taken":0,"max_hp_gain":0,"max_hp_loss":0,"event_name":"Bonfire Elementals","floor":3,"gold_loss":0},{"damage_healed":0,"gold_gain":0,"player_choice":"Success","damage_taken":3,"relics_obtained":["Happy Flower"],"max_hp_gain":0,"max_hp_loss":0,"event_name":"Scrap Ooze","floor":10,"gold_loss":0},{"damage_healed":0,"gold_gain":0,"player_choice":"Read","damage_taken":0,"max_hp_gain":0,"max_hp_loss":0,"event_name":"The Library","floor":19,"gold_loss":0,"cards_obtained":["Pommel Strike"]},{"damage_healed":0,"gold_gain":0,"player_choice":"Max HP","damage_taken":0,"max_hp_gain":0,"max_hp_loss":4,"event_name":"Winding Halls","floor":36,"gold_loss":0}],"is_beta":false,"boss_relics":[{"not_picked":["White Beast Statue","Coffee Dripper"],"picked":"Velvet Choker"},{"not_picked":["Runic Pyramid","Tiny House"],"picked":"Philosopher\u0027s Stone"}],"items_purged_floors":[11,27],"is_endless":false,"potions_floor_spawned":[4,5,8,13,16,21,33,41,45,48],"killed_by":"Donu and Deca","ascension_level":0}