{"gold_per_floor":[111,127,202,215,231,263,276,306,306,306,256,290,290,310,310,415,415,402,402,402,435,71,398,448,448],"floor_reached":25,"playtime":3165,"items_purged":[],"score":264,"play_id":"e1c3272d-d4c1-4c33-a4a1-9353017a1361","local_time":"20190809030024","is_ascension_mode":false,"campfire_choices":[{"floor":10,"key":"REST"},{"data":"Consume","floor":13,"key":"SMITH"},{"data":"Multi-Cast","floor":15,"key":"SMITH"}],"neow_cost":"NONE","seed_source_timestamp":18483492732100,"circlet_count":0,"master_deck":["Strike_B","Strike_B","Strike_B","Strike_B","Defend_B","Defend_B","Defend_B","Zap","Dualcast","Ball Lightning","Leap","Conserve Battery","Conserve Battery","Consume+1","Chill","Multi-Cast+1","Self Repair","Capacitor","Core Surge","Redo","Ghostly","Ghostly","Ghostly","Ghostly","Ghostly","Go for the Eyes","Reinforced Body","Cold Snap+1"],"relics":["Cracked Core","Boot","Bag of Preparation","Centennial Puzzle","Torii","Sundial","Eternal Feather","Red Mask","Mango","Old Coin","Ancient Tea Set"],"potions_floor_usage":[6,7,12,16,21],"damage_taken":[{"damage":1,"enemies":"Jaw Worm","floor":1,"turns":3},{"damage":0,"enemies":"Small Slimes","floor":2,"turns":3},{"damage":6,"enemies":"2 Louse","floor":4,"turns":2},{"damage":13,"enemies":"Large Slime","floor":5,"turns":3},{"damage":17,"enemies":"Gremlin Nob","floor":6,"turns":4},{"damage":1,"enemies":"Looter","floor":7,"turns":2},{"damage":4,"enemies":"3 Sentries","floor":8,"turns":8},{"damage":12,"enemies":"Lagavulin","floor":12,"turns":5},{"damage":1,"enemies":"Exordium Wildlife","floor":14,"turns":3},{"damage":32,"enemies":"Slime Boss","floor":16,"turns":9},{"damage":31,"enemies":"2 Thieves","floor":18,"turns":4},{"damage":7,"enemies":"Masked Bandits","floor":21,"turns":6},{"damage":10,"enemies":"Slavers","floor":23,"turns":10},{"damage":46,"enemies":"Gremlin Leader","floor":25,"turns":12}],"seed_played":"5011501723541596730","potions_obtained":[{"floor":2,"key":"Energy Potion"},{"floor":4,"key":"Regen Potion"},{"floor":8,"key":"LiquidBronze"},{"floor":12,"key":"GamblersBrew"},{"floor":18,"key":"Fire Potion"},{"floor":21,"key":"SteroidPotion"}],"is_trial":false,"path_per_floor":["M","M","?","M","M","E","M","E","T","R","?","E","R","M","R","B",null,"M","?","?","?","$","E","T","E"],"character_chosen":"DEFECT","items_purchased":["Mango","Reinforced Body"],"campfire_rested":1,"item_purchase_floors":[22,22],"current_hp_per_floor":[74,74,63,57,44,36,35,31,31,53,53,41,41,47,47,22,75,51,37,28,28,42,32,32,0],"gold":448,"neow_bonus":"RANDOM_COMMON_RELIC","is_prod":false,"is_daily":false,"chose_seed":false,"campfire_upgraded":2,"win_rate":0,"timestamp":1565337624,"path_taken":["M","M","?","M","M","E","M","E","T","R","?","E","R","M","R","BOSS","M","?","?","?","$","E","?","E"],"build_version":"2019-07-05","purchased_purges":0,"victory":false,"max_hp_per_floor":[75,75,75,75,75,75,75,75,75,75,75,75,75,75,75,75,75,75,37,37,37,51,51,51,51],"card_choices":[{"not_picked":["Undo","Rebound"],"picked":"Ball Lightning","floor":1},{"not_picked":["Compile Driver","Redo"],"picked":"Leap","floor":2},{"not_picked":["Compile Driver","Heatsinks"],"picked":"Conserve Battery","floor":4},{"not_picked":["Redo","Leap"],"picked":"Conserve Battery","floor":5},{"not_picked":["Steam","Blizzard"],"picked":"Consume","floor":6},{"not_picked":["Leap","Steam"],"picked":"Chill","floor":7},{"not_picked":["Conserve Battery","Sunder"],"picked":"Multi-Cast","floor":8},{"not_picked":["Ball Lightning","Streamline"],"picked":"Self Repair","floor":12},{"not_picked":["Turbo","Steam"],"picked":"Capacitor","floor":14},{"not_picked":["Rainbow","Buffer"],"picked":"Core Surge","floor":16},{"not_picked":["Rebound+1","Hologram+1"],"picked":"Redo","floor":18},{"not_picked":["Redo+1","Steam Power"],"picked":"Go for the Eyes","floor":21},{"not_picked":["Sweeping Beam","Turbo"],"picked":"Cold Snap+1","floor":23}],"player_experience":217799,"relics_obtained":[{"floor":6,"key":"Bag of Preparation"},{"floor":8,"key":"Centennial Puzzle"},{"floor":9,"key":"Torii"},{"floor":12,"key":"Sundial"},{"floor":21,"key":"Red Mask"},{"floor":23,"key":"Old Coin"},{"floor":24,"key":"Ancient Tea Set"}],"event_choices":[{"damage_healed":0,"gold_gain":75,"player_choice":"Gather Gold","damage_taken":11,"max_hp_gain":0,"max_hp_loss":0,"event_name":"World of Goop","floor":3,"gold_loss":0},{"cards_removed":["Defend_B"],"damage_healed":0,"gold_gain":0,"player_choice":"Card Removal","damage_taken":0,"max_hp_gain":0,"max_hp_loss":0,"event_name":"The Cleric","floor":11,"gold_loss":50},{"damage_healed":0,"gold_gain":0,"player_choice":"Became a Ghost","damage_taken":0,"max_hp_gain":0,"max_hp_loss":38,"event_name":"Ghosts","floor":19,"gold_loss":0,"cards_obtained":["Ghostly","Ghostly","Ghostly","Ghostly","Ghostly"]},{"damage_healed":0,"gold_gain":0,"player_choice":"Stopped","damage_taken":9,"max_hp_gain":0,"max_hp_loss":0,"event_name":"Cursed Tome","floor":20,"gold_loss":0},{"damage_healed":0,"gold_gain":0,"player_choice":"Fought Bandits","damage_taken":0,"max_hp_gain":0,"max_hp_loss":0,"event_name":"Masked Bandits","floor":21,"gold_loss":0}],"is_beta":false,"boss_relics":[{"not_picked":["Astrolabe","Philosopher\u0027s Stone"],"picked":"Eternal Feather"}],"items_purged_floors":[],"is_endless":false,"potions_floor_spawned":[2,4,8,12,18,21],"killed_by":"Gremlin Leader","ascension_level":0}