{"gold_per_floor":[213,288,288,8,20,20,34,34,34,34,334,395,415,415,415,415],"floor_reached":16,"playtime":3408,"items_purged":[],"score":88,"play_id":"232e4d0f-16c1-45c9-98eb-a64fca189dfd","local_time":"20190803235044","is_ascension_mode":false,"campfire_choices":[{"data":"Bash","floor":6,"key":"SMITH"},{"floor":8,"key":"REST"},{"floor":15,"key":"REST"}],"neow_cost":"NONE","seed_source_timestamp":165368379930400,"circlet_count":0,"master_deck":["Strike_R","Strike_R","Strike_R","Strike_R","Strike_R","Defend_R","Defend_R","Defend_R","Bash+1","Body Slam","Second Wind+1","Warcry+1","Uppercut","Corruption","Uppercut+1"],"relics":["Burning Blood","WingedGreaves","Toxic Egg 2","Bottled Flame","Old Coin","Molten Egg 2"],"potions_floor_usage":[12,13],"damage_taken":[{"damage":9,"enemies":"Small Slimes","floor":1,"turns":4},{"damage":1,"enemies":"2 Louse","floor":5,"turns":3},{"damage":13,"enemies":"Jaw Worm","floor":7,"turns":3},{"damage":42,"enemies":"3 Sentries","floor":12,"turns":8},{"damage":0,"enemies":"Large Slime","floor":13,"turns":6},{"damage":62,"enemies":"Slime Boss","floor":16,"turns":11}],"seed_played":"-3181037296586300357","potions_obtained":[{"floor":5,"key":"FearPotion"},{"floor":12,"key":"Fire Potion"}],"is_trial":false,"path_per_floor":["M","?","?","$","M","R","M","R","T","?","T","?","M","?","R","B"],"character_chosen":"IRONCLAD","items_purchased":["Toxic Egg 2","Second Wind+1"],"campfire_rested":2,"item_purchase_floors":[4,4],"current_hp_per_floor":[77,66,59,59,64,64,57,80,80,80,80,44,50,43,67,5],"gold":415,"neow_bonus":"HUNDRED_GOLD","is_prod":false,"is_daily":false,"chose_seed":false,"campfire_upgraded":1,"win_rate":0.0,"timestamp":1564894244,"path_taken":["M","?","?","$","M","R","M","R","T","?","?","?","?","?","R","BOSS"],"build_version":"2019-07-05","purchased_purges":0,"victory":false,"max_hp_per_floor":[80,80,80,80,80,80,80,80,80,80,80,80,80,80,80,80],"card_choices":[{"not_picked":["Warcry","Cleave"],"picked":"Body Slam","floor":1},{"not_picked":["Rampage","True Grit+1"],"picked":"Warcry+1","floor":5},{"not_picked":["Anger","Iron Wave"],"picked":"Uppercut","floor":7},{"not_picked":["Body Slam","Clothesline"],"picked":"Corruption","floor":12},{"not_picked":["Body Slam+1","Thunderclap+1"],"picked":"Uppercut+1","floor":13}],"player_experience":54854,"relics_obtained":[{"floor":9,"key":"Bottled Flame"},{"floor":11,"key":"Old Coin"},{"floor":12,"key":"Molten Egg 2"}],"event_choices":[{"damage_healed":0,"gold_gain":75,"player_choice":"Gather Gold","damage_taken":11,"max_hp_gain":0,"max_hp_loss":0,"event_name":"World of Goop","floor":2,"gold_loss":0},{"damage_healed":0,"gold_gain":0,"player_choice":"Success","damage_taken":7,"relics_obtained":["WingedGreaves"],"max_hp_gain":0,"max_hp_loss":0,"event_name":"Scrap Ooze","floor":3,"gold_loss":0},{"damage_healed":0,"gold_gain":0,"player_choice":"Ignored","damage_taken":0,"max_hp_gain":0,"max_hp_loss":0,"event_name":"Shining Light","floor":10,"gold_loss":0},{"damage_healed":0,"gold_gain":0,"player_choice":"Searched \u00271\u0027 times","damage_taken":0,"max_hp_gain":0,"max_hp_loss":0,"event_name":"Dead Adventurer","floor":12,"gold_loss":0},{"cards_removed":["Defend_R"],"damage_healed":0,"gold_gain":0,"player_choice":"Card Removal","damage_taken":7,"max_hp_gain":0,"max_hp_loss":0,"event_name":"Golden Wing","floor":14,"gold_loss":0}],"is_beta":false,"boss_relics":[],"items_purged_floors":[],"is_endless":false,"potions_floor_spawned":[5,12],"killed_by":"Slime Boss","ascension_level":0}