{"gold_per_floor":[115,130,100,25,25,25,25,25,51,63,63,83,83,100,100,199,199,219,232,248,248,248,248,265,265,265,100],"floor_reached":27,"playtime":1621,"items_purged":["Defend_G","Defend_G"],"score":276,"play_id":"1e3369a6-0b52-48f0-a2da-afd45d009b38","local_time":"20190927202129","is_ascension_mode":false,"campfire_choices":[{"data":"Neutralize","floor":6.0,"key":"SMITH"},{"data":"Blur","floor":8.0,"key":"SMITH"},{"floor":13.0,"key":"REST"},{"floor":15.0,"key":"REST"},{"floor":23,"key":"REST"}],"neow_cost":"PERCENT_DAMAGE","seed_source_timestamp":1143460968744400,"circlet_count":0,"master_deck":["Strike_G","Strike_G","Strike_G","Defend_G","Defend_G","Defend_G","Survivor","Neutralize+1","Dodge and Roll","Blur+1","Leg Sweep","Crippling Poison","Poisoned Stab","Envenom","Distraction","Well Laid Plans","Escape Plan","Poisoned Stab","Ghostly","Ghostly","Ghostly","Ghostly","Ghostly","Blur","Sucker Punch"],"special_seed":0,"relics":["Ring of the Snake","Smiling Mask"],"potions_floor_usage":[20,20,20],"damage_taken":[{"damage":0.0,"enemies":"2 Louse","floor":1.0,"turns":3.0},{"damage":0.0,"enemies":"Cultist","floor":2.0,"turns":5.0},{"damage":0.0,"enemies":"Jaw Worm","floor":10.0,"turns":9.0},{"damage":47.0,"enemies":"The Mushroom Lair","floor":12.0,"turns":16.0},{"damage":13.0,"enemies":"Large Slime","floor":14.0,"turns":21.0},{"damage":0.0,"enemies":"The Guardian","floor":16.0,"turns":22.0},{"damage":10.0,"enemies":"Spheric Guardian","floor":18.0,"turns":7.0},{"damage":15.0,"enemies":"Chosen","floor":19.0,"turns":7.0},{"damage":41,"enemies":"3 Cultists","floor":20,"turns":8},{"damage":17,"enemies":"Shelled Parasite and Fungi","floor":24,"turns":14}],"seed_played":"-6357593346708830967","potions_obtained":[{"floor":2.0,"key":"Strength Potion"},{"floor":3.0,"key":"GhostInAJar"},{"floor":3.0,"key":"Weak Potion"},{"floor":14.0,"key":"Explosive Potion"},{"floor":16.0,"key":"Dexterity Potion"}],"is_trial":false,"path_per_floor":["M","M","?","$","?","R","?","R","T","M","$","?","R","M","R","B",null,"M","M","M","?","?","R","M","?","T","$"],"character_chosen":"THE_SILENT","items_purchased":["Blur","Sucker Punch"],"campfire_rested":3,"item_purchase_floors":[27,27],"current_hp_per_floor":[49,49,49,49,46,46,51,51,51,51,51,4,26,13,35,35,75,65,50,9,34,34,56,39,37,37,37],"gold":100,"neow_bonus":"REMOVE_TWO","is_prod":false,"is_daily":false,"chose_seed":false,"campfire_upgraded":2,"win_rate":0,"timestamp":1569608489,"path_taken":["M","M","?","?","?","R","?","R","T","M","$","?","R","M","R","BOSS","M","M","M","?","?","R","M","?","T","$"],"build_version":"2019-09-26","purchased_purges":2,"victory":false,"max_hp_per_floor":[70,70,70,70,70,70,75,75,75,75,75,75,75,75,75,75,75,75,75,75,75,75,75,75,37,37,37],"card_choices":[{"not_picked":["Blade Dance","Prepared"],"picked":"Dodge and Roll","floor":1.0},{"not_picked":["Well Laid Plans","Deadly Poison"],"picked":"Blur","floor":2.0},{"not_picked":["All Out Attack","Deadly Poison"],"picked":"Leg Sweep","floor":10.0},{"not_picked":["Cloak And Dagger","Leg Sweep"],"picked":"Crippling Poison","floor":12.0},{"not_picked":["PiercingWail","Infinite Blades"],"picked":"Poisoned Stab","floor":14.0},{"not_picked":["Burst","Bullet Time"],"picked":"Envenom","floor":16.0},{"not_picked":["Bane","Deflect"],"picked":"Distraction","floor":18.0},{"not_picked":["Cloak And Dagger","Distraction"],"picked":"Well Laid Plans","floor":19.0},{"not_picked":["Predator","Bane"],"picked":"Escape Plan","floor":20},{"not_picked":["Bane+1","Backstab"],"picked":"Poisoned Stab","floor":24}],"player_experience":305931,"relics_obtained":[{"floor":26,"key":"Smiling Mask"}],"event_choices":[{"damage_healed":0.0,"max_hp_gain":0.0,"max_hp_loss":0.0,"gold_gain":0.0,"event_name":"The Woman in Blue","player_choice":"Bought 2 Potions","floor":3.0,"gold_loss":0.0,"damage_taken":0.0},{"damage_healed":0.0,"max_hp_gain":0.0,"max_hp_loss":0.0,"gold_gain":0.0,"event_name":"Scrap Ooze","player_choice":"Fled","floor":5.0,"gold_loss":0.0,"damage_taken":3.0},{"damage_healed":0.0,"max_hp_gain":5.0,"max_hp_loss":0.0,"gold_gain":0.0,"event_name":"Big Fish","player_choice":"Donut","floor":7.0,"gold_loss":0.0,"damage_taken":0.0},{"damage_healed":0.0,"max_hp_gain":0.0,"max_hp_loss":0.0,"gold_gain":0.0,"event_name":"Mushrooms","player_choice":"Fought Mushrooms","floor":12.0,"gold_loss":0.0,"damage_taken":0.0},{"damage_healed":25,"gold_gain":0,"player_choice":"Heal","damage_taken":0,"max_hp_gain":0,"max_hp_loss":0,"event_name":"The Library","floor":21,"gold_loss":0},{"damage_healed":0,"gold_gain":0,"player_choice":"Ignored","damage_taken":0,"max_hp_gain":0,"max_hp_loss":0,"event_name":"Cursed Tome","floor":22,"gold_loss":0},{"damage_healed":0,"gold_gain":0,"player_choice":"Became a Ghost","damage_taken":0,"max_hp_gain":0,"max_hp_loss":38,"event_name":"Ghosts","floor":25,"gold_loss":0,"cards_obtained":["Ghostly","Ghostly","Ghostly","Ghostly","Ghostly"]}],"is_beta":true,"boss_relics":[{"not_picked":["WristBlade","Ring of the Serpent","Pandora\u0027s Box"]}],"items_purged_floors":[4,27],"is_endless":false,"potions_floor_spawned":[2,14,16,18],"ascension_level":0}