{"gold_per_floor":[114,132,6,24,34,67,67,93,93,121,141,141,157,169,169,264,264,282,87,106,21,35,35,50,65,65,65,65,78,78,92,92,191,191,203,220,24,24],"floor_reached":38,"playtime":4187,"items_purged":[],"score":412,"play_id":"047a03b3-74fa-4016-99f0-e210512cc9c5","local_time":"20190830204042","is_ascension_mode":true,"campfire_choices":[{"floor":7.0,"key":"REST"},{"data":"Accuracy","floor":15.0,"key":"SMITH"},{"floor":23.0,"key":"REST"},{"floor":28.0,"key":"REST"},{"floor":30.0,"key":"REST"},{"floor":32.0,"key":"REST"}],"neow_cost":"NONE","seed_source_timestamp":0,"circlet_count":0,"master_deck":["Strike_G","Strike_G","Strike_G","Strike_G","Strike_G","Defend_G","Defend_G","Defend_G","Defend_G","Defend_G","Survivor","Neutralize+1","Dash","Acrobatics","Footwork","Underhanded Strike","Infinite Blades+1","Predator","Quick Slash","Dagger Throw","Escape Plan","Terror","Accuracy+1","Leg Sweep","A Thousand Cuts","Metamorphosis","Choke+1","Finisher","Backflip","Wraith Form v2","Underhanded Strike+1","Well Laid Plans"],"special_seed":0,"relics":["Ring of the Snake","Ornamental Fan","Odd Mushroom","Du-Vu Doll","Peace Pipe","Busted Crown","Boot","Matryoshka","Eternal Feather","Pen Nib"],"potions_floor_usage":[36,38],"damage_taken":[{"damage":0.0,"enemies":"Jaw Worm","floor":1.0,"turns":5.0},{"damage":1.0,"enemies":"Cultist","floor":2.0,"turns":4.0},{"damage":0.0,"enemies":"2 Louse","floor":4.0,"turns":3.0},{"damage":19.0,"enemies":"Exordium Wildlife","floor":5.0,"turns":6.0},{"damage":11.0,"enemies":"3 Sentries","floor":6.0,"turns":7.0},{"damage":13.0,"enemies":"The Mushroom Lair","floor":8.0,"turns":5.0},{"damage":7.0,"enemies":"Gremlin Nob","floor":10.0,"turns":6.0},{"damage":4.0,"enemies":"Exordium Thugs","floor":11.0,"turns":5.0},{"damage":8.0,"enemies":"Blue Slaver","floor":13.0,"turns":3.0},{"damage":7.0,"enemies":"2 Fungi Beasts","floor":14.0,"turns":4.0},{"damage":5.0,"enemies":"Hexaghost","floor":16.0,"turns":10.0},{"damage":6.0,"enemies":"3 Byrds","floor":18.0,"turns":6.0},{"damage":18.0,"enemies":"Spheric Guardian","floor":20.0,"turns":5.0},{"damage":16.0,"enemies":"Snecko","floor":22.0,"turns":5.0},{"damage":27.0,"enemies":"Sentry and Sphere","floor":24.0,"turns":5.0},{"damage":26.0,"enemies":"Snake Plant","floor":25.0,"turns":5.0},{"damage":22.0,"enemies":"3 Cultists","floor":29.0,"turns":7.0},{"damage":7.0,"enemies":"Centurion and Healer","floor":31.0,"turns":6.0},{"damage":23,"enemies":"Champ","floor":33,"turns":10},{"damage":25,"enemies":"Orb Walker","floor":35,"turns":4},{"damage":12,"enemies":"3 Shapes","floor":36,"turns":4},{"damage":35,"enemies":"Jaw Worm Horde","floor":38,"turns":2}],"seed_played":"-2019506431138237681","potions_obtained":[{"floor":1.0,"key":"Fire Potion"},{"floor":5.0,"key":"Poison Potion"},{"floor":8.0,"key":"Ancient Potion"},{"floor":13.0,"key":"Ancient Potion"},{"floor":16.0,"key":"Energy Potion"},{"floor":18.0,"key":"Fire Potion"},{"floor":20.0,"key":"FairyPotion"},{"floor":22.0,"key":"SneckoOil"},{"floor":33,"key":"PowerPotion"},{"floor":36,"key":"PowerPotion"}],"is_trial":false,"path_per_floor":["M","M","$","M","M","E","R","?","T","E","M","?","M","M","R","B",null,"M","$","M","?","M","R","M","M","T","$","R","M","R","M","R","B",null,"M","M","$","M"],"character_chosen":"THE_SILENT","items_purchased":["Footwork","Underhanded Strike","Metamorphosis","Pen Nib","Well Laid Plans"],"campfire_rested":5,"item_purchase_floors":[3,3,19,37,37],"current_hp_per_floor":[70,69,69,69,50,39,60,47,47,40,36,36,28,21,21,16,70,64,64,46,46,30,51,24,7,7,7,28,6,27,20,41,18,70,45,33,33,0],"gold":24,"neow_bonus":"UPGRADE_CARD","is_prod":false,"is_daily":false,"chose_seed":false,"campfire_upgraded":1,"win_rate":0,"timestamp":1567215642,"path_taken":["M","M","$","M","M","E","R","?","T","E","M","?","?","M","R","BOSS","M","$","?","?","M","R","M","M","T","$","R","M","R","M","R","BOSS","M","M","$","M"],"build_version":"2019-08-26","purchased_purges":0,"victory":false,"max_hp_per_floor":[70,70,70,70,70,70,70,70,70,70,70,70,70,70,70,70,70,70,70,70,70,70,70,70,70,70,70,70,70,70,70,70,70,70,70,70,70,70],"card_choices":[{"not_picked":["Infinite Blades","Underhanded Strike"],"picked":"Dash","floor":1.0},{"not_picked":["Prepared","Dodge and Roll"],"picked":"Acrobatics","floor":2.0},{"not_picked":["Deadly Poison","Flechettes"],"picked":"Infinite Blades","floor":4.0},{"not_picked":["Well Laid Plans","Backflip"],"picked":"Predator","floor":5.0},{"not_picked":["Acrobatics","Venomology"],"picked":"Quick Slash","floor":6.0},{"not_picked":["Dodge and Roll","Expertise"],"picked":"Dagger Throw","floor":8.0},{"not_picked":["Poisoned Stab","Venomology"],"picked":"Escape Plan","floor":10.0},{"not_picked":["Backflip","Prepared"],"picked":"Terror","floor":11.0},{"not_picked":["Bane","Prepared"],"picked":"Accuracy","floor":13.0},{"not_picked":["Footwork","Acrobatics"],"picked":"Leg Sweep","floor":14.0},{"not_picked":["Die Die Die","Adrenaline"],"picked":"A Thousand Cuts","floor":16.0},{"not_picked":["Dash"],"picked":"SKIP","floor":18.0},{"not_picked":[],"picked":"Choke+1","floor":20.0},{"not_picked":[],"picked":"Finisher","floor":22.0},{"not_picked":[],"picked":"Backflip","floor":24.0},{"not_picked":["Flying Knee"],"picked":"SKIP","floor":25.0},{"not_picked":["Dagger Spray"],"picked":"SKIP","floor":29.0},{"not_picked":["Predator"],"picked":"SKIP","floor":31.0},{"not_picked":[],"picked":"Wraith Form v2","floor":33},{"not_picked":["Setup"],"picked":"SKIP","floor":35},{"not_picked":[],"picked":"Underhanded Strike+1","floor":36}],"player_experience":495225,"relics_obtained":[{"floor":6.0,"key":"Ornamental Fan"},{"floor":8.0,"key":"Odd Mushroom"},{"floor":9.0,"key":"Du-Vu Doll"},{"floor":10.0,"key":"Peace Pipe"},{"floor":26.0,"key":"Matryoshka"}],"event_choices":[{"damage_healed":0.0,"max_hp_gain":0.0,"max_hp_loss":0.0,"gold_gain":0.0,"event_name":"Mushrooms","player_choice":"Fought Mushrooms","floor":8.0,"gold_loss":0.0,"damage_taken":0.0},{"damage_healed":0.0,"max_hp_gain":0.0,"max_hp_loss":0.0,"gold_gain":0.0,"event_name":"Living Wall","player_choice":"Grow","floor":12.0,"gold_loss":0.0,"damage_taken":0.0,"cards_upgraded":["Infinite Blades"]},{"damage_healed":0.0,"max_hp_gain":0.0,"max_hp_loss":0.0,"gold_gain":0.0,"event_name":"Addict","player_choice":"Obtained Relic","floor":21.0,"gold_loss":85.0,"damage_taken":0.0,"relics_obtained":["Boot"]}],"is_beta":true,"boss_relics":[{"not_picked":["Ring of the Serpent","Pandora\u0027s Box"],"picked":"Busted Crown"},{"not_picked":["Velvet Choker","Black Star"],"picked":"Eternal Feather"}],"items_purged_floors":[],"is_endless":false,"potions_floor_spawned":[1,5,8,13,16,18,20,22,33,36],"killed_by":"Jaw Worm Horde","ascension_level":1}