{"gold_per_floor":[11,21,39,39,53,79,97,131,131,131,145,145,157,172,172,273,273,291,311,16,26,46,46,65,65,133,133,133,146,179,22,22,22],"floor_reached":33,"playtime":4801,"items_purged":["Strike_G"],"score":308,"play_id":"490948fe-9d1f-42b4-b8b7-ff52b5c128a9","local_time":"20190813172712","is_ascension_mode":false,"campfire_choices":[{"floor":10,"key":"REST"},{"floor":15,"key":"REST"},{"floor":23,"key":"REST"},{"floor":32,"key":"REST"}],"neow_cost":"NO_GOLD","seed_source_timestamp":69261182373100,"circlet_count":0,"master_deck":["Strike_G","Strike_G","Strike_G","Strike_G","Defend_G","Defend_G","Defend_G","Defend_G","Survivor","Neutralize","Quick Slash","Noxious Fumes","Distraction","Dagger Throw","Calculated Gamble","Adrenaline+1","Masterful Stab","Distraction+1","Catalyst+1","Slice","Night Terror+1","Slice+1","Distraction+1","Skewer","Cloak And Dagger+1","Cloak And Dagger+1","Deadly Poison+1","Acrobatics+1","Choke","Panacea+1"],"relics":["Ring of the Snake","Unceasing Top","PreservedInsect","Peace Pipe","Toxic Egg 2","Busted Crown","Prayer Wheel","Bottled Lightning","Snake Skull","StoneCalendar"],"potions_floor_usage":[8,22,24,29,33],"damage_taken":[{"damage":0,"enemies":"Jaw Worm","floor":1,"turns":4},{"damage":0,"enemies":"Small Slimes","floor":2,"turns":4},{"damage":7,"enemies":"2 Louse","floor":3,"turns":3},{"damage":1,"enemies":"Exordium Wildlife","floor":5,"turns":3},{"damage":30,"enemies":"Gremlin Nob","floor":6,"turns":5},{"damage":1,"enemies":"2 Fungi Beasts","floor":7,"turns":4},{"damage":10,"enemies":"Lagavulin","floor":8,"turns":7},{"damage":0,"enemies":"Blue Slaver","floor":11,"turns":3},{"damage":12,"enemies":"Large Slime","floor":13,"turns":5},{"damage":0,"enemies":"3 Louse","floor":14,"turns":3},{"damage":6,"enemies":"Slime Boss","floor":16,"turns":7},{"damage":0,"enemies":"Spheric Guardian","floor":18,"turns":4},{"damage":12,"enemies":"Shell Parasite","floor":19,"turns":4},{"damage":12,"enemies":"Centurion and Healer","floor":21,"turns":5},{"damage":0,"enemies":"Chosen and Byrds","floor":22,"turns":4},{"damage":35,"enemies":"Snecko","floor":24,"turns":5},{"damage":11,"enemies":"Snake Plant","floor":29,"turns":5},{"damage":0,"enemies":"Gremlin Leader","floor":30,"turns":2},{"damage":71,"enemies":"Automaton","floor":33,"turns":6}],"seed_played":"7287738739590192693","potions_obtained":[{"floor":2,"key":"Swift Potion"},{"floor":3,"key":"Regen Potion"},{"floor":7,"key":"Swift Potion"},{"floor":8,"key":"Regen Potion"},{"floor":16,"key":"Swift Potion"},{"floor":30,"key":"PowerPotion"}],"is_trial":false,"path_per_floor":["M","M","M","?","M","E","M","E","T","R","M","?","M","M","R","B",null,"M","M","$","M","M","R","M","?","T","?","?","M","E","$","R","B"],"character_chosen":"THE_SILENT","items_purchased":["Prayer Wheel","Panacea+1"],"campfire_rested":4,"item_purchase_floors":[20,31],"current_hp_per_floor":[70,70,63,63,62,32,31,36,36,57,57,57,45,45,66,60,70,70,58,58,46,46,67,32,32,32,19,19,8,8,8,30,0],"gold":22,"neow_bonus":"ONE_RARE_RELIC","is_prod":false,"is_daily":false,"chose_seed":false,"campfire_upgraded":0,"win_rate":0,"timestamp":1565735232,"path_taken":["M","M","M","?","M","E","M","E","T","R","M","?","M","M","R","BOSS","M","M","$","M","M","R","M","?","T","?","?","M","E","?","R","BOSS"],"build_version":"2019-07-05","purchased_purges":1,"victory":false,"max_hp_per_floor":[70,70,70,70,70,70,70,70,70,70,70,70,70,70,70,70,70,70,70,70,70,70,70,70,70,70,75,75,75,75,75,75,75],"card_choices":[{"not_picked":["PiercingWail","Deadly Poison"],"picked":"Quick Slash","floor":1},{"not_picked":["Leg Sweep","Cloak And Dagger"],"picked":"Noxious Fumes","floor":2},{"not_picked":["Blade Dance","Backflip"],"picked":"Distraction","floor":3},{"not_picked":["Riddle With Holes","Noxious Fumes"],"picked":"Dagger Throw","floor":5},{"not_picked":["Expertise","Dodge and Roll"],"picked":"Calculated Gamble","floor":6},{"not_picked":["Well Laid Plans","All Out Attack"],"picked":"Adrenaline","floor":7},{"not_picked":["PiercingWail","Distraction"],"picked":"Masterful Stab","floor":8},{"not_picked":["Caltrops","Tactician+1"],"picked":"Distraction+1","floor":11},{"not_picked":["Flechettes","Sucker Punch"],"picked":"Catalyst+1","floor":13},{"not_picked":["Bane","Backflip+1"],"picked":"Slice","floor":14},{"not_picked":["Envenom","Unload"],"picked":"Night Terror+1","floor":16},{"not_picked":[],"picked":"Slice+1","floor":18},{"not_picked":["Quick Slash"],"picked":"SKIP","floor":19},{"not_picked":[],"picked":"Distraction+1","floor":21},{"not_picked":[],"picked":"Skewer","floor":21},{"not_picked":[],"picked":"Cloak And Dagger+1","floor":22},{"not_picked":[],"picked":"Cloak And Dagger+1","floor":22},{"not_picked":["Quick Slash"],"picked":"SKIP","floor":24},{"not_picked":["Backflip+1"],"picked":"SKIP","floor":24},{"not_picked":[],"picked":"Deadly Poison+1","floor":29},{"not_picked":[],"picked":"Acrobatics+1","floor":29},{"not_picked":[],"picked":"Choke","floor":30}],"player_experience":293475,"relics_obtained":[{"floor":6,"key":"PreservedInsect"},{"floor":8,"key":"Peace Pipe"},{"floor":9,"key":"Toxic Egg 2"},{"floor":26,"key":"Bottled Lightning"},{"floor":30,"key":"StoneCalendar"}],"event_choices":[{"damage_healed":0,"gold_gain":0,"player_choice":"Ignored","damage_taken":0,"max_hp_gain":0,"max_hp_loss":0,"event_name":"Shining Light","floor":4,"gold_loss":0},{"damage_healed":0,"gold_gain":0,"player_choice":"Grow","damage_taken":0,"max_hp_gain":0,"max_hp_loss":0,"event_name":"Living Wall","floor":12,"gold_loss":0,"cards_upgraded":["Adrenaline"]},{"cards_removed":["Defend_G"],"damage_healed":0,"gold_gain":0,"player_choice":"Elegance","damage_taken":0,"max_hp_gain":0,"max_hp_loss":0,"event_name":"Back to Basics","floor":25,"gold_loss":0},{"damage_healed":0,"gold_gain":0,"player_choice":"Shed Blood","damage_taken":18,"max_hp_gain":5,"max_hp_loss":0,"event_name":"Forgotten Altar","floor":27,"gold_loss":0},{"damage_healed":0,"gold_gain":0,"player_choice":"Opened","damage_taken":0,"relics_obtained":["Snake Skull"],"max_hp_gain":0,"max_hp_loss":0,"event_name":"The Mausoleum","floor":28,"gold_loss":0}],"is_beta":false,"boss_relics":[{"not_picked":["Philosopher\u0027s Stone","WristBlade"],"picked":"Busted Crown"}],"items_purged_floors":[31],"is_endless":false,"potions_floor_spawned":[2,3,7,8,16,18,21,30],"killed_by":"Automaton","ascension_level":0}