{"gold_per_floor":[117,132,102,114,6,6,6,6,6,20,32,57,57],"floor_reached":13,"playtime":1405,"items_purged":[],"score":91,"play_id":"0cce657d-1a27-4112-9f81-9ec10a7682c0","local_time":"20190816135306","is_ascension_mode":true,"campfire_choices":[{"floor":6,"key":"RECALL"},{"data":"Uppercut","floor":8,"key":"SMITH"}],"neow_cost":"PERCENT_DAMAGE","seed_source_timestamp":0,"circlet_count":0,"master_deck":["Strike_R","Strike_R","Strike_R","Strike_R","Strike_R","Defend_R","Defend_R","Defend_R","Defend_R","Bash","Anger","Shrug It Off","Dual Wield","Uppercut+1","Ghostly Armor","Wild Strike","Metallicize","Demon Form"],"special_seed":0,"relics":["Burning Blood","WingedGreaves","Blue Candle"],"potions_floor_usage":[3,7,11,13],"damage_taken":[{"damage":11,"enemies":"Jaw Worm","floor":1,"turns":4},{"damage":1,"enemies":"Cultist","floor":2,"turns":3},{"damage":3,"enemies":"2 Louse","floor":4,"turns":3},{"damage":8,"enemies":"Gremlin Gang","floor":7,"turns":3},{"damage":13,"enemies":"Exordium Thugs","floor":10,"turns":5},{"damage":16,"enemies":"Lots of Slimes","floor":11,"turns":4},{"damage":10,"enemies":"Gremlin Nob","floor":12,"turns":4},{"damage":42,"enemies":"Gremlin Nob","floor":13,"turns":4}],"seed_played":"-566133487404879164","potions_obtained":[{"floor":2,"key":"Dexterity Potion"},{"floor":3,"key":"Fruit Juice"},{"floor":3,"key":"SmokeBomb"},{"floor":4,"key":"SteroidPotion"},{"floor":10,"key":"PowerPotion"}],"is_trial":false,"path_per_floor":["M","M","?","M","$","R","M","R","T","M","M","E","?"],"character_chosen":"IRONCLAD","items_purchased":["Uppercut","Ghostly Armor"],"campfire_rested":0,"item_purchase_floors":[5,5],"current_hp_per_floor":[51,56,61,64,64,64,62,62,62,55,45,41,0],"gold":57,"neow_bonus":"ONE_RARE_RELIC","is_prod":false,"is_daily":false,"chose_seed":false,"campfire_upgraded":1,"win_rate":0,"timestamp":1565981586,"path_taken":["M","M","?","M","?","R","M","R","T","M","M","E","?"],"build_version":"2019-07-05","purchased_purges":0,"victory":false,"max_hp_per_floor":[80,80,85,85,85,85,85,85,85,85,85,85,85],"card_choices":[{"not_picked":["Twin Strike","Havoc"],"picked":"Anger","floor":1},{"not_picked":["Anger","Headbutt"],"picked":"Shrug It Off","floor":2},{"not_picked":["Havoc","Sentinel"],"picked":"Dual Wield","floor":4},{"not_picked":["Rupture","Inflame"],"picked":"Wild Strike","floor":10},{"not_picked":["Rampage","Shockwave"],"picked":"Metallicize","floor":11},{"not_picked":["Clothesline","Pummel"],"picked":"Demon Form","floor":12}],"player_experience":366108,"relics_obtained":[{"floor":12,"key":"Blue Candle"}],"event_choices":[{"damage_healed":0,"gold_gain":0,"player_choice":"Bought 2 Potions","damage_taken":0,"max_hp_gain":0,"max_hp_loss":0,"event_name":"The Woman in Blue","floor":3,"gold_loss":0},{"damage_healed":0,"gold_gain":0,"player_choice":"Searched \u00272\u0027 times","damage_taken":0,"max_hp_gain":0,"max_hp_loss":0,"event_name":"Dead Adventurer","floor":13,"gold_loss":0}],"is_beta":false,"boss_relics":[],"items_purged_floors":[],"is_endless":false,"potions_floor_spawned":[2,4,10],"killed_by":"Gremlin Nob","ascension_level":1}