{"gold_per_floor":[15,25,25,35,35,35,64,64,89,121,137,137,157,173,173,275,275,288,58,78,108,126,126,51,80,107,107],"floor_reached":27,"playtime":7217,"items_purged":["Writhe"],"score":255,"play_id":"59f7f61e-162a-4016-9573-009cb06414a5","local_time":"20190815223454","is_ascension_mode":true,"campfire_choices":[{"floor":6,"key":"RECALL"},{"data":"Adrenaline","floor":8,"key":"SMITH"},{"floor":12,"key":"REST"},{"data":"Concentrate","floor":15,"key":"SMITH"},{"floor":23,"key":"REST"}],"neow_cost":"NO_GOLD","seed_source_timestamp":105674473253200,"circlet_count":0,"master_deck":["Strike_G","Strike_G","Strike_G","Strike_G","Strike_G","Defend_G","Defend_G","Defend_G","Defend_G","Defend_G","Survivor","Neutralize","Adrenaline+1","Dash","Sucker Punch","Bandage Up","Noxious Fumes","Concentrate+1","Doppelganger","Eviscerate","Distraction","Deflect","Corpse Explosion","Underhanded Strike","Well Laid Plans","Masterful Stab","Distraction+1","Storm of Steel"],"relics":["Ring of the Snake","Anchor","Unceasing Top","Sozu","Bag of Marbles","Tiny Chest","Gremlin Horn","Lantern"],"potions_floor_usage":[7,7,16,25,25],"damage_taken":[{"damage":0,"enemies":"Small Slimes","floor":1,"turns":3},{"damage":1,"enemies":"Cultist","floor":2,"turns":4},{"damage":0,"enemies":"Jaw Worm","floor":4,"turns":4},{"damage":18,"enemies":"Gremlin Nob","floor":7,"turns":5},{"damage":28,"enemies":"3 Sentries","floor":10,"turns":9},{"damage":0,"enemies":"Looter","floor":11,"turns":2},{"damage":6,"enemies":"Exordium Wildlife","floor":13,"turns":3},{"damage":0,"enemies":"Blue Slaver","floor":14,"turns":3},{"damage":18,"enemies":"Hexaghost","floor":16,"turns":8},{"damage":13,"enemies":"Chosen","floor":18,"turns":6},{"damage":11,"enemies":"Spheric Guardian","floor":20,"turns":4},{"damage":27,"enemies":"Snecko","floor":22,"turns":7},{"damage":41,"enemies":"Book of Stabbing","floor":25,"turns":7},{"damage":18,"enemies":"Centurion and Healer","floor":27,"turns":5}],"seed_played":"-3050017678653366102","potions_obtained":[{"floor":2,"key":"FearPotion"},{"floor":4,"key":"LiquidBronze"},{"floor":10,"key":"AttackPotion"},{"floor":13,"key":"Block Potion"},{"floor":16,"key":"Poison Potion"}],"is_trial":false,"path_per_floor":["M","M","?","M","$","R","E","R","T","E","M","R","M","M","R","B",null,"M","$","M","?","M","R","$","E","T","M"],"character_chosen":"THE_SILENT","items_purchased":["Bag of Marbles","Well Laid Plans"],"campfire_rested":2,"item_purchase_floors":[19,19],"current_hp_per_floor":[70,69,69,70,70,70,52,52,52,28,32,53,51,55,55,41,70,57,57,50,50,27,48,48,11,11,0],"gold":107,"neow_bonus":"THREE_RARE_CARDS","is_prod":false,"is_daily":false,"chose_seed":false,"campfire_upgraded":2,"win_rate":0,"timestamp":1565926494,"path_taken":["M","M","?","?","?","R","E","R","T","E","M","R","M","M","R","BOSS","M","$","M","?","M","R","$","E","T","M"],"build_version":"2019-07-05","purchased_purges":1,"victory":false,"max_hp_per_floor":[70,70,70,70,70,70,70,70,70,70,70,70,70,70,70,70,70,70,70,70,70,70,70,70,70,70,70],"card_choices":[{"not_picked":["After Image","Night Terror"],"picked":"Adrenaline","floor":0},{"not_picked":["Poisoned Stab","Flechettes"],"picked":"Dash","floor":1},{"not_picked":["Heel Hook","Backflip"],"picked":"Sucker Punch","floor":2},{"not_picked":["All Out Attack","Caltrops"],"picked":"Noxious Fumes","floor":4},{"not_picked":["Blade Dance","Masterful Stab"],"picked":"Concentrate","floor":7},{"not_picked":["Acrobatics","Predator"],"picked":"Doppelganger","floor":10},{"not_picked":["Sucker Punch","Flechettes"],"picked":"Eviscerate","floor":11},{"not_picked":["Heel Hook","Underhanded Strike"],"picked":"Distraction","floor":13},{"not_picked":["Flying Knee","Distraction"],"picked":"Deflect","floor":14},{"not_picked":["A Thousand Cuts","Wraith Form v2"],"picked":"Corpse Explosion","floor":16},{"not_picked":["Backflip","Dagger Throw"],"picked":"Underhanded Strike","floor":18},{"not_picked":["Riddle With Holes","Poisoned Stab"],"picked":"Masterful Stab","floor":20},{"not_picked":["Skewer","Dodge and Roll"],"picked":"Distraction+1","floor":22},{"not_picked":["Dagger Throw","Well Laid Plans+1"],"picked":"Storm of Steel","floor":25}],"player_experience":355170,"relics_obtained":[{"floor":7,"key":"Anchor"},{"floor":10,"key":"Unceasing Top"},{"floor":25,"key":"Gremlin Horn"},{"floor":26,"key":"Lantern"}],"event_choices":[{"damage_healed":0,"gold_gain":0,"player_choice":"1 cards matched","damage_taken":0,"max_hp_gain":0,"max_hp_loss":0,"event_name":"Match and Keep!","floor":3,"gold_loss":0,"cards_obtained":["Bandage Up"]},{"damage_healed":0,"gold_gain":0,"player_choice":"Opened","damage_taken":0,"relics_obtained":["Tiny Chest"],"max_hp_gain":0,"max_hp_loss":0,"event_name":"The Mausoleum","floor":21,"gold_loss":0,"cards_obtained":["Writhe"]}],"is_beta":false,"boss_relics":[{"not_picked":["Velvet Choker","Empty Cage"],"picked":"Sozu"}],"items_purged_floors":[24],"is_endless":false,"potions_floor_spawned":[2,4,10,13,16,18,20],"killed_by":"Centurion and Healer","ascension_level":1}