{"gold_per_floor":[114,129,139,150,164,193,193,223,223,239,239,239,239,13,13,111,111,121,135,145,145],"floor_reached":21,"playtime":535,"items_purged":["Perfected Strike"],"score":267,"play_id":"48dd31e2-ce71-405f-a0a1-3d94616400c4","local_time":"20181011092308","daily_mods":["SealedDeck","Uncertain Future","Lethality"],"is_ascension_mode":true,"campfire_choices":[{"floor":7,"key":"REST"},{"data":"Limit Break","floor":11,"key":"SMITH"},{"data":"Heavy Blade","floor":15,"key":"SMITH"}],"neow_cost":"","seed_source_timestamp":0,"circlet_count":0,"master_deck":["Sword Boomerang","Flex","Wild Strike","Shrug It Off","Disarm","Heavy Blade","Hemokinesis","Rupture","Heavy Blade+1","Heavy Blade","Inflame","Flex","Limit Break+1","Demon Form","Spot Weakness+1"],"relics":["Burning Blood","Darkstone Periapt","Gremlin Horn","Pantograph","Mummified Hand","Orichalcum","Sozu"],"potions_floor_usage":[20],"damage_taken":[{"damage":3,"enemies":"Cultist","floor":1,"turns":2},{"damage":3,"enemies":"2 Louse","floor":2,"turns":2},{"damage":8,"enemies":"Small Slimes","floor":3,"turns":3},{"damage":3,"enemies":"Exordium Thugs","floor":4,"turns":2},{"damage":24,"enemies":"Large Slime","floor":5,"turns":4},{"damage":30,"enemies":"3 Sentries","floor":6,"turns":4},{"damage":3,"enemies":"Gremlin Nob","floor":8,"turns":2},{"damage":19,"enemies":"Blue Slaver","floor":10,"turns":2},{"damage":31,"enemies":"The Guardian","floor":16,"turns":5},{"damage":8,"enemies":"Chosen","floor":18,"turns":2},{"damage":25,"enemies":"2 Thieves","floor":19,"turns":2},{"damage":43,"enemies":"Shelled Parasite and Fungi","floor":20,"turns":3},{"damage":27,"enemies":"Snake Plant","floor":21,"turns":1}],"seed_played":"533935625139870013","potions_obtained":[{"floor":3,"key":"LiquidBronze"},{"floor":6,"key":"Energy Potion"},{"floor":8,"key":"Weak Potion"}],"is_trial":true,"path_per_floor":["M","M","M","M","M","E","R","E","T","M","R","?","?","$","R","B",null,"M","M","M"],"character_chosen":"IRONCLAD","items_purchased":["Orichalcum"],"campfire_rested":1,"item_purchase_floors":[14],"current_hp_per_floor":[80,80,78,80,62,38,62,65,65,52,52,52,80,80,80,55,80,78,59,22,0],"gold":145,"neow_bonus":"","is_prod":false,"is_daily":false,"chose_seed":false,"campfire_upgraded":2,"win_rate":0,"timestamp":1539264188,"path_taken":["M","M","?","M","M","E","R","E","T","M","R","?","?","$","R","BOSS","M","M","M","M"],"build_version":"2018-10-04v2","purchased_purges":1,"victory":false,"max_hp_per_floor":[80,80,80,80,80,80,80,80,80,80,80,80,80,80,80,80,80,80,80,80,80],"card_choices":[{"not_picked":["Clash","Intimidate"],"picked":"Searing Blow","floor":1},{"not_picked":["Power Through","Burning Pact"],"picked":"Heavy Blade","floor":2},{"not_picked":["Wild Strike","Seeing Red","Pommel Strike"],"picked":"SKIP","floor":3},{"not_picked":["Searing Blow","Twin Strike"],"picked":"Inflame","floor":4},{"not_picked":["Perfected Strike","Thunderclap"],"picked":"Flex","floor":5},{"not_picked":["Warcry","Pommel Strike","Combust"],"picked":"SKIP","floor":6},{"not_picked":["Whirlwind","Body Slam","Shrug It Off"],"picked":"SKIP","floor":8},{"not_picked":["Power Through","Shockwave"],"picked":"Limit Break","floor":10},{"not_picked":["Bludgeon","Exhume"],"picked":"Demon Form","floor":16},{"not_picked":["Wild Strike+1","Blood for Blood"],"picked":"Spot Weakness+1","floor":18},{"not_picked":["Rupture","Shockwave","Anger"],"picked":"SKIP","floor":19},{"not_picked":["Cleave","Blood for Blood","Searing Blow"],"picked":"SKIP","floor":20}],"player_experience":218141,"relics_obtained":[{"floor":6,"key":"Darkstone Periapt"},{"floor":8,"key":"Gremlin Horn"},{"floor":9,"key":"Pantograph"}],"event_choices":[{"event_name":"WeMeetAgain","player_choice":"Card","floor":12,"damage_taken":0},{"event_name":"Wheel of Change","player_choice":"Full Heal","floor":13,"damage_taken":0}],"is_beta":false,"boss_relics":[{"not_picked":["Empty Cage","Coffee Dripper"],"picked":"Sozu"}],"items_purged_floors":[14],"is_endless":false,"potions_floor_spawned":[3,6,8,16,20],"killed_by":"Snake Plant","ascension_level":2}