{"gold_per_floor":[17,34,51,66,85,85,115,115,115,115,115,130,130,144,144,239,239,257,257,277,377,377],"floor_reached":22,"playtime":2274,"items_purged":[],"score":188,"play_id":"4f21948c-c528-45ee-aa55-1c3222025df5","local_time":"20190814002510","is_ascension_mode":false,"campfire_choices":[{"floor":6,"key":"REST"},{"data":"Glass Knife","floor":8,"key":"SMITH"},{"data":"Calculated Gamble","floor":13,"key":"SMITH"},{"floor":15,"key":"REST"}],"neow_cost":"NO_GOLD","seed_source_timestamp":96952110723900,"circlet_count":0,"master_deck":["Strike_G","Strike_G","Strike_G","Strike_G","Strike_G","Defend_G","Defend_G","Defend_G","Defend_G","Defend_G","Survivor","Neutralize","Glass Knife+1","Calculated Gamble+1","Deadly Poison","Skewer","Footwork+1","Riddle With Holes","Poisoned Stab","Underhanded Strike","Infinite Blades","Corpse Explosion","Catalyst+1","Heel Hook","Blur+1"],"relics":["Ring of the Snake","Meat on the Bone","Sundial","Busted Crown"],"potions_floor_usage":[16,16],"damage_taken":[{"damage":0,"enemies":"Small Slimes","floor":1,"turns":3},{"damage":0,"enemies":"Cultist","floor":2,"turns":2},{"damage":0,"enemies":"Jaw Worm","floor":3,"turns":2},{"damage":17,"enemies":"Gremlin Gang","floor":4,"turns":5},{"damage":9,"enemies":"Blue Slaver","floor":5,"turns":3},{"damage":17,"enemies":"3 Sentries","floor":7,"turns":9},{"damage":6,"enemies":"Lots of Slimes","floor":12,"turns":3},{"damage":18,"enemies":"Exordium Thugs","floor":14,"turns":4},{"damage":43,"enemies":"The Guardian","floor":16,"turns":9},{"damage":27,"enemies":"Shell Parasite","floor":18,"turns":6},{"damage":19,"enemies":"2 Thieves","floor":20,"turns":4},{"damage":37,"enemies":"3 Cultists","floor":22,"turns":4}],"seed_played":"-5832844919453235943","potions_obtained":[{"floor":1,"key":"Regen Potion"},{"floor":3,"key":"EntropicBrew"},{"floor":4,"key":"GhostInAJar"},{"floor":7,"key":"Ancient Potion"}],"is_trial":false,"path_per_floor":["M","M","M","M","M","R","E","R","T","?","?","M","R","M","R","B",null,"M","?","M","?","M"],"character_chosen":"THE_SILENT","items_purchased":[],"campfire_rested":2,"item_purchase_floors":[],"current_hp_per_floor":[70,70,70,53,44,65,48,48,48,48,48,42,42,36,57,41,70,43,43,36,36,0],"gold":377,"neow_bonus":"THREE_RARE_CARDS","is_prod":false,"is_daily":false,"chose_seed":false,"campfire_upgraded":2,"win_rate":0,"timestamp":1565760310,"path_taken":["M","M","M","M","M","R","E","R","T","?","?","M","R","?","R","BOSS","M","?","?","?","M"],"build_version":"2019-07-05","purchased_purges":0,"victory":false,"max_hp_per_floor":[70,70,70,70,70,70,70,70,70,70,70,70,70,70,70,70,70,70,70,70,70,70],"card_choices":[{"not_picked":["A Thousand Cuts","Tools of the Trade"],"picked":"Glass Knife","floor":0},{"not_picked":["Quick Slash","Choke"],"picked":"Calculated Gamble","floor":1},{"not_picked":["Bane","Sucker Punch"],"picked":"Deadly Poison","floor":2},{"not_picked":["Backstab","Backflip"],"picked":"Skewer","floor":3},{"not_picked":["Well Laid Plans","Deadly Poison"],"picked":"Footwork","floor":4},{"not_picked":["Deflect","Expertise"],"picked":"Riddle With Holes","floor":5},{"not_picked":["Reflex","Endless Agony"],"picked":"Poisoned Stab","floor":7},{"not_picked":["Backstab","Outmaneuver"],"picked":"Underhanded Strike","floor":12},{"not_picked":["Dagger Spray","Masterful Stab"],"picked":"Infinite Blades","floor":14},{"not_picked":["Bullet Time","Storm of Steel"],"picked":"Corpse Explosion","floor":16},{"not_picked":[],"picked":"Catalyst+1","floor":18},{"not_picked":[],"picked":"Blur+1","floor":20}],"player_experience":305410,"relics_obtained":[{"floor":7,"key":"Meat on the Bone"},{"floor":9,"key":"Sundial"}],"event_choices":[{"damage_healed":0,"gold_gain":0,"player_choice":"Grow","damage_taken":0,"max_hp_gain":0,"max_hp_loss":0,"event_name":"Living Wall","floor":10,"gold_loss":0,"cards_upgraded":["Footwork"]},{"damage_healed":0,"gold_gain":0,"player_choice":"Bought 0 Potions","damage_taken":0,"max_hp_gain":0,"max_hp_loss":0,"event_name":"The Woman in Blue","floor":11,"gold_loss":0},{"damage_healed":0,"gold_gain":0,"player_choice":"1 cards matched","damage_taken":0,"max_hp_gain":0,"max_hp_loss":0,"event_name":"Match and Keep!","floor":19,"gold_loss":0,"cards_obtained":["Heel Hook"]},{"damage_healed":0,"gold_gain":100,"player_choice":"Pray","damage_taken":0,"max_hp_gain":0,"max_hp_loss":0,"event_name":"Golden Shrine","floor":21,"gold_loss":0}],"is_beta":false,"boss_relics":[{"not_picked":["Sozu","Philosopher\u0027s Stone"],"picked":"Busted Crown"}],"items_purged_floors":[],"is_endless":false,"potions_floor_spawned":[1,3,4,7,12],"killed_by":"3 Cultists","ascension_level":0}