{"gold_per_floor":[118,135,85,96,113,113,148,148,148,323,323],"floor_reached":11,"playtime":400,"items_purged":[],"score":88,"play_id":"65f88e67-130c-4a86-baac-02394b5aba71","local_time":"20190414125801","is_ascension_mode":true,"campfire_choices":[{"data":"Flex","floor":6,"key":"SMITH"},{"data":"Anger","floor":8,"key":"SMITH"}],"neow_cost":"PERCENT_DAMAGE","seed_source_timestamp":674087259659187,"circlet_count":0,"master_deck":["Strike_R","Strike_R","Strike_R","Strike_R","Defend_R","Defend_R","Defend_R","Defend_R","Bash","Pummel","Flex+1","Pommel Strike","Anger+1","Havoc","Doubt"],"relics":["Burning Blood","Turnip","Meat on the Bone","Magic Flower"],"potions_floor_usage":[11],"damage_taken":[{"damage":0,"enemies":"Small Slimes","floor":1,"turns":3},{"damage":12,"enemies":"Jaw Worm","floor":2,"turns":4},{"damage":2,"enemies":"2 Louse","floor":4,"turns":2},{"damage":14,"enemies":"Red Slaver","floor":5,"turns":2},{"damage":24,"enemies":"Gremlin Nob","floor":7,"turns":4},{"damage":50,"enemies":"Lagavulin","floor":11,"turns":5}],"seed_played":"-3812726749471727943","potions_obtained":[{"floor":1,"key":"GamblersBrew"},{"floor":7,"key":"BloodPotion"}],"is_trial":false,"path_per_floor":["M","M","?","M","M","R","E","R","T","?","E"],"character_chosen":"IRONCLAD","items_purchased":[],"campfire_rested":0,"item_purchase_floors":[],"current_hp_per_floor":[62,56,56,60,52,52,34,34,34,34,0],"gold":323,"neow_bonus":"ONE_RARE_RELIC","is_prod":false,"is_daily":false,"chose_seed":false,"campfire_upgraded":2,"win_rate":0,"timestamp":1555261081,"path_taken":["M","M","?","M","M","R","E","R","T","?","E"],"build_version":"2019-01-23","purchased_purges":0,"victory":false,"max_hp_per_floor":[80,80,80,80,80,80,80,80,80,80,80],"card_choices":[{"not_picked":["Evolve","Havoc"],"picked":"Pummel","floor":1},{"not_picked":["Intimidate","Pummel"],"picked":"Flex","floor":2},{"not_picked":["Second Wind","Twin Strike"],"picked":"Pommel Strike","floor":4},{"not_picked":["True Grit","Infernal Blade"],"picked":"Anger","floor":5},{"not_picked":["Headbutt","Twin Strike"],"picked":"Havoc","floor":7}],"player_experience":298695,"relics_obtained":[{"floor":7,"key":"Meat on the Bone"},{"floor":9,"key":"Magic Flower"}],"event_choices":[{"cards_removed":["Strike_R"],"damage_healed":0,"gold_gain":0,"player_choice":"Card Removal","damage_taken":0,"max_hp_gain":0,"max_hp_loss":0,"event_name":"The Cleric","floor":3,"gold_loss":50},{"damage_healed":0,"gold_gain":175,"player_choice":"AGREE","damage_taken":0,"max_hp_gain":0,"max_hp_loss":0,"event_name":"Liars Game","floor":10,"gold_loss":0,"cards_obtained":["Doubt"]}],"is_beta":false,"boss_relics":[],"items_purged_floors":[],"is_endless":false,"potions_floor_spawned":[1,7],"killed_by":"Lagavulin","ascension_level":4}