{"gold_per_floor":[112,112,38,38,57,101,101,134,134,155,155,174,29,48,48,174,174,195,220,220,241,166,197,218,218,244,280,320,341,341,34,34,153,153,178,511,511,511,524,554,554,654,679,679,485,318,318,338,338,338],"floor_reached":51,"playtime":5665,"items_purged":[],"score":755,"play_id":"6ef873a2-9348-4b4f-b9b1-383ceea46985","local_time":"20190830013839","is_ascension_mode":true,"campfire_choices":[{"floor":7.0,"key":"REST"},{"floor":11.0,"key":"REST"},{"data":"Storm","floor":15.0,"key":"SMITH"},{"data":"Fission","floor":25.0,"key":"SMITH"},{"floor":30.0,"key":"REST"},{"floor":32.0,"key":"REST"},{"data":"Aggregate","floor":41,"key":"SMITH"},{"data":"Static Discharge","floor":44,"key":"SMITH"},{"floor":47,"key":"DIG"},{"floor":49,"key":"DIG"}],"neow_cost":"NONE","seed_source_timestamp":0,"circlet_count":0,"master_deck":["Strike_B","Strike_B","Strike_B","Zap","Dualcast+1","Storm+1","Streamline","Defragment","Static Discharge+1","Reinforced Body+1","Sweeping Beam","Aggregate+1","Glacier","Undo","Fission+1","Machine Learning+1","Reinforced Body+1","Multi-Cast+1","Force Field","Melter","Beam Cell+1","Hologram+1","FTL","Lockon","Steam Power","Turbo+1","Electrodynamics","Darkness+1","Turbo+1","Defragment+1","Capacitor","Parasite","Chaos"],"special_seed":0,"relics":["Cracked Core","FaceOfCleric","Ice Cream","Darkstone Periapt","Bird Faced Urn","Juzu Bracelet","Astrolabe","Dodecahedron","Turnip","Ancient Tea Set","Red Mask","Blue Candle","Dead Branch","Runic Pyramid","Meat on the Bone","Emotion Chip","Nunchaku","War Paint","Membership Card","Shovel","Lantern","Oddly Smooth Stone"],"potions_floor_usage":[40,50,50],"damage_taken":[{"damage":1.0,"enemies":"Cultist","floor":1.0,"turns":3.0},{"damage":6.0,"enemies":"Jaw Worm","floor":5.0,"turns":2.0},{"damage":28.0,"enemies":"Gremlin Nob","floor":6.0,"turns":4.0},{"damage":21.0,"enemies":"3 Sentries","floor":8.0,"turns":6.0},{"damage":1.0,"enemies":"2 Louse","floor":10.0,"turns":3.0},{"damage":2.0,"enemies":"Blue Slaver","floor":12.0,"turns":3.0},{"damage":12.0,"enemies":"2 Fungi Beasts","floor":14.0,"turns":3.0},{"damage":27.0,"enemies":"The Guardian","floor":16.0,"turns":12.0},{"damage":10.0,"enemies":"Chosen","floor":18.0,"turns":3.0},{"damage":10.0,"enemies":"3 Byrds","floor":19.0,"turns":2.0},{"damage":12.0,"enemies":"Snecko","floor":21.0,"turns":5.0},{"damage":22.0,"enemies":"Gremlin Leader","floor":23.0,"turns":7.0},{"damage":15.0,"enemies":"Chosen and Byrds","floor":24.0,"turns":3.0},{"damage":20.0,"enemies":"Masked Bandits","floor":27.0,"turns":4.0},{"damage":31.0,"enemies":"Slavers","floor":28.0,"turns":7.0},{"damage":15.0,"enemies":"Snake Plant","floor":29.0,"turns":2.0},{"damage":22.0,"enemies":"Champ","floor":33.0,"turns":10.0},{"damage":29.0,"enemies":"3 Shapes","floor":35.0,"turns":3.0},{"damage":4,"enemies":"Orb Walker","floor":39,"turns":3},{"damage":27,"enemies":"Giant Head","floor":40,"turns":8},{"damage":0,"enemies":"Mind Bloom Boss Battle","floor":42,"turns":5},{"damage":0,"enemies":"Writhing Mass","floor":48,"turns":4},{"damage":87,"enemies":"Time Eater","floor":50,"turns":10}],"seed_played":"-2084623600515963050","potions_obtained":[{"floor":5.0,"key":"Dexterity Potion"},{"floor":8.0,"key":"Weak Potion"},{"floor":12.0,"key":"LiquidBronze"},{"floor":14.0,"key":"Weak Potion"},{"floor":16.0,"key":"SkillPotion"},{"floor":23.0,"key":"FearPotion"},{"floor":27.0,"key":"FocusPotion"},{"floor":28.0,"key":"Strength Potion"},{"floor":29.0,"key":"AttackPotion"},{"floor":39,"key":"SkillPotion"},{"floor":48,"key":"Ancient Potion"}],"is_trial":false,"path_per_floor":["M","?","$","?","M","E","R","E","T","M","R","M","$","M","R","B",null,"M","M","?","M","?","E","M","R","T","?","E","M","R","$","R","B",null,"M","?","?","T","M","E","R","?","T","R","$","$","R","M","R","B",null],"character_chosen":"DEFECT","items_purchased":["Defragment","Juzu Bracelet","Dead Branch","Membership Card","Capacitor","Shovel"],"campfire_rested":4,"item_purchase_floors":[3,13,31,45,46,46],"current_hp_per_floor":[74,56,56,56,51,24,47,27,27,33,56,61,61,56,56,36,82,75,72,72,69,69,56,50,50,50,39,13,5,32,32,59,46,91,65,65,65,65,70,54,54,67,67,67,67,67,67,88,88,28],"gold":338,"neow_bonus":"TRANSFORM_CARD","is_prod":false,"is_daily":false,"chose_seed":false,"campfire_upgraded":4,"win_rate":0,"timestamp":1567147119,"path_taken":["M","?","$","?","M","E","R","E","T","M","R","M","$","M","R","BOSS","M","M","?","M","?","E","M","R","T","?","E","M","R","$","R","BOSS","M","?","?","?","M","E","R","?","T","R","?","$","R","M","R","BOSS"],"build_version":"2019-08-26","purchased_purges":0,"victory":true,"max_hp_per_floor":[75,75,75,75,76,77,77,78,78,79,79,80,80,81,81,82,82,83,84,84,85,85,86,87,87,87,88,89,90,90,90,90,91,91,92,92,92,92,93,94,94,95,95,95,95,95,95,102,102,103],"card_choices":[{"not_picked":["Gash","Hologram"],"picked":"Streamline","floor":1.0},{"not_picked":["Coolheaded","Conserve Battery"],"picked":"Static Discharge","floor":5.0},{"not_picked":["Compile Driver","Beam Cell"],"picked":"Reinforced Body","floor":6.0},{"not_picked":["Redo","Ball Lightning"],"picked":"Sweeping Beam","floor":8.0},{"not_picked":["Heatsinks","Leap"],"picked":"Aggregate","floor":10.0},{"not_picked":["Darkness","Leap"],"picked":"Glacier","floor":12.0},{"not_picked":["Redo","Go for the Eyes"],"picked":"Undo","floor":14.0},{"not_picked":["Seek","Reboot"],"picked":"Fission","floor":16.0},{"not_picked":["Hologram","Reprogram"],"picked":"Force Field","floor":18.0},{"not_picked":["Compile Driver","Redo+1"],"picked":"Melter","floor":19.0},{"not_picked":["Ball Lightning+1","Cold Snap"],"picked":"Beam Cell+1","floor":21.0},{"not_picked":["Darkness","Machine Learning"],"picked":"Hologram+1","floor":23.0},{"not_picked":["Leap","Rebound"],"picked":"FTL","floor":24.0},{"not_picked":["Darkness","Glacier"],"picked":"Lockon","floor":27.0},{"not_picked":["Darkness","Leap"],"picked":"Steam Power","floor":28.0},{"not_picked":["FTL","Hologram+1"],"picked":"Turbo+1","floor":29.0},{"not_picked":["Amplify","Buffer"],"picked":"Electrodynamics","floor":33.0},{"not_picked":["Blizzard+1","Beam Cell"],"picked":"Darkness+1","floor":35.0},{"not_picked":["Melter","Hello World+1"],"picked":"Turbo+1","floor":39},{"not_picked":["Steam","Go for the Eyes","Fission"],"picked":"SKIP","floor":40},{"not_picked":["Sweeping Beam","Genetic Algorithm"],"picked":"Defragment+1","floor":42},{"not_picked":["Barrage","Rebound"],"picked":"Chaos","floor":48}],"player_experience":489560,"relics_obtained":[{"floor":6.0,"key":"Ice Cream"},{"floor":8.0,"key":"Darkstone Periapt"},{"floor":9.0,"key":"Bird Faced Urn"},{"floor":23.0,"key":"Turnip"},{"floor":26.0,"key":"Ancient Tea Set"},{"floor":27.0,"key":"Red Mask"},{"floor":28.0,"key":"Blue Candle"},{"floor":38,"key":"Meat on the Bone"},{"floor":40,"key":"Emotion Chip"},{"floor":42,"key":"Nunchaku"},{"floor":43,"key":"War Paint"},{"floor":47,"key":"Lantern"},{"floor":49,"key":"Oddly Smooth Stone"}],"event_choices":[{"damage_healed":0.0,"max_hp_gain":0.0,"max_hp_loss":0.0,"gold_gain":0.0,"event_name":"Golden Idol","player_choice":"Take Damage","floor":2.0,"gold_loss":0.0,"damage_taken":18.0,"relics_obtained":["Golden Idol"]},{"damage_healed":0.0,"max_hp_gain":0.0,"max_hp_loss":0.0,"gold_gain":0.0,"event_name":"FaceTrader","player_choice":"Trade","floor":4.0,"gold_loss":0.0,"damage_taken":0.0,"relics_obtained":["FaceOfCleric"]},{"damage_healed":0.0,"max_hp_gain":0.0,"max_hp_loss":0.0,"gold_gain":0.0,"event_name":"The Mausoleum","player_choice":"Opened","floor":20.0,"gold_loss":0.0,"damage_taken":0.0,"relics_obtained":["Dodecahedron"]},{"cards_removed":["Strike_B"],"damage_healed":0.0,"max_hp_gain":0.0,"max_hp_loss":0.0,"gold_gain":0.0,"event_name":"Beggar","player_choice":"Gave Gold","floor":22.0,"gold_loss":75.0,"damage_taken":0.0},{"damage_healed":0.0,"max_hp_gain":0.0,"max_hp_loss":0.0,"gold_gain":0.0,"event_name":"Masked Bandits","player_choice":"Fought Bandits","floor":27.0,"gold_loss":0.0,"damage_taken":0.0},{"damage_healed":0.0,"max_hp_gain":0.0,"max_hp_loss":0.0,"gold_gain":333.0,"event_name":"The Moai Head","player_choice":"Gave Idol","floor":36.0,"relics_lost":["Golden Idol"],"gold_loss":0.0,"damage_taken":0.0},{"damage_healed":0,"gold_gain":0,"player_choice":"Ignored","damage_taken":0,"max_hp_gain":0,"max_hp_loss":0,"event_name":"Mysterious Sphere","floor":37,"gold_loss":0},{"damage_healed":0,"gold_gain":0,"player_choice":"Fight","damage_taken":0,"max_hp_gain":0,"max_hp_loss":0,"event_name":"MindBloom","floor":42,"gold_loss":0}],"is_beta":true,"boss_relics":[{"not_picked":["FrozenCore","Philosopher\u0027s Stone"],"picked":"Astrolabe"},{"not_picked":["Pandora\u0027s Box","Cursed Key"],"picked":"Runic Pyramid"}],"items_purged_floors":[],"is_endless":false,"potions_floor_spawned":[5,8,12,14,16,23,27,28,29,39,48],"ascension_level":1}