{"gold_per_floor":[114,189,207,225,225,225,254,254,254,328,338,338,357,357,357,482,482,482,48,48,48,48,48,48,48,48,48,48,48,48,48,48,48],"floor_reached":33,"playtime":2497,"items_purged":[],"score":302,"play_id":"1efc4586-c6e0-425b-8feb-abf559bf7abf","local_time":"20190929040248","is_ascension_mode":true,"campfire_choices":[{"floor":6,"key":"REST"},{"floor":12,"key":"REST"},{"data":"Dash","floor":15,"key":"SMITH"},{"data":"Corpse Explosion","floor":23,"key":"SMITH"},{"data":"Neutralize","floor":29,"key":"SMITH"},{"data":"Storm of Steel","floor":32,"key":"SMITH"}],"neow_cost":"NONE","seed_source_timestamp":299568277015000,"circlet_count":0,"master_deck":["Strike_G","Strike_G","Strike_G","Strike_G","Strike_G","Defend_G","Defend_G","Survivor","Neutralize+1","Die Die Die","Poisoned Stab","Dash+1","Quick Slash","Caltrops","Unload","Backflip","Skewer","Corpse Explosion+1","PiercingWail","Catalyst+1","Storm of Steel+1","Unload","Backstab+1","Decay"],"relics":["Ring of the Snake","Torii","FossilizedHelix","Golden Idol","Ectoplasm","Ornamental Fan","TheAbacus","Sundial","CaptainsWheel","Mango","Toxic Egg 2"],"potions_floor_usage":[16,33],"damage_taken":[{"damage":9,"enemies":"Cultist","floor":1,"turns":6},{"damage":7,"enemies":"Small Slimes","floor":3,"turns":3},{"damage":0,"enemies":"2 Louse","floor":4,"turns":2},{"damage":47,"enemies":"Lagavulin","floor":7,"turns":7},{"damage":0,"enemies":"2 Fungi Beasts","floor":11,"turns":3},{"damage":0,"enemies":"3 Louse","floor":13,"turns":2},{"damage":5,"enemies":"Hexaghost","floor":16,"turns":11},{"damage":1,"enemies":"Shell Parasite","floor":18,"turns":5},{"damage":11,"enemies":"Spheric Guardian","floor":22,"turns":4},{"damage":0,"enemies":"3 Cultists","floor":25,"turns":3},{"damage":0,"enemies":"Cultist and Chosen","floor":27,"turns":3},{"damage":21,"enemies":"Slavers","floor":28,"turns":3},{"damage":67,"enemies":"Collector","floor":33,"turns":9}],"seed_played":"-3491830921069119391","potions_obtained":[{"floor":4,"key":"SpeedPotion"},{"floor":13,"key":"AttackPotion"},{"floor":22,"key":"SteroidPotion"}],"is_trial":false,"path_per_floor":["M","?","M","M","?","R","E","?","T","?","M","R","M","?","R","B",null,"M","$","?","?","M","R","?","M","T","M","E","R","T","?","R","B"],"character_chosen":"THE_SILENT","items_purchased":["PiercingWail","Ornamental Fan","TheAbacus"],"campfire_rested":2,"item_purchase_floors":[19,19,19],"current_hp_per_floor":[61,50,43,43,43,64,17,17,17,17,17,38,38,21,21,16,70,69,69,69,69,58,58,58,58,58,58,51,51,51,51,51,0],"gold":48,"neow_bonus":"ONE_RANDOM_RARE_CARD","is_prod":false,"is_daily":false,"chose_seed":false,"campfire_upgraded":4,"win_rate":0,"timestamp":1569747768,"path_taken":["M","?","M","M","?","R","E","?","T","?","M","R","M","?","R","BOSS","M","$","?","?","M","R","?","M","T","M","E","R","?","?","R","BOSS"],"build_version":"2019-09-27","purchased_purges":0,"victory":false,"max_hp_per_floor":[70,70,70,70,70,70,70,70,70,70,70,70,70,70,70,70,70,70,70,70,70,70,70,70,70,70,70,84,84,84,84,84,84],"card_choices":[{"not_picked":["PiercingWail","Prepared"],"picked":"Poisoned Stab","floor":1},{"not_picked":["Setup","Slice"],"picked":"Dash","floor":3},{"not_picked":["Calculated Gamble","Deadly Poison"],"picked":"Quick Slash","floor":4},{"not_picked":["Bane","Blade Dance"],"picked":"Unload","floor":7},{"not_picked":["Caltrops","Eviscerate"],"picked":"Backflip","floor":11},{"not_picked":["Crippling Poison","Acrobatics"],"picked":"Skewer","floor":13},{"not_picked":["Glass Knife","Burst"],"picked":"Corpse Explosion","floor":16},{"not_picked":["Riddle With Holes","Flying Knee","Underhanded Strike+1"],"picked":"SKIP","floor":18},{"not_picked":["Bane","Backflip"],"picked":"Catalyst+1","floor":22},{"not_picked":["Riddle With Holes","Masterful Stab+1","Storm of Steel"],"picked":"SKIP","floor":25},{"not_picked":["Dagger Spray+1","Accuracy"],"picked":"Backstab+1","floor":27},{"not_picked":["Dodge and Roll","Dagger Spray","Prepared"],"picked":"SKIP","floor":28}],"player_experience":621894,"relics_obtained":[{"floor":7,"key":"Torii"},{"floor":9,"key":"FossilizedHelix"},{"floor":26,"key":"CaptainsWheel"},{"floor":28,"key":"Mango"},{"floor":30,"key":"Toxic Egg 2"}],"event_choices":[{"damage_healed":0,"gold_gain":75,"player_choice":"Gather Gold","damage_taken":11,"max_hp_gain":0,"max_hp_loss":0,"event_name":"World of Goop","floor":2,"gold_loss":0},{"damage_healed":0,"gold_gain":0,"cards_transformed":["Defend_G"],"player_choice":"Change","damage_taken":0,"max_hp_gain":0,"max_hp_loss":0,"event_name":"Living Wall","floor":5,"gold_loss":0,"cards_obtained":["Caltrops"]},{"damage_healed":0,"gold_gain":0,"player_choice":"Ignored","damage_taken":0,"max_hp_gain":0,"max_hp_loss":0,"event_name":"Liars Game","floor":8,"gold_loss":0},{"damage_healed":0,"gold_gain":74,"player_choice":"Gained Gold","damage_taken":0,"max_hp_gain":0,"max_hp_loss":0,"event_name":"Golden Wing","floor":10,"gold_loss":0},{"damage_healed":0,"gold_gain":0,"player_choice":"Take Damage","damage_taken":17,"relics_obtained":["Golden Idol"],"max_hp_gain":0,"max_hp_loss":0,"event_name":"Golden Idol","floor":14,"gold_loss":0},{"damage_healed":0,"gold_gain":0,"player_choice":"Opened","damage_taken":0,"relics_obtained":["Sundial"],"max_hp_gain":0,"max_hp_loss":0,"event_name":"The Mausoleum","floor":20,"gold_loss":0},{"damage_healed":0,"gold_gain":0,"player_choice":"Ignored","damage_taken":0,"max_hp_gain":0,"max_hp_loss":0,"event_name":"Vampires","floor":21,"gold_loss":0},{"damage_healed":0,"gold_gain":0,"cards_transformed":["Defend_G","Defend_G"],"player_choice":"Became Test Subject","damage_taken":0,"max_hp_gain":0,"max_hp_loss":0,"event_name":"Drug Dealer","floor":24,"gold_loss":0,"cards_obtained":["Storm of Steel","Unload"]},{"damage_healed":0,"gold_gain":0,"player_choice":"Cursed","damage_taken":0,"max_hp_gain":0,"max_hp_loss":0,"event_name":"Wheel of Change","floor":31,"gold_loss":0,"cards_obtained":["Decay"]}],"is_beta":true,"boss_relics":[{"not_picked":["Pandora\u0027s Box","Empty Cage"],"picked":"Ectoplasm"}],"items_purged_floors":[],"is_endless":false,"potions_floor_spawned":[4,13,22],"killed_by":"Collector","ascension_level":3}