{"gold_per_floor":[216,235,78,78,88,88,113,113,136,168,168,168,183,203,203,302,302,318,298,314,314],"floor_reached":21,"playtime":683,"items_purged":["Strike_B"],"score":208,"play_id":"03c9e06a-f61d-4b10-bf44-59f8b60fbc60","local_time":"20181024132623","is_ascension_mode":true,"campfire_choices":[{"data":"Storm","floor":6,"key":"SMITH"},{"data":"Amplify","floor":8,"key":"SMITH"},{"data":"Loop","floor":11,"key":"SMITH"},{"data":"Heatsinks","floor":15,"key":"SMITH"}],"neow_cost":"NONE","seed_source_timestamp":1199682894114231,"circlet_count":0,"master_deck":["Strike_B","Strike_B","Strike_B","Defend_B+1","Defend_B","Defend_B+1","Defend_B","Zap","Dualcast","Storm+1","Heatsinks+1","Self Repair","Loop+1","Amplify+1","Leap","Regret","Echo Form","Genetic Algorithm+1"],"relics":["Cracked Core","Bird Faced Urn","Meat on the Bone","Blood Vial","Bronze Scales","War Paint","Runic Pyramid"],"potions_floor_usage":[7,16,18,21],"damage_taken":[{"damage":1,"enemies":"Cultist","floor":1,"turns":3},{"damage":8,"enemies":"Small Slimes","floor":2,"turns":4},{"damage":2,"enemies":"Jaw Worm","floor":5,"turns":3},{"damage":16,"enemies":"Lagavulin","floor":7,"turns":5},{"damage":26,"enemies":"3 Sentries","floor":10,"turns":5},{"damage":14,"enemies":"Red Slaver","floor":13,"turns":2},{"damage":2,"enemies":"Large Slime","floor":14,"turns":4},{"damage":62,"enemies":"Hexaghost","floor":16,"turns":7},{"damage":37,"enemies":"2 Thieves","floor":18,"turns":4},{"damage":16,"enemies":"3 Byrds","floor":20,"turns":2},{"damage":72,"enemies":"Masked Bandits","floor":21,"turns":3}],"seed_played":"-2047109989232356804","potions_obtained":[{"floor":1,"key":"AttackPotion"},{"floor":7,"key":"SteroidPotion"},{"floor":10,"key":"Fire Potion"},{"floor":13,"key":"AttackPotion"},{"floor":18,"key":"Weak Potion"},{"floor":19,"key":"Fire Potion"}],"is_trial":false,"path_per_floor":["M","M","$","T","M","R","E","R","T","E","R","?","M","M","R","B",null,"M","?","M"],"character_chosen":"DEFECT","items_purchased":["Self Repair"],"campfire_rested":0,"item_purchase_floors":[3],"current_hp_per_floor":[74,66,66,66,75,75,66,66,66,60,60,60,56,75,75,38,75,62,62,54,0],"gold":314,"neow_bonus":"HUNDRED_GOLD","is_prod":false,"is_daily":false,"chose_seed":false,"campfire_upgraded":4,"win_rate":0,"timestamp":1540401983,"path_taken":["M","?","$","?","?","R","E","R","T","E","R","?","?","M","R","BOSS","M","?","M","?"],"build_version":"2018-10-18","purchased_purges":1,"victory":false,"max_hp_per_floor":[75,75,75,75,75,75,75,75,75,75,75,75,75,75,75,75,75,75,75,75,75],"card_choices":[{"not_picked":["Streamline","Beam Cell"],"picked":"Storm","floor":1},{"not_picked":["Recycle","Coolheaded"],"picked":"Heatsinks","floor":2},{"not_picked":["Turbo","Stack"],"picked":"Loop","floor":5},{"not_picked":["Beam Cell","Stack"],"picked":"Amplify","floor":7},{"not_picked":["Ball Lightning","Barrage"],"picked":"Leap","floor":10},{"not_picked":["Double Energy","Consume","Barrage"],"picked":"SKIP","floor":13},{"not_picked":["Ball Lightning","Compile Driver","Gash"],"picked":"SKIP","floor":14},{"not_picked":["Hyperbeam","All For One"],"picked":"Echo Form","floor":16},{"not_picked":["Go for the Eyes","Compile Driver","Stack"],"picked":"SKIP","floor":18},{"not_picked":["FTL","Redo"],"picked":"Genetic Algorithm+1","floor":20}],"player_experience":251520,"relics_obtained":[{"floor":4,"key":"Bird Faced Urn"},{"floor":7,"key":"Meat on the Bone"},{"floor":9,"key":"Blood Vial"},{"floor":10,"key":"Bronze Scales"}],"event_choices":[{"damage_healed":0,"gold_gain":0,"player_choice":"Box","damage_taken":0,"relics_obtained":["War Paint"],"max_hp_gain":0,"max_hp_loss":0,"event_name":"Big Fish","floor":12,"gold_loss":0,"cards_obtained":["Regret"]},{"damage_healed":0,"gold_gain":0,"player_choice":"Bought 1 Potion","damage_taken":0,"max_hp_gain":0,"max_hp_loss":0,"event_name":"The Woman in Blue","floor":19,"gold_loss":0},{"damage_healed":0,"gold_gain":0,"player_choice":"Fought Bandits","damage_taken":0,"max_hp_gain":0,"max_hp_loss":0,"event_name":"Masked Bandits","floor":21,"gold_loss":0}],"is_beta":false,"boss_relics":[{"not_picked":["Velvet Choker","Snecko Eye"],"picked":"Runic Pyramid"}],"items_purged_floors":[3],"is_endless":false,"potions_floor_spawned":[1,7,10,13,18],"killed_by":"Masked Bandits","ascension_level":2}