{"gold_per_floor":[116,116,126,142,142,142,67,81,81,91,91,107,140,153,153,248,248,263,25,25,25,44,78,94,94,171,196,263,325,325,338,338,435,435,451,471,45,95,162,197,217,237,237,249,262,262,278,292,292,292,292,292,19,48,48],"floor_reached":55,"playtime":12848,"items_purged":["Defend_R","Strike_R","Strike_R"],"score":759,"play_id":"3f92202b-d33b-4b24-99d2-dcfc112d53ba","local_time":"20190816183503","is_ascension_mode":true,"campfire_choices":[{"floor":6.0,"key":"RECALL"},{"data":"Seeing Red","floor":11.0,"key":"SMITH"},{"data":"Juggernaut","floor":15.0,"key":"SMITH"},{"data":"Armaments","floor":30.0,"key":"SMITH"},{"floor":32.0,"key":"REST"},{"floor":46,"key":"REST"},{"floor":49,"key":"REST"},{"data":"Metallicize","floor":52,"key":"SMITH"}],"neow_cost":"NONE","seed_source_timestamp":0,"circlet_count":0,"master_deck":["Strike_R","Strike_R","Defend_R","Defend_R","Bash","Power Through+1","Wild Strike","Pommel Strike","Shockwave","Seeing Red+1","Iron Wave","Juggernaut+1","Armaments+1","Clothesline","Fiend Fire","Sever Soul","Flame Barrier","Battle Trance","Thunderclap+1","Evolve+1","Metallicize+1","Headbutt+1","Anger+1","Battle Trance+1"],"special_seed":0,"relics":["Burning Blood","NeowsBlessing","Centennial Puzzle","Busted Crown","Pear","Letter Opener","SsserpentHead","Bottled Tornado","Bronze Scales","Velvet Choker","Kunai","Molten Egg 2","Ornamental Fan","Red Skull","Bag of Marbles"],"potions_floor_usage":[36,40,41,48,50,50,50,55],"damage_taken":[{"damage":0.0,"enemies":"Jaw Worm","floor":1.0,"turns":1.0},{"damage":0.0,"enemies":"Small Slimes","floor":3.0,"turns":1.0},{"damage":0.0,"enemies":"Cultist","floor":4.0,"turns":1.0},{"damage":17.0,"enemies":"Large Slime","floor":8.0,"turns":9.0},{"damage":13.0,"enemies":"Exordium Wildlife","floor":10.0,"turns":4.0},{"damage":12.0,"enemies":"Gremlin Gang","floor":12.0,"turns":6.0},{"damage":3.0,"enemies":"Lagavulin","floor":13.0,"turns":7.0},{"damage":5.0,"enemies":"Looter","floor":14.0,"turns":3.0},{"damage":11.0,"enemies":"Hexaghost","floor":16.0,"turns":9.0},{"damage":9.0,"enemies":"2 Thieves","floor":18.0,"turns":4.0},{"damage":14.0,"enemies":"3 Byrds","floor":22.0,"turns":5.0},{"damage":7.0,"enemies":"Book of Stabbing","floor":23.0,"turns":5.0},{"damage":12.0,"enemies":"Centurion and Healer","floor":24.0,"turns":7.0},{"damage":27.0,"enemies":"Slavers","floor":27.0,"turns":5.0},{"damage":11.0,"enemies":"Snecko","floor":28.0,"turns":3.0},{"damage":7.0,"enemies":"Shelled Parasite and Fungi","floor":29.0,"turns":3.0},{"damage":9.0,"enemies":"Centurion and Healer","floor":31.0,"turns":5.0},{"damage":31.0,"enemies":"Automaton","floor":33.0,"turns":10.0},{"damage":14,"enemies":"3 Shapes","floor":35,"turns":4},{"damage":22,"enemies":"3 Darklings","floor":36,"turns":3},{"damage":15,"enemies":"Maw","floor":39,"turns":7},{"damage":45,"enemies":"Nemesis","floor":40,"turns":7},{"damage":7,"enemies":"Sphere and 2 Shapes","floor":41,"turns":4},{"damage":0,"enemies":"Transient","floor":42,"turns":5},{"damage":14,"enemies":"Maw","floor":44,"turns":6},{"damage":22,"enemies":"Spire Growth","floor":45,"turns":4},{"damage":6,"enemies":"Sphere and 2 Shapes","floor":47,"turns":4},{"damage":0,"enemies":"Transient","floor":48,"turns":5},{"damage":61,"enemies":"Time Eater","floor":50,"turns":10},{"damage":77,"enemies":"Shield and Spear","floor":54,"turns":6},{"damage":20,"enemies":"The Heart","floor":55,"turns":2}],"seed_played":"-430125684801989650","potions_obtained":[{"floor":4.0,"key":"Block Potion"},{"floor":10.0,"key":"Strength Potion"},{"floor":12.0,"key":"Block Potion"},{"floor":16.0,"key":"EssenceOfSteel"},{"floor":23.0,"key":"SpeedPotion"},{"floor":24.0,"key":"SpeedPotion"},{"floor":28.0,"key":"Ancient Potion"},{"floor":33.0,"key":"FairyPotion"},{"floor":35,"key":"Explosive Potion"},{"floor":36,"key":"Strength Potion"},{"floor":40,"key":"Weak Potion"},{"floor":45,"key":"Ancient Potion"},{"floor":47,"key":"Energy Potion"},{"floor":48,"key":"Strength Potion"},{"floor":54,"key":"Explosive Potion"}],"is_trial":false,"path_per_floor":["M","?","M","M","?","R","$","M","T","M","R","M","E","M","R","B",null,"M","$","?","?","M","E","M","?","T","E","M","M","R","M","R","B",null,"M","M","$","?","M","E","M","M","T","M","M","R","M","M","R","B",null,"R","$","E","B"],"character_chosen":"IRONCLAD","items_purchased":["Pear","Kunai","GamblersBrew","Red Skull"],"campfire_rested":3,"item_purchase_floors":[19,37,37,53],"current_hp_per_floor":[80,80,80,80,80,80,80,69,69,62,62,56,59,60,60,55,80,77,87,87,87,79,78,72,72,72,51,46,45,45,42,69,44,90,82,66,66,66,57,18,17,23,23,15,15,42,42,48,75,20,90,90,90,19,0],"gold":48,"neow_bonus":"THREE_ENEMY_KILL","is_prod":false,"is_daily":false,"chose_seed":false,"campfire_upgraded":4,"win_rate":0,"timestamp":1565998503,"path_taken":["M","?","M","M","?","R","$","M","T","M","R","M","E","?","R","BOSS","M","$","?","?","M","E","M","?","T","E","?","?","R","M","R","BOSS","M","M","$","?","?","E","M","M","T","M","M","R","M","M","R","BOSS","R","$","E","BOSS"],"build_version":"2019-07-05","purchased_purges":3,"victory":false,"max_hp_per_floor":[80,80,80,80,80,80,80,80,80,80,80,80,80,80,80,80,80,80,90,90,90,90,90,90,90,90,90,90,90,90,90,90,90,90,90,90,90,90,90,90,90,90,90,90,90,90,90,90,90,90,90,90,90,90,90],"card_choices":[{"not_picked":["Armaments","Perfected Strike"],"picked":"Power Through","floor":1.0},{"not_picked":["Twin Strike","Sword Boomerang"],"picked":"Wild Strike","floor":3.0},{"not_picked":["Rupture","Disarm"],"picked":"Pommel Strike","floor":4.0},{"not_picked":["Rupture","Intimidate"],"picked":"Seeing Red","floor":8.0},{"not_picked":["Havoc","Heavy Blade"],"picked":"Iron Wave","floor":10.0},{"not_picked":["Shrug It Off","Clash"],"picked":"Juggernaut","floor":12.0},{"not_picked":["Flex","Shrug It Off"],"picked":"Armaments","floor":13.0},{"not_picked":["Twin Strike","Impervious"],"picked":"Clothesline","floor":14.0},{"not_picked":["Limit Break","Offering"],"picked":"Fiend Fire","floor":16.0},{"not_picked":["Clothesline"],"picked":"SKIP","floor":18.0},{"not_picked":[],"picked":"Flame Barrier","floor":22.0},{"not_picked":["Iron Wave"],"picked":"SKIP","floor":23.0},{"not_picked":[],"picked":"Battle Trance","floor":24.0},{"not_picked":["Cleave"],"picked":"SKIP","floor":27.0},{"not_picked":[],"picked":"Thunderclap+1","floor":28.0},{"not_picked":["Armaments"],"picked":"SKIP","floor":29.0},{"not_picked":["Heavy Blade"],"picked":"SKIP","floor":31.0},{"not_picked":["Disarm+1"],"picked":"SKIP","floor":35},{"not_picked":[],"picked":"Evolve+1","floor":36},{"not_picked":["Armaments"],"picked":"SKIP","floor":39},{"not_picked":[],"picked":"Metallicize","floor":40},{"not_picked":[],"picked":"Headbutt+1","floor":41},{"not_picked":[],"picked":"Anger+1","floor":42},{"not_picked":["Perfected Strike+1"],"picked":"SKIP","floor":44},{"not_picked":["Flex+1"],"picked":"SKIP","floor":45},{"not_picked":["Wild Strike+1"],"picked":"SKIP","floor":47},{"not_picked":[],"picked":"Battle Trance+1","floor":48},{"not_picked":["Feed+1"],"picked":"SKIP","floor":54}],"player_experience":370597,"relics_obtained":[{"floor":13.0,"key":"Centennial Puzzle"},{"floor":23.0,"key":"Letter Opener"},{"floor":26.0,"key":"Bottled Tornado"},{"floor":27.0,"key":"Bronze Scales"},{"floor":40,"key":"Molten Egg 2"},{"floor":43,"key":"Ornamental Fan"},{"floor":54,"key":"Bag of Marbles"}],"event_choices":[{"damage_healed":0.0,"max_hp_gain":0.0,"max_hp_loss":0.0,"gold_gain":0.0,"event_name":"Living Wall","player_choice":"Grow","floor":2.0,"gold_loss":0.0,"damage_taken":0.0,"cards_upgraded":["Power Through"]},{"damage_healed":0.0,"max_hp_gain":0.0,"max_hp_loss":0.0,"gold_gain":0.0,"cards_transformed":["Defend_R"],"event_name":"Transmorgrifier","player_choice":"Transformed","floor":5.0,"gold_loss":0.0,"damage_taken":0.0,"cards_obtained":["Shockwave"]},{"damage_healed":0.0,"max_hp_gain":0.0,"max_hp_loss":0.0,"gold_gain":0.0,"event_name":"The Library","player_choice":"Read","floor":20.0,"gold_loss":0.0,"damage_taken":0.0,"cards_obtained":["Sever Soul"]},{"cards_removed":["Strike_R"],"damage_healed":0.0,"max_hp_gain":0.0,"max_hp_loss":0.0,"gold_gain":0.0,"event_name":"Back to Basics","player_choice":"Elegance","floor":21.0,"gold_loss":0.0,"damage_taken":0.0},{"damage_healed":0.0,"max_hp_gain":0.0,"max_hp_loss":0.0,"gold_gain":0.0,"event_name":"FaceTrader","player_choice":"Trade","floor":25.0,"gold_loss":0.0,"damage_taken":0.0,"relics_obtained":["SsserpentHead"]},{"damage_healed":0,"gold_gain":0,"player_choice":"Bought 0 Potions","damage_taken":0,"max_hp_gain":0,"max_hp_loss":0,"event_name":"The Woman in Blue","floor":38,"gold_loss":0}],"is_beta":false,"boss_relics":[{"not_picked":["Sozu","Eternal Feather"],"picked":"Busted Crown"},{"not_picked":["Runic Dome","Philosopher\u0027s Stone"],"picked":"Velvet Choker"}],"items_purged_floors":[7,37,53],"is_endless":false,"potions_floor_spawned":[4,10,12,16,23,24,28,33,35,36,40,45,47,48,54],"killed_by":"The Heart","ascension_level":1}