{"gold_per_floor":[112,124,138,155,155,155,174,184,184,184,203,222,280,293,293,398,398,413,425,425,437,454,454,486,486,486,486,504,63,73,83,83,180,180,197,217,217,217],"floor_reached":38,"playtime":7079,"items_purged":[],"score":446,"play_id":"f1b36cad-499f-4755-8927-d95e43136583","local_time":"20190805014728","is_ascension_mode":false,"campfire_choices":[{"floor":6,"key":"REST"},{"floor":10,"key":"REST"},{"floor":15,"key":"REST"},{"floor":23,"key":"REST"},{"floor":25,"key":"REST"},{"floor":32,"key":"REST"}],"neow_cost":"NONE","seed_source_timestamp":77589217293500,"circlet_count":0,"master_deck":["Strike_B","Strike_B","Strike_B","Strike_B","Defend_B","Defend_B","Defend_B","Zap+1","Dualcast+1","Chaos","Loop","Compile Driver","Barrage","Redo","Ball Lightning","Electrodynamics","Coolheaded","Auto Shields","Hologram","Storm","Thunder Strike","White Noise","Redo","Ghostly","Ghostly","Ghostly","Ghostly","Ghostly","Ball Lightning","Defragment","Undo","Skim","Force Field+1","Mayhem","Chill","Go for the Eyes","Hologram","All For One","Stack+1","Self Repair"],"relics":["Cracked Core","Gambling Chip","Centennial Puzzle","White Beast Statue","Torii","Pear","ClockworkSouvenir","Busted Crown","Unceasing Top"],"potions_floor_usage":[8,13,13,19,24,33,33,33,38,38],"damage_taken":[{"damage":1,"enemies":"Cultist","floor":1,"turns":3},{"damage":8,"enemies":"Small Slimes","floor":2,"turns":3},{"damage":4,"enemies":"Jaw Worm","floor":3,"turns":3},{"damage":10,"enemies":"Looter","floor":4,"turns":3},{"damage":23,"enemies":"Exordium Thugs","floor":7,"turns":4},{"damage":9,"enemies":"Red Slaver","floor":8,"turns":2},{"damage":11,"enemies":"Large Slime","floor":11,"turns":3},{"damage":0,"enemies":"2 Fungi Beasts","floor":12,"turns":2},{"damage":13,"enemies":"Gremlin Nob","floor":13,"turns":4},{"damage":4,"enemies":"3 Louse","floor":14,"turns":3},{"damage":35,"enemies":"Hexaghost","floor":16,"turns":10},{"damage":16,"enemies":"Chosen","floor":18,"turns":5},{"damage":25,"enemies":"2 Thieves","floor":19,"turns":3},{"damage":4,"enemies":"Snake Plant","floor":21,"turns":5},{"damage":12,"enemies":"Cultist and Chosen","floor":22,"turns":4},{"damage":4,"enemies":"Gremlin Leader","floor":24,"turns":5},{"damage":1,"enemies":"Snecko","floor":28,"turns":4},{"damage":2,"enemies":"Sentry and Sphere","floor":30,"turns":6},{"damage":7,"enemies":"3 Cultists","floor":31,"turns":5},{"damage":18,"enemies":"Automaton","floor":33,"turns":11},{"damage":0,"enemies":"3 Darklings","floor":35,"turns":4},{"damage":40,"enemies":"3 Shapes","floor":36,"turns":6},{"damage":8,"enemies":"Sphere and 2 Shapes","floor":38,"turns":2}],"seed_played":"6141756643772666289","potions_obtained":[{"floor":2,"key":"SpeedPotion"},{"floor":7,"key":"EssenceOfSteel"},{"floor":11,"key":"Strength Potion"},{"floor":12,"key":"Regen Potion"},{"floor":14,"key":"Block Potion"},{"floor":18,"key":"Regen Potion"},{"floor":19,"key":"Dexterity Potion"},{"floor":21,"key":"PowerPotion"},{"floor":22,"key":"Strength Potion"},{"floor":24,"key":"AttackPotion"},{"floor":30,"key":"Ancient Potion"},{"floor":33,"key":"Dexterity Potion"},{"floor":35,"key":"Explosive Potion"},{"floor":36,"key":"SkillPotion"}],"is_trial":false,"path_per_floor":["M","M","M","M","?","R","M","M","T","R","M","M","?","M","R","B",null,"M","M","?","M","M","R","E","R","T","?","M","$","M","M","R","B",null,"M","M","?","M"],"character_chosen":"DEFECT","items_purchased":["Mayhem","ClockworkSouvenir","Chill"],"campfire_rested":6,"item_purchase_floors":[29,29,29],"current_hp_per_floor":[74,66,62,52,37,59,36,27,27,49,38,38,37,33,55,20,75,59,34,34,30,18,29,25,36,46,46,45,45,43,36,47,29,47,47,7,7,0],"gold":217,"neow_bonus":"TRANSFORM_CARD","is_prod":false,"is_daily":false,"chose_seed":false,"campfire_upgraded":0,"win_rate":0.0,"timestamp":1564987648,"path_taken":["M","M","M","M","?","R","M","M","T","R","M","M","?","M","R","BOSS","M","M","?","M","M","R","E","R","T","?","M","$","M","?","R","BOSS","M","M","?","M"],"build_version":"2019-07-05","purchased_purges":0,"victory":false,"max_hp_per_floor":[75,75,75,75,75,75,75,75,75,75,75,75,75,75,75,75,75,75,75,37,37,37,37,37,37,47,47,47,47,47,47,47,47,47,47,47,47,47],"card_choices":[{"not_picked":["Sweeping Beam","Streamline"],"picked":"Loop","floor":1},{"not_picked":["Streamline","Go for the Eyes"],"picked":"Compile Driver","floor":2},{"not_picked":["Tempest","Compile Driver"],"picked":"Barrage","floor":3},{"not_picked":["FTL","Rainbow"],"picked":"Redo","floor":4},{"not_picked":["Go for the Eyes","Stack"],"picked":"Ball Lightning","floor":7},{"not_picked":["Beam Cell","Hello World"],"picked":"Electrodynamics","floor":8},{"not_picked":["Conserve Battery","Go for the Eyes"],"picked":"Coolheaded","floor":11},{"not_picked":["Reprogram","Streamline"],"picked":"Auto Shields","floor":12},{"not_picked":["Undo","Stack"],"picked":"Hologram","floor":13},{"not_picked":["Streamline","Sweeping Beam"],"picked":"Storm","floor":14},{"not_picked":["Rainbow","Amplify"],"picked":"Thunder Strike","floor":16},{"not_picked":["Sweeping Beam+1","Steam+1"],"picked":"White Noise","floor":18},{"not_picked":["Stack+1","Coolheaded"],"picked":"Redo","floor":19},{"not_picked":["Aggregate","Sweeping Beam"],"picked":"Ball Lightning","floor":21},{"not_picked":["Streamline","Reprogram+1"],"picked":"Defragment","floor":22},{"not_picked":["White Noise+1","Consume"],"picked":"Undo","floor":24},{"not_picked":["Tempest","Gash"],"picked":"Force Field+1","floor":28},{"not_picked":["Ball Lightning","Compile Driver+1"],"picked":"Go for the Eyes","floor":30},{"not_picked":["Leap","Coolheaded"],"picked":"Hologram","floor":31},{"not_picked":["Biased Cognition","Seek"],"picked":"All For One","floor":33},{"not_picked":[],"picked":"Stack+1","floor":35},{"not_picked":[],"picked":"Self Repair","floor":36}],"player_experience":86519,"relics_obtained":[{"floor":9,"key":"Gambling Chip"},{"floor":13,"key":"Centennial Puzzle"},{"floor":24,"key":"Torii"},{"floor":26,"key":"Pear"}],"event_choices":[{"damage_healed":0,"gold_gain":0,"player_choice":"Entered Light","damage_taken":15,"max_hp_gain":0,"max_hp_loss":0,"event_name":"Shining Light","floor":5,"gold_loss":0,"cards_upgraded":["Zap","Dualcast"]},{"damage_healed":0,"gold_gain":0,"player_choice":"Searched \u00271\u0027 times","damage_taken":0,"max_hp_gain":0,"max_hp_loss":0,"event_name":"Dead Adventurer","floor":13,"gold_loss":0},{"damage_healed":0,"gold_gain":0,"player_choice":"Became a Ghost","damage_taken":0,"max_hp_gain":0,"max_hp_loss":38,"event_name":"Ghosts","floor":20,"gold_loss":0,"cards_obtained":["Ghostly","Ghostly","Ghostly","Ghostly","Ghostly"]},{"damage_healed":0,"gold_gain":0,"player_choice":"Read","damage_taken":0,"max_hp_gain":0,"max_hp_loss":0,"event_name":"The Library","floor":27,"gold_loss":0,"cards_obtained":["Skim"]},{"damage_healed":0,"gold_gain":0,"player_choice":"Gave Potion","damage_taken":0,"relics_obtained":["Unceasing Top"],"max_hp_gain":0,"max_hp_loss":0,"event_name":"WeMeetAgain","floor":37,"gold_loss":0}],"is_beta":false,"boss_relics":[{"not_picked":["Ectoplasm","Runic Dome"],"picked":"White Beast Statue"},{"not_picked":["Black Star","Empty Cage"],"picked":"Busted Crown"}],"items_purged_floors":[],"is_endless":false,"potions_floor_spawned":[2,7,11,12,14,18,19,21,22,24,28,30,31,33,35,36],"killed_by":"Sphere and 2 Shapes","ascension_level":0}