{"gold_per_floor":[117,117,3,15,90,116,116,116,116,127,144,144,159,83,83,187,187,198,218,218,100,117,146,146,160,229,229,247,247,264,664,664,768,768,787,787,300,310,330,330],"floor_reached":40,"playtime":5196,"items_purged":["Defend_G","Strike_G"],"score":523,"play_id":"916adfee-d835-4c7c-b32f-97260f259e72","local_time":"20190909035801","is_ascension_mode":true,"campfire_choices":[{"data":"Masterful Stab","floor":8.0,"key":"SMITH"},{"floor":15.0,"key":"REST"},{"floor":24.0,"key":"REST"},{"floor":27.0,"key":"REST"},{"floor":29.0,"key":"REST"},{"floor":32,"key":"REST"}],"neow_cost":"NONE","seed_source_timestamp":0,"circlet_count":0,"master_deck":["Strike_G","Strike_G","Defend_G","Survivor","Neutralize","Quick Slash","Well Laid Plans","Crippling Poison","Masterful Stab+1","Poisoned Stab","Accuracy+1","Backstab","Calculated Gamble","Adrenaline","Blade Dance+1","Footwork+1","Blade Dance+1","Sucker Punch","Infinite Blades","Cloak And Dagger","PiercingWail","Calculated Gamble+1","Leg Sweep","Backflip","Distraction","Outmaneuver","Storm of Steel","Backflip+1","A Thousand Cuts","Apotheosis","Well Laid Plans","Prepared+1"],"special_seed":0,"relics":["Ring of the Snake","NeowsBlessing","PreservedInsect","Vajra","Ninja Scroll","Astrolabe","Orichalcum","Gremlin Horn","Old Coin","Paper Crane","Busted Crown","ClockworkSouvenir"],"potions_floor_usage":[31,35,40],"damage_taken":[{"damage":0.0,"enemies":"2 Louse","floor":1.0,"turns":1.0},{"damage":0.0,"enemies":"Jaw Worm","floor":4.0,"turns":1.0},{"damage":0.0,"enemies":"3 Sentries","floor":6.0,"turns":1.0},{"damage":0.0,"enemies":"Cultist","floor":10.0,"turns":2.0},{"damage":7.0,"enemies":"Large Slime","floor":11.0,"turns":4.0},{"damage":12.0,"enemies":"Exordium Thugs","floor":13.0,"turns":4.0},{"damage":18.0,"enemies":"Slime Boss","floor":16.0,"turns":8.0},{"damage":6.0,"enemies":"3 Byrds","floor":18.0,"turns":3.0},{"damage":3.0,"enemies":"Chosen","floor":19.0,"turns":3.0},{"damage":18.0,"enemies":"Snecko","floor":22.0,"turns":3.0},{"damage":38.0,"enemies":"Book of Stabbing","floor":23.0,"turns":4.0},{"damage":10.0,"enemies":"Sentry and Sphere","floor":25.0,"turns":4.0},{"damage":12.0,"enemies":"Snake Plant","floor":28.0,"turns":3.0},{"damage":7.0,"enemies":"Cultist and Chosen","floor":30.0,"turns":5.0},{"damage":16,"enemies":"Colosseum Slavers","floor":31,"turns":4},{"damage":0,"enemies":"Colosseum Nobs","floor":31,"turns":4},{"damage":35,"enemies":"Champ","floor":33,"turns":11},{"damage":25,"enemies":"3 Darklings","floor":35,"turns":5},{"damage":20,"enemies":"3 Shapes","floor":38,"turns":4},{"damage":15,"enemies":"3 Darklings","floor":39,"turns":4},{"damage":25,"enemies":"Nemesis","floor":40,"turns":4}],"seed_played":"-4558024899071503671","potions_obtained":[{"floor":4.0,"key":"SpeedPotion"},{"floor":6.0,"key":"SkillPotion"},{"floor":10.0,"key":"Swift Potion"},{"floor":13.0,"key":"GamblersBrew"},{"floor":18.0,"key":"AttackPotion"},{"floor":19.0,"key":"Strength Potion"},{"floor":28.0,"key":"Dexterity Potion"},{"floor":33,"key":"Regen Potion"},{"floor":39,"key":"Weak Potion"}],"is_trial":false,"path_per_floor":["M","?","$","M","?","E","$","R","T","M","M","?","M","$","R","B",null,"M","M","?","$","M","E","R","M","T","R","M","R","M","?","R","B",null,"M","?","$","M","M","E"],"character_chosen":"THE_SILENT","items_purchased":["Well Laid Plans","Calculated Gamble","Infinite Blades","Cloak And Dagger","ClockworkSouvenir","Apotheosis"],"campfire_rested":5,"item_purchase_floors":[3,14,21,21,37,37],"current_hp_per_floor":[70,58,58,58,47,47,47,47,47,47,40,40,28,28,49,31,70,64,61,61,61,43,5,26,16,16,37,25,46,39,23,44,9,70,54,54,54,34,19,0],"gold":330,"neow_bonus":"THREE_ENEMY_KILL","is_prod":false,"is_daily":false,"chose_seed":false,"campfire_upgraded":1,"win_rate":0,"timestamp":1568019481,"path_taken":["M","?","$","M","?","E","?","R","T","M","?","?","M","?","R","BOSS","M","M","?","$","M","E","R","?","T","R","M","R","M","?","R","BOSS","M","?","$","?","M","E"],"build_version":"2019-08-26","purchased_purges":2,"victory":false,"max_hp_per_floor":[70,70,70,70,70,70,70,70,70,70,70,70,70,70,70,70,70,70,70,70,70,70,70,70,70,70,70,70,70,70,70,70,70,70,70,70,70,70,70,70],"card_choices":[{"not_picked":["Bane","Flying Knee"],"picked":"Quick Slash","floor":1.0},{"not_picked":["Slice","Terror"],"picked":"Crippling Poison","floor":4.0},{"not_picked":["A Thousand Cuts","Blade Dance"],"picked":"Masterful Stab","floor":6.0},{"not_picked":["PiercingWail","Cloak And Dagger"],"picked":"Poisoned Stab","floor":10.0},{"not_picked":["Catalyst","Dagger Throw"],"picked":"Accuracy","floor":11.0},{"not_picked":["Deflect","Prepared"],"picked":"Backstab","floor":13.0},{"not_picked":["A Thousand Cuts","Tools of the Trade"],"picked":"Adrenaline","floor":16.0},{"not_picked":["Masterful Stab","Poisoned Stab+1","Eviscerate+1"],"picked":"SKIP","floor":18.0},{"not_picked":["Blade Dance","Heel Hook"],"picked":"Sucker Punch","floor":19.0},{"not_picked":["Dagger Spray","Unload"],"picked":"PiercingWail","floor":22.0},{"not_picked":["Flying Knee","Backstab"],"picked":"Calculated Gamble+1","floor":23.0},{"not_picked":["Underhanded Strike","Bouncing Flask"],"picked":"Leg Sweep","floor":25.0},{"not_picked":["Masterful Stab","Deadly Poison"],"picked":"Backflip","floor":28.0},{"not_picked":["Outmaneuver","Slice+1"],"picked":"Distraction","floor":30.0},{"not_picked":["Predator","Skewer"],"picked":"Outmaneuver","floor":31},{"not_picked":["Malaise","Grand Finale"],"picked":"Storm of Steel","floor":33},{"not_picked":[],"picked":"Backflip+1","floor":35},{"not_picked":[],"picked":"Well Laid Plans","floor":38},{"not_picked":[],"picked":"Prepared+1","floor":39}],"player_experience":525256,"relics_obtained":[{"floor":6.0,"key":"Vajra"},{"floor":9.0,"key":"Ninja Scroll"},{"floor":23.0,"key":"Orichalcum"},{"floor":26.0,"key":"Gremlin Horn"},{"floor":31,"key":"Old Coin"},{"floor":31,"key":"Paper Crane"}],"event_choices":[{"damage_healed":0.0,"max_hp_gain":0.0,"max_hp_loss":0.0,"gold_gain":0.0,"event_name":"Scrap Ooze","player_choice":"Success","floor":2.0,"gold_loss":0.0,"damage_taken":12.0,"relics_obtained":["PreservedInsect"]},{"damage_healed":0.0,"max_hp_gain":0.0,"max_hp_loss":0.0,"gold_gain":75.0,"event_name":"World of Goop","player_choice":"Gather Gold","floor":5.0,"gold_loss":0.0,"damage_taken":11.0},{"damage_healed":0.0,"max_hp_gain":0.0,"max_hp_loss":0.0,"gold_gain":0.0,"event_name":"Accursed Blacksmith","player_choice":"Forge","floor":12.0,"gold_loss":0.0,"damage_taken":0.0,"cards_upgraded":["Accuracy"]},{"cards_removed":["Strike_G"],"damage_healed":0.0,"max_hp_gain":0.0,"max_hp_loss":0.0,"gold_gain":0.0,"event_name":"Bonfire Elementals","player_choice":"Offered Basic","floor":20.0,"gold_loss":0.0,"damage_taken":0.0},{"damage_healed":0,"gold_gain":0,"player_choice":"Fight","damage_taken":0,"max_hp_gain":0,"max_hp_loss":0,"event_name":"Colosseum","floor":31,"gold_loss":0},{"damage_healed":0,"gold_gain":0,"player_choice":"Fought Nobs","damage_taken":0,"max_hp_gain":0,"max_hp_loss":0,"event_name":"Colosseum","floor":31,"gold_loss":0},{"damage_healed":0,"gold_gain":0,"cards_transformed":["Strike_G"],"player_choice":"Transformed","damage_taken":0,"max_hp_gain":0,"max_hp_loss":0,"event_name":"Transmorgrifier","floor":36,"gold_loss":0,"cards_obtained":["A Thousand Cuts"]}],"is_beta":true,"boss_relics":[{"not_picked":["Snecko Eye","Calling Bell"],"picked":"Astrolabe"},{"not_picked":["Lizard Tail","Runic Dome"],"picked":"Busted Crown"}],"items_purged_floors":[3,37],"is_endless":false,"potions_floor_spawned":[4,6,10,13,18,19,28,33,39],"killed_by":"Nemesis","ascension_level":3}