{"gold_per_floor":[15,15,15,29,42,42,76,76,103,103,103,121,46,60,60,191,191,215,235,334,350,350],"floor_reached":22,"playtime":1036,"items_purged":["Coolheaded"],"score":214,"play_id":"4ade5b10-d14f-4f6a-91f1-973f2be04d19","local_time":"20181027160456","is_ascension_mode":true,"campfire_choices":[{"floor":6,"key":"REST"},{"data":"Creative AI","floor":8,"key":"SMITH"},{"floor":11,"key":"REST"},{"floor":15,"key":"REST"}],"neow_cost":"NO_GOLD","seed_source_timestamp":4851375963447,"circlet_count":0,"master_deck":["Strike_B","Strike_B","Defend_B","Defend_B","Defend_B","Defend_B","Zap","Dualcast","Conserve Battery","Creative AI+1","Hello World"],"relics":["Cracked Core","Emotion Chip","Golden Idol","Blood Vial","Strawberry","Busted Crown"],"potions_floor_usage":[14,21],"damage_taken":[{"damage":3,"enemies":"Jaw Worm","floor":1,"turns":4},{"damage":20,"enemies":"Small Slimes","floor":4,"turns":4},{"damage":0,"enemies":"Cultist","floor":5,"turns":4},{"damage":23,"enemies":"3 Sentries","floor":7,"turns":10},{"damage":4,"enemies":"3 Louse","floor":12,"turns":5},{"damage":38,"enemies":"Gremlin Gang","floor":14,"turns":7},{"damage":14,"enemies":"The Guardian","floor":16,"turns":15},{"damage":7,"enemies":"3 Byrds","floor":18,"turns":3},{"damage":29,"enemies":"Chosen","floor":19,"turns":7},{"damage":41,"enemies":"Shelled Parasite and Fungi","floor":21,"turns":10},{"damage":14,"enemies":"Centurion and Healer","floor":22,"turns":2}],"seed_played":"-8455065713514417927","potions_obtained":[{"floor":5,"key":"Poison Potion"},{"floor":7,"key":"SpeedPotion"},{"floor":12,"key":"Poison Potion"},{"floor":14,"key":"FearPotion"},{"floor":18,"key":"Weak Potion"}],"is_trial":false,"path_per_floor":["M","?","?","M","M","R","E","R","T","?","R","M","$","M","R","B",null,"M","M","?","M"],"character_chosen":"DEFECT","items_purchased":[],"campfire_rested":3,"item_purchase_floors":[],"current_hp_per_floor":[72,54,54,34,34,56,33,33,40,33,57,55,55,19,43,31,82,75,48,48,9,0],"gold":350,"neow_bonus":"ONE_RARE_RELIC","is_prod":false,"is_daily":false,"chose_seed":false,"campfire_upgraded":1,"win_rate":0,"timestamp":1540670696,"path_taken":["M","?","?","M","M","R","E","R","T","?","R","M","$","M","R","BOSS","M","M","?","?","M"],"build_version":"2018-10-18","purchased_purges":1,"victory":false,"max_hp_per_floor":[75,75,75,75,75,75,75,75,82,82,82,82,82,82,82,82,82,82,82,82,82,82],"card_choices":[{"not_picked":["Rebound","Fusion","Melter"],"picked":"SKIP","floor":1},{"not_picked":["Heatsinks","Leap"],"picked":"Conserve Battery","floor":4},{"not_picked":["Go for the Eyes","Chaos"],"picked":"Coolheaded","floor":5},{"not_picked":["Chaos","Streamline"],"picked":"Creative AI","floor":7},{"not_picked":["Go for the Eyes","Stack","Gash"],"picked":"SKIP","floor":12},{"not_picked":["Skim","Gash"],"picked":"Hello World","floor":14},{"not_picked":["Tempest"],"picked":"SKIP","floor":18},{"not_picked":["Compile Driver+1"],"picked":"SKIP","floor":19},{"not_picked":["Barrage"],"picked":"SKIP","floor":21}],"player_experience":259941,"relics_obtained":[{"floor":7,"key":"Blood Vial"},{"floor":9,"key":"Strawberry"}],"event_choices":[{"damage_healed":0,"gold_gain":0,"player_choice":"Take Damage","damage_taken":18,"relics_obtained":["Golden Idol"],"max_hp_gain":0,"max_hp_loss":0,"event_name":"Golden Idol","floor":2,"gold_loss":0},{"cards_removed":["Strike_B"],"damage_healed":0,"gold_gain":0,"player_choice":"Offered Basic","damage_taken":0,"max_hp_gain":0,"max_hp_loss":0,"event_name":"Bonfire Elementals","floor":3,"gold_loss":0},{"cards_removed":["Strike_B"],"damage_healed":0,"gold_gain":0,"player_choice":"Card Removal","damage_taken":7,"max_hp_gain":0,"max_hp_loss":0,"event_name":"Golden Wing","floor":10,"gold_loss":0},{"damage_healed":0,"gold_gain":99,"player_choice":"Stole From Cult","damage_taken":0,"max_hp_gain":0,"max_hp_loss":0,"event_name":"Nest","floor":20,"gold_loss":0}],"is_beta":false,"boss_relics":[{"not_picked":["Cursed Key","Lizard Tail"],"picked":"Busted Crown"}],"items_purged_floors":[13],"is_endless":false,"potions_floor_spawned":[5,7,12,14,18],"killed_by":"Centurion and Healer","ascension_level":3}