{"gold_per_floor":[118,68,86,161,176,176,21,54,54,66],"floor_reached":10,"playtime":371,"items_purged":[],"score":116,"play_id":"3fc4f4de-8329-47ac-8b54-9e273904769b","local_time":"20181024141032","daily_mods":["Insanity","ControlledChaos","Binary"],"is_ascension_mode":false,"campfire_choices":[{"data":"Creative AI","floor":6,"key":"SMITH"}],"neow_cost":"","seed_source_timestamp":1200381568220751,"circlet_count":0,"master_deck":["Auto Shields","Reprogram","Doom and Gloom","Echo Form","Hyperbeam","Rainbow","Defend_B","Core Surge","Sunder","Force Field","Lockon","BootSequence","Reboot","Echo Form","Heatsinks","Streamline","Creative AI+1","Sunder","Zap","Double Energy","Cold Snap","Leap","Redo","Melter","Beam Cell","Fission","Cold Snap","Skim","Tempest","Self Repair","Reinforced Body","Rip and Tear","BootSequence","Streamline","Rebound","Barrage","Compile Driver","Defragment","Streamline","Fusion","Redo","White Noise","Fusion","Tempest","Storm","Doom and Gloom","Lockon","Biased Cognition","Melter","Conserve Battery","White Noise","Conserve Battery"],"relics":["Cracked Core","Frozen Eye","Centennial Puzzle","Bottled Lightning","MawBank"],"potions_floor_usage":[],"damage_taken":[{"damage":1,"enemies":"Small Slimes","floor":1,"turns":3},{"damage":0,"enemies":"2 Louse","floor":3,"turns":1},{"damage":0,"enemies":"Cultist","floor":5,"turns":3},{"damage":27,"enemies":"3 Sentries","floor":8,"turns":4},{"damage":54,"enemies":"Gremlin Nob","floor":10,"turns":5}],"seed_played":"-9213006840321470694","potions_obtained":[{"floor":5,"key":"Strength Potion"}],"is_trial":true,"path_per_floor":["M","?","M","?","M","R","$","E","T"],"character_chosen":"DEFECT","items_purchased":["Centennial Puzzle"],"campfire_rested":0,"item_purchase_floors":[7],"current_hp_per_floor":[74,74,74,63,70,70,70,43,43,0],"gold":66,"neow_bonus":"","is_prod":false,"is_daily":false,"chose_seed":false,"campfire_upgraded":1,"win_rate":0,"timestamp":1540404632,"path_taken":["M","?","?","?","?","R","?","E","T","E"],"build_version":"2018-10-18","purchased_purges":0,"victory":false,"max_hp_per_floor":[75,75,75,75,75,75,75,75,75,75],"card_choices":[{"not_picked":["Force Field"],"picked":"Conserve Battery","floor":1},{"not_picked":["Barrage"],"picked":"White Noise","floor":3},{"not_picked":["Sweeping Beam"],"picked":"Conserve Battery","floor":5},{"not_picked":["Go for the Eyes","Hologram"],"picked":"SKIP","floor":8}],"player_experience":253609,"relics_obtained":[{"floor":8,"key":"Bottled Lightning"},{"floor":9,"key":"MawBank"}],"event_choices":[{"cards_removed":["Dualcast"],"damage_healed":0,"gold_gain":0,"player_choice":"Card Removal","damage_taken":0,"max_hp_gain":0,"max_hp_loss":0,"event_name":"The Cleric","floor":2,"gold_loss":50},{"damage_healed":0,"gold_gain":75,"player_choice":"Gather Gold","damage_taken":11,"max_hp_gain":0,"max_hp_loss":0,"event_name":"World of Goop","floor":4,"gold_loss":0}],"is_beta":false,"boss_relics":[],"items_purged_floors":[],"is_endless":false,"potions_floor_spawned":[5],"killed_by":"Gremlin Nob","ascension_level":0}