{"gold_per_floor":[119,133,133,133,146,146,166,182,182,132,152,152,171,190,190,190],"floor_reached":16,"playtime":3025,"items_purged":[],"score":96,"play_id":"937ffd05-860f-4117-ac5d-b46f6328e124","local_time":"20190803051132","is_ascension_mode":false,"campfire_choices":[{"data":"Battle Trance","floor":6,"key":"SMITH"},{"floor":12,"key":"REST"},{"floor":15,"key":"REST"}],"neow_cost":"NONE","seed_source_timestamp":99538043092400,"circlet_count":0,"master_deck":["Strike_R","Strike_R","Strike_R","Strike_R","Strike_R","Defend_R","Defend_R","Defend_R","Bash+1","Shrug It Off","Battle Trance+1","Feel No Pain","Ghostly Armor","Clothesline","Shrug It Off","Shrug It Off"],"relics":["Burning Blood","Pear","Bottled Lightning"],"potions_floor_usage":[14,16,16,16],"damage_taken":[{"damage":11,"enemies":"Jaw Worm","floor":1,"turns":2},{"damage":0,"enemies":"Small Slimes","floor":2,"turns":4},{"damage":7,"enemies":"2 Louse","floor":5,"turns":3},{"damage":59,"enemies":"Exordium Thugs","floor":7,"turns":7},{"damage":10,"enemies":"Red Slaver","floor":8,"turns":6},{"damage":10,"enemies":"Large Slime","floor":11,"turns":10},{"damage":3,"enemies":"2 Fungi Beasts","floor":13,"turns":5},{"damage":7,"enemies":"3 Louse","floor":14,"turns":5},{"damage":75,"enemies":"Hexaghost","floor":16,"turns":16}],"seed_played":"-7776805444378798679","potions_obtained":[{"floor":2,"key":"Dexterity Potion"},{"floor":11,"key":"Dexterity Potion"},{"floor":13,"key":"SkillPotion"},{"floor":14,"key":"Dexterity Potion"}],"is_trial":false,"path_per_floor":["M","M","?","?","M","R","M","M","T","?","M","R","M","M","R","B"],"character_chosen":"IRONCLAD","items_purchased":[],"campfire_rested":2,"item_purchase_floors":[],"current_hp_per_floor":[75,80,73,83,82,82,29,25,25,25,21,48,51,50,77,2],"gold":190,"neow_bonus":"UPGRADE_CARD","is_prod":false,"is_daily":false,"chose_seed":false,"campfire_upgraded":1,"win_rate":0.0,"timestamp":1564827092,"path_taken":["M","M","?","?","M","R","M","M","T","?","?","R","M","M","R","BOSS"],"build_version":"2019-07-05","purchased_purges":0,"victory":false,"max_hp_per_floor":[80,80,80,90,90,90,90,90,90,90,90,90,90,90,90,90],"card_choices":[{"not_picked":["Perfected Strike","Headbutt"],"picked":"Shrug It Off","floor":1},{"not_picked":["Pommel Strike","True Grit"],"picked":"Battle Trance","floor":2},{"not_picked":["Carnage","Flex"],"picked":"Feel No Pain","floor":5},{"not_picked":["Anger","Berserk"],"picked":"Ghostly Armor","floor":7},{"not_picked":["Iron Wave","Rupture"],"picked":"Clothesline","floor":8},{"not_picked":["Thunderclap","Pommel Strike"],"picked":"Shrug It Off","floor":11},{"not_picked":["Perfected Strike","Dropkick","Headbutt"],"picked":"SKIP","floor":13},{"not_picked":["Perfected Strike","Clash"],"picked":"Shrug It Off","floor":14}],"player_experience":33827,"relics_obtained":[{"floor":9,"key":"Bottled Lightning"}],"event_choices":[{"cards_removed":["Defend_R"],"damage_healed":0,"gold_gain":0,"player_choice":"Card Removal","damage_taken":7,"max_hp_gain":0,"max_hp_loss":0,"event_name":"Golden Wing","floor":3,"gold_loss":0},{"damage_healed":0,"gold_gain":0,"player_choice":"Box","damage_taken":0,"relics_obtained":["Pear"],"max_hp_gain":0,"max_hp_loss":0,"event_name":"Big Fish","floor":4,"gold_loss":0,"cards_obtained":["Regret"]},{"cards_removed":["Regret"],"damage_healed":0,"gold_gain":0,"player_choice":"Card Removal","damage_taken":0,"max_hp_gain":0,"max_hp_loss":0,"event_name":"The Cleric","floor":10,"gold_loss":50}],"is_beta":false,"boss_relics":[],"items_purged_floors":[],"is_endless":false,"potions_floor_spawned":[2,11,13,14],"killed_by":"Hexaghost","ascension_level":0}