{"gold_per_floor":[110,58,58,72,72,72,83,112,112,112,130,130,141,160,160,264,264,275,275,290,303,403,403,438,438,465,492,492,65,65,99,99,197,197,211,230,241,241,1,1,13,13,13,24,24,24,24,36,36,36],"floor_reached":51,"playtime":2412,"items_purged":["Defend_B"],"score":846,"play_id":"17e3e8cc-26f6-4091-8b4c-033900082c2f","local_time":"20181027145351","is_ascension_mode":true,"campfire_choices":[{"data":"Coolheaded","floor":6,"key":"SMITH"},{"floor":10,"key":"REST"},{"data":"Barrage","floor":12,"key":"SMITH"},{"data":"Conserve Battery","floor":15,"key":"SMITH"},{"data":"Bite","floor":23,"key":"SMITH"},{"data":"Bite","floor":25,"key":"SMITH"},{"data":"Bite","floor":28,"key":"SMITH"},{"data":"Bite","floor":30,"key":"SMITH"},{"data":"Bite","floor":32,"key":"SMITH"},{"floor":40,"key":"REST"},{"data":"Coolheaded","floor":42,"key":"SMITH"},{"data":"Chill","floor":45,"key":"SMITH"},{"data":"Defend_B","floor":49,"key":"SMITH"}],"neow_cost":"NONE","seed_source_timestamp":168605078172,"circlet_count":0,"master_deck":["Defend_B","Defend_B","Defend_B+1","Zap","Dualcast","Coolheaded+1","Go for the Eyes+1","Barrage+1","Conserve Battery+1","Conserve Battery+1","Bite+1","Bite+1","Bite+1","Bite+1","Bite+1","Go for the Eyes+1","Coolheaded+1","Cold Snap+1","Blizzard+1","Chill+1","Coolheaded+1"],"relics":["Cracked Core","Potion Belt","Shuriken","Mango","Torii","Pantograph","Lizard Tail","Molten Egg 2","DataDisk","Omamori","Sling","Strawberry","Art of War","Cursed Key","Question Card","Bag of Preparation"],"potions_floor_usage":[20,33,33,50,50],"damage_taken":[{"damage":12,"enemies":"Small Slimes","floor":1,"turns":3},{"damage":0,"enemies":"Cultist","floor":4,"turns":3},{"damage":5,"enemies":"Jaw Worm","floor":7,"turns":3},{"damage":14,"enemies":"3 Sentries","floor":8,"turns":13},{"damage":1,"enemies":"Looter","floor":11,"turns":4},{"damage":9,"enemies":"Red Slaver","floor":13,"turns":4},{"damage":8,"enemies":"Lots of Slimes","floor":14,"turns":5},{"damage":43,"enemies":"Slime Boss","floor":16,"turns":12},{"damage":17,"enemies":"Spheric Guardian","floor":18,"turns":5},{"damage":3,"enemies":"3 Byrds","floor":20,"turns":4},{"damage":29,"enemies":"Snake Plant","floor":21,"turns":6},{"damage":76,"enemies":"Slavers","floor":24,"turns":10},{"damage":6,"enemies":"Book of Stabbing","floor":27,"turns":8},{"damage":29,"enemies":"Gremlin Leader","floor":31,"turns":9},{"damage":83,"enemies":"Automaton","floor":33,"turns":15},{"damage":27,"enemies":"3 Darklings","floor":35,"turns":8},{"damage":0,"enemies":"Orb Walker","floor":36,"turns":5},{"damage":69,"enemies":"4 Shapes","floor":37,"turns":10},{"damage":42,"enemies":"Writhing Mass","floor":41,"turns":10},{"damage":9,"enemies":"Spire Growth","floor":44,"turns":7},{"damage":1,"enemies":"Maw","floor":48,"turns":7},{"damage":15,"enemies":"Awakened One","floor":50,"turns":15}],"seed_played":"5742467237750662876","potions_obtained":[{"floor":4,"key":"LiquidBronze"},{"floor":8,"key":"Strength Potion"},{"floor":13,"key":"AttackPotion"},{"floor":16,"key":"Weak Potion"},{"floor":21,"key":"FocusPotion"},{"floor":24,"key":"FearPotion"},{"floor":33,"key":"SpeedPotion"},{"floor":35,"key":"Energy Potion"}],"is_trial":false,"path_per_floor":["M","?","?","M","$","R","M","E","T","R","M","R","M","M","R","B",null,"M","?","M","M","?","R","E","R","T","E","R","$","R","E","R","B",null,"M","M","M","?","$","R","M","R","T","M","R","?","?","M","R","B"],"character_chosen":"DEFECT","items_purchased":["Sling","Strawberry","Question Card"],"campfire_rested":2,"item_purchase_floors":[29,29,39],"current_hp_per_floor":[63,63,65,65,65,65,60,46,46,72,71,71,62,54,54,36,89,72,62,61,43,43,43,29,29,29,38,38,45,45,55,55,24,69,69,69,21,21,21,41,44,44,44,56,56,56,69,69,69,69],"gold":36,"neow_bonus":"RANDOM_COMMON_RELIC","is_prod":false,"is_daily":false,"chose_seed":false,"campfire_upgraded":11,"win_rate":0,"timestamp":1540666431,"path_taken":["M","?","?","M","$","R","M","E","T","R","M","R","?","M","R","BOSS","M","?","M","M","?","R","E","R","T","E","R","$","R","E","R","BOSS","M","M","M","?","$","R","M","R","T","M","R","?","?","M","R","BOSS"],"build_version":"2018-10-18","purchased_purges":1,"victory":true,"max_hp_per_floor":[75,75,89,89,89,89,89,89,89,89,89,89,89,89,89,89,89,89,62,62,62,62,62,62,62,62,62,62,69,69,69,69,69,69,69,69,69,69,69,69,69,69,69,69,69,69,69,69,69,69],"card_choices":[{"not_picked":["Compile Driver","Rebound"],"picked":"Coolheaded","floor":1},{"not_picked":["Doom and Gloom","Beam Cell","Rip and Tear"],"picked":"SKIP","floor":4},{"not_picked":["Doom and Gloom","Stack"],"picked":"Go for the Eyes","floor":7},{"not_picked":["Turbo","Sweeping Beam","Heatsinks"],"picked":"SKIP","floor":8},{"not_picked":["Electrodynamics","Lockon"],"picked":"Barrage","floor":11},{"not_picked":["Darkness","Turbo","Hologram"],"picked":"SKIP","floor":13},{"not_picked":["Reprogram","Stack"],"picked":"Conserve Battery","floor":14},{"not_picked":["Go for the Eyes","Rip and Tear"],"picked":"Conserve Battery+1","floor":18},{"not_picked":["Barrage","Ball Lightning"],"picked":"Go for the Eyes+1","floor":20},{"not_picked":["Conserve Battery","Steam","Streamline"],"picked":"SKIP","floor":21},{"not_picked":["Tempest","Machine Learning"],"picked":"Coolheaded","floor":24},{"not_picked":["Streamline+1","Chaos","Go for the Eyes+1"],"picked":"SKIP","floor":27},{"not_picked":["Recycle","Rip and Tear+1","Hologram"],"picked":"SKIP","floor":31},{"not_picked":["Gash+1","Conserve Battery"],"picked":"Cold Snap+1","floor":35},{"not_picked":["Barrage+1","Recycle+1","Streamline+1"],"picked":"SKIP","floor":36},{"not_picked":["Hologram","Conserve Battery","Steam+1"],"picked":"SKIP","floor":37},{"not_picked":["Reprogram","Darkness+1","FTL+1"],"picked":"Blizzard+1","floor":41},{"not_picked":["Reinforced Body","Redo","Steam"],"picked":"Chill","floor":44},{"not_picked":["Compile Driver+1","FTL+1","Steam Power"],"picked":"Coolheaded+1","floor":48}],"player_experience":257529,"relics_obtained":[{"floor":8,"key":"Torii"},{"floor":9,"key":"Pantograph"},{"floor":24,"key":"Molten Egg 2"},{"floor":26,"key":"DataDisk"},{"floor":27,"key":"Omamori"},{"floor":31,"key":"Art of War"},{"floor":43,"key":"Bag of Preparation"}],"event_choices":[{"damage_healed":0,"gold_gain":0,"player_choice":"Paid Gold","damage_taken":0,"relics_obtained":["Shuriken"],"max_hp_gain":0,"max_hp_loss":0,"event_name":"WeMeetAgain","floor":2,"gold_loss":52},{"damage_healed":0,"gold_gain":0,"player_choice":"Success","damage_taken":12,"relics_obtained":["Mango"],"max_hp_gain":0,"max_hp_loss":0,"event_name":"Scrap Ooze","floor":3,"gold_loss":0},{"damage_healed":0,"gold_gain":0,"player_choice":"Became a vampire","damage_taken":0,"max_hp_gain":0,"max_hp_loss":27,"event_name":"Vampires","floor":19,"gold_loss":0,"cards_obtained":["Bite","Bite","Bite","Bite","Bite"]},{"damage_healed":0,"gold_gain":100,"player_choice":"Pray","damage_taken":0,"max_hp_gain":0,"max_hp_loss":0,"event_name":"Golden Shrine","floor":22,"gold_loss":0},{"damage_healed":0,"gold_gain":0,"player_choice":"Ignored","damage_taken":0,"max_hp_gain":0,"max_hp_loss":0,"event_name":"The Moai Head","floor":38,"gold_loss":0},{"damage_healed":0,"gold_gain":0,"player_choice":"Upgraded","damage_taken":0,"max_hp_gain":0,"max_hp_loss":0,"event_name":"Upgrade Shrine","floor":46,"gold_loss":0,"cards_upgraded":["Go for the Eyes"]},{"damage_healed":17,"gold_gain":0,"player_choice":"Writhe","damage_taken":0,"max_hp_gain":0,"max_hp_loss":0,"event_name":"Winding Halls","floor":47,"gold_loss":0,"cards_obtained":["Writhe"]}],"is_beta":false,"boss_relics":[{"not_picked":["Fusion Hammer","Runic Dome"],"picked":"Lizard Tail"},{"not_picked":["Runic Pyramid","Velvet Choker"],"picked":"Cursed Key"}],"items_purged_floors":[29],"is_endless":false,"potions_floor_spawned":[4,8,13,16,21,24,33,35,44],"ascension_level":2}