{"gold_per_floor":[114,133,148,148,163,191,210,210,210,221,221,239,267,285,285,387,387,398,16,29,48,148,148,164,164,246,0,0,0,0,12,12,112,112,131,31,31,42,54,54,79,94,117,131,131,131,143,143,143,143],"floor_reached":50,"playtime":9538,"items_purged":["Strike_G","Regret"],"score":640,"play_id":"f2b684f7-9f93-4b8d-88b9-213f65da8940","local_time":"20190827123843","is_ascension_mode":true,"campfire_choices":[{"floor":8.0,"key":"REST"},{"floor":15.0,"key":"REST"},{"data":"Catalyst","floor":23.0,"key":"SMITH"},{"floor":28.0,"key":"REST"},{"data":"Adrenaline","floor":30.0,"key":"SMITH"},{"floor":32.0,"key":"REST"},{"floor":40,"key":"REST"},{"floor":46,"key":"REST"},{"floor":49,"key":"REST"}],"neow_cost":"NONE","seed_source_timestamp":0,"circlet_count":0,"master_deck":["Defend_G","Defend_G","Defend_G","Defend_G","Survivor","Neutralize+1","Masterful Stab","Deadly Poison","Deadly Poison","Distraction","Backflip","Doppelganger+1","Dodge and Roll","Deflect","Quick Slash","Catalyst+1","Escape Plan","Envenom","Acrobatics","Footwork","Catalyst","Concentrate","Reflex+1","Decay","Leg Sweep","Adrenaline+1","PiercingWail","Escape Plan","Catalyst+1","Malaise","Caltrops+1","Malaise+1","Flechettes+1","Deadly Poison+1","Catalyst","Catalyst+1","Backflip+1","Deadly Poison+1","Pain","Catalyst+1","Deadly Poison+1","Finesse"],"special_seed":0,"relics":["Ring of the Snake","Dream Catcher","Bottled Flame","Meat on the Bone","Cursed Key","Bag of Marbles","Prayer Wheel","Ornamental Fan","Blue Candle","Astrolabe","Shuriken","Lantern"],"potions_floor_usage":[38,38,39,41],"damage_taken":[{"damage":0.0,"enemies":"Jaw Worm","floor":1.0,"turns":5.0},{"damage":0.0,"enemies":"Cultist","floor":2.0,"turns":3.0},{"damage":0.0,"enemies":"2 Louse","floor":3.0,"turns":1.0},{"damage":5.0,"enemies":"Lots of Slimes","floor":5.0,"turns":2.0},{"damage":14.0,"enemies":"Gremlin Nob","floor":6.0,"turns":3.0},{"damage":2.0,"enemies":"Large Slime","floor":7.0,"turns":5.0},{"damage":14.0,"enemies":"Exordium Thugs","floor":10.0,"turns":5.0},{"damage":5.0,"enemies":"Red Slaver","floor":12.0,"turns":3.0},{"damage":11.0,"enemies":"3 Sentries","floor":13.0,"turns":8.0},{"damage":3.0,"enemies":"3 Louse","floor":14.0,"turns":3.0},{"damage":19.0,"enemies":"The Guardian","floor":16.0,"turns":6.0},{"damage":10.0,"enemies":"Spheric Guardian","floor":18.0,"turns":4.0},{"damage":4.0,"enemies":"Shell Parasite","floor":20.0,"turns":5.0},{"damage":0.0,"enemies":"Centurion and Healer","floor":21.0,"turns":3.0},{"damage":12.0,"enemies":"Shelled Parasite and Fungi","floor":24.0,"turns":6.0},{"damage":26.0,"enemies":"3 Cultists","floor":31.0,"turns":7.0},{"damage":57.0,"enemies":"Automaton","floor":33.0,"turns":7.0},{"damage":11.0,"enemies":"Orb Walker","floor":35.0,"turns":3.0},{"damage":24,"enemies":"3 Darklings","floor":38,"turns":6},{"damage":45,"enemies":"Sphere and 2 Shapes","floor":39,"turns":6},{"damage":1,"enemies":"Giant Head","floor":41,"turns":4},{"damage":22,"enemies":"Writhing Mass","floor":42,"turns":4},{"damage":7,"enemies":"Transient","floor":44,"turns":5},{"damage":1,"enemies":"Maw","floor":47,"turns":3},{"damage":106,"enemies":"Awakened One","floor":50,"turns":10}],"seed_played":"4868883718034171059","potions_obtained":[{"floor":2.0,"key":"Fire Potion"},{"floor":3.0,"key":"Explosive Potion"},{"floor":5.0,"key":"LiquidBronze"},{"floor":10.0,"key":"Strength Potion"},{"floor":12.0,"key":"Weak Potion"},{"floor":20.0,"key":"Dexterity Potion"},{"floor":31.0,"key":"FairyPotion"},{"floor":33.0,"key":"Poison Potion"},{"floor":35.0,"key":"EssenceOfSteel"},{"floor":38,"key":"LiquidBronze"},{"floor":39,"key":"Fruit Juice"}],"is_trial":false,"path_per_floor":["M","M","M","?","M","E","M","R","T","M","?","M","E","M","R","B",null,"M","$","M","M","?","R","M","T","T","$","R","?","R","M","R","B",null,"M","$","?","M","M","R","E","M","T","M","?","R","M","?","R","B"],"character_chosen":"THE_SILENT","items_purchased":["Footwork","Catalyst","Bag of Marbles","Blue Candle"],"campfire_rested":7,"item_purchase_floors":[19,19,19,27],"current_hp_per_floor":[70,70,70,70,65,51,49,70,70,56,56,51,40,37,58,39,70,60,60,56,56,56,56,44,44,44,44,65,65,65,39,60,15,70,59,59,59,47,14,35,39,29,29,34,34,56,55,55,75,0],"gold":143,"neow_bonus":"UPGRADE_CARD","is_prod":false,"is_daily":false,"chose_seed":false,"campfire_upgraded":2,"win_rate":0,"timestamp":1566927523,"path_taken":["M","M","M","?","M","E","M","R","T","?","?","M","E","M","R","BOSS","M","$","M","?","?","R","?","?","T","$","R","?","R","M","R","BOSS","M","$","?","M","M","R","E","M","T","M","?","R","M","?","R","BOSS"],"build_version":"2019-08-26","purchased_purges":2,"victory":false,"max_hp_per_floor":[70,70,70,70,70,70,70,70,70,70,70,70,70,70,70,70,70,70,70,70,70,70,70,70,70,70,70,70,70,70,70,70,70,70,70,70,70,70,70,70,75,75,75,75,75,75,75,75,75,75],"card_choices":[{"not_picked":["Bane","All Out Attack"],"picked":"Masterful Stab","floor":1.0},{"not_picked":["Calculated Gamble","Underhanded Strike"],"picked":"Deadly Poison","floor":2.0},{"not_picked":["PiercingWail","Leg Sweep"],"picked":"Deadly Poison","floor":3.0},{"not_picked":["Flechettes","Escape Plan"],"picked":"Poisoned Stab","floor":5.0},{"not_picked":["Prepared","Deflect"],"picked":"Distraction","floor":6.0},{"not_picked":["Infinite Blades","Slice"],"picked":"Backflip","floor":7.0},{"not_picked":["Outmaneuver","Setup"],"picked":"Doppelganger","floor":8.0},{"not_picked":["Distraction","Tactician"],"picked":"Dodge and Roll","floor":10.0},{"not_picked":["Cloak And Dagger","Finisher"],"picked":"Deflect","floor":12.0},{"not_picked":["Distraction","Slice"],"picked":"Quick Slash","floor":13.0},{"not_picked":["Backstab","Poisoned Stab"],"picked":"Catalyst","floor":14.0},{"not_picked":["Masterful Stab","Calculated Gamble"],"picked":"Escape Plan","floor":15.0},{"not_picked":["Die Die Die","After Image"],"picked":"Envenom","floor":16.0},{"not_picked":["Dagger Spray","Dash"],"picked":"Acrobatics","floor":18.0},{"not_picked":["Quick Slash","Tactician"],"picked":"Concentrate","floor":20.0},{"not_picked":["Poisoned Stab","Deflect"],"picked":"Reflex+1","floor":21.0},{"not_picked":["Dagger Throw","Deflect+1","Acrobatics"],"picked":"SKIP","floor":24.0},{"not_picked":["Quick Slash+1","Dash"],"picked":"Leg Sweep","floor":28.0},{"not_picked":["Outmaneuver","Backflip"],"picked":"PiercingWail","floor":31.0},{"not_picked":["Eviscerate+1","Blade Dance"],"picked":"Escape Plan","floor":31.0},{"not_picked":["Malaise","Acrobatics"],"picked":"Catalyst+1","floor":32.0},{"not_picked":["Doppelganger","Storm of Steel"],"picked":"Malaise","floor":33.0},{"not_picked":["Eviscerate","Escape Plan+1"],"picked":"Deadly Poison+1","floor":35.0},{"not_picked":["Slice","Finisher"],"picked":"Catalyst","floor":35.0},{"not_picked":["Blur","PiercingWail+1"],"picked":"Catalyst+1","floor":38},{"not_picked":["Accuracy+1","Blade Dance","Dagger Spray"],"picked":"SKIP","floor":38},{"not_picked":["Dagger Spray+1","Sucker Punch+1"],"picked":"Backflip+1","floor":39},{"not_picked":["Venomology","Blade Dance+1","Poisoned Stab+1"],"picked":"SKIP","floor":39},{"not_picked":["Underhanded Strike+1","Concentrate+1"],"picked":"Deadly Poison+1","floor":41},{"not_picked":["Leg Sweep+1","Underhanded Strike","Sucker Punch+1"],"picked":"SKIP","floor":42},{"not_picked":["Setup","Deadly Poison","Flechettes+1"],"picked":"SKIP","floor":42},{"not_picked":["Bane+1","Backstab+1"],"picked":"Catalyst+1","floor":44},{"not_picked":["Slice","Riddle With Holes+1"],"picked":"Deadly Poison+1","floor":44},{"not_picked":["Predator","PiercingWail+1","Distraction"],"picked":"SKIP","floor":47},{"not_picked":["Backflip+1","Choke+1","Dash+1"],"picked":"SKIP","floor":47},{"not_picked":["Good Instincts","Bandage Up"],"picked":"Finesse","floor":48}],"player_experience":469380,"relics_obtained":[{"floor":6.0,"key":"Dream Catcher"},{"floor":9.0,"key":"Bottled Flame"},{"floor":13.0,"key":"Meat on the Bone"},{"floor":25.0,"key":"Prayer Wheel"},{"floor":26.0,"key":"Ornamental Fan"},{"floor":41,"key":"Shuriken"},{"floor":43,"key":"Lantern"}],"event_choices":[{"cards_removed":["Defend_G"],"damage_healed":0.0,"max_hp_gain":0.0,"max_hp_loss":0.0,"gold_gain":0.0,"event_name":"Purifier","player_choice":"Purged","floor":4.0,"gold_loss":0.0,"damage_taken":0.0},{"damage_healed":0.0,"max_hp_gain":0.0,"max_hp_loss":0.0,"gold_gain":0.0,"event_name":"Upgrade Shrine","player_choice":"Upgraded","floor":11.0,"gold_loss":0.0,"damage_taken":0.0,"cards_upgraded":["Doppelganger"]},{"damage_healed":0.0,"max_hp_gain":0.0,"max_hp_loss":0.0,"gold_gain":100.0,"event_name":"Golden Shrine","player_choice":"Pray","floor":22.0,"gold_loss":0.0,"damage_taken":0.0},{"damage_healed":0.0,"max_hp_gain":0.0,"max_hp_loss":0.0,"gold_gain":0.0,"cards_transformed":["Strike_G"],"event_name":"Transmorgrifier","player_choice":"Transformed","floor":29.0,"gold_loss":0.0,"damage_taken":0.0,"cards_obtained":["Adrenaline"]},{"cards_removed":["Poisoned Stab"],"damage_healed":0.0,"max_hp_gain":0.0,"max_hp_loss":0.0,"gold_gain":0.0,"event_name":"Falling","player_choice":"Removed Attack","floor":37.0,"gold_loss":0.0,"damage_taken":0.0},{"damage_healed":0,"gold_gain":0,"player_choice":"Ignored","damage_taken":0,"max_hp_gain":0,"max_hp_loss":0,"event_name":"Mysterious Sphere","floor":45,"gold_loss":0},{"damage_healed":0,"gold_gain":0,"player_choice":"Memory 1","damage_taken":0,"max_hp_gain":0,"max_hp_loss":0,"event_name":"SensoryStone","floor":48,"gold_loss":0}],"is_beta":true,"boss_relics":[{"not_picked":["Tiny House","Ring of the Serpent"],"picked":"Cursed Key"},{"not_picked":["Pandora\u0027s Box","Black Star"],"picked":"Astrolabe"}],"items_purged_floors":[19,36],"is_endless":false,"potions_floor_spawned":[2,3,5,10,12,20,31,33,35,38,39],"killed_by":"Awakened One","ascension_level":1}