{"gold_per_floor":[114,128,203,220,236,236,269,269,347,380,392,392,406,406,406,406],"floor_reached":16,"playtime":532,"items_purged":[],"score":129,"play_id":"833ea066-f45e-4161-ab09-cbcfa1d7b561","local_time":"20181027170422","is_ascension_mode":true,"campfire_choices":[{"data":"Defragment","floor":6,"key":"SMITH"},{"floor":8,"key":"REST"},{"data":"Echo Form","floor":12,"key":"SMITH"},{"floor":15,"key":"REST"}],"neow_cost":"NONE","seed_source_timestamp":9035659231704,"circlet_count":0,"master_deck":["Strike_B","Strike_B","Strike_B","Strike_B","Defend_B","Defend_B","Defend_B","Defend_B","Zap","Dualcast","Streamline","Conserve Battery","Defragment+1","Heatsinks","Echo Form+1","Defragment"],"relics":["Nuclear Battery","Ornamental Fan","Tiny Chest","Juzu Bracelet","Golden Idol"],"potions_floor_usage":[16],"damage_taken":[{"damage":0,"enemies":"2 Louse","floor":1,"turns":3},{"damage":0,"enemies":"Jaw Worm","floor":2,"turns":3},{"damage":0,"enemies":"Cultist","floor":4,"turns":4},{"damage":0,"enemies":"Gremlin Gang","floor":5,"turns":6},{"damage":43,"enemies":"Lagavulin","floor":7,"turns":7},{"damage":18,"enemies":"3 Sentries","floor":10,"turns":9},{"damage":3,"enemies":"2 Fungi Beasts","floor":11,"turns":3},{"damage":13,"enemies":"Blue Slaver","floor":13,"turns":3},{"damage":31,"enemies":"The Guardian","floor":16,"turns":10}],"seed_played":"-7393031831552681614","potions_obtained":[{"floor":2,"key":"FocusPotion"},{"floor":5,"key":"Energy Potion"},{"floor":11,"key":"FocusPotion"}],"is_trial":false,"path_per_floor":["M","M","?","M","M","R","E","R","T","E","M","R","M","?","R"],"character_chosen":"DEFECT","items_purchased":[],"campfire_rested":2,"item_purchase_floors":[],"current_hp_per_floor":[75,75,64,64,64,64,21,43,43,25,22,22,9,9,29,0],"gold":406,"neow_bonus":"BOSS_RELIC","is_prod":false,"is_daily":false,"chose_seed":false,"campfire_upgraded":2,"win_rate":0,"timestamp":1540674262,"path_taken":["M","M","?","M","?","R","E","R","T","E","M","R","M","?","R","BOSS"],"build_version":"2018-10-18","purchased_purges":0,"victory":false,"max_hp_per_floor":[75,75,75,75,75,75,75,75,75,75,75,75,75,69,69,69],"card_choices":[{"not_picked":["Hologram","Undo"],"picked":"Streamline","floor":1},{"not_picked":["Rebound","Redo"],"picked":"Conserve Battery","floor":2},{"not_picked":["Sweeping Beam","Self Repair"],"picked":"Defragment","floor":4},{"not_picked":["Gash","Lockon"],"picked":"Heatsinks","floor":5},{"not_picked":["Reinforced Body","Compile Driver","Hologram"],"picked":"SKIP","floor":7},{"not_picked":["Cold Snap","Conserve Battery"],"picked":"Echo Form","floor":10},{"not_picked":["Beam Cell","Glacier"],"picked":"Defragment","floor":11},{"not_picked":["Skim","Coolheaded","Redo"],"picked":"SKIP","floor":13}],"player_experience":260977,"relics_obtained":[{"floor":7,"key":"Ornamental Fan"},{"floor":9,"key":"Tiny Chest"},{"floor":10,"key":"Juzu Bracelet"}],"event_choices":[{"damage_healed":0,"gold_gain":75,"player_choice":"Gather Gold","damage_taken":11,"max_hp_gain":0,"max_hp_loss":0,"event_name":"World of Goop","floor":3,"gold_loss":0},{"damage_healed":0,"gold_gain":0,"player_choice":"Lose Max HP","damage_taken":0,"relics_obtained":["Golden Idol"],"max_hp_gain":0,"max_hp_loss":6,"event_name":"Golden Idol","floor":14,"gold_loss":0}],"is_beta":false,"boss_relics":[],"items_purged_floors":[],"is_endless":false,"potions_floor_spawned":[2,5,11,13],"killed_by":"The Guardian","ascension_level":3}