{"gold_per_floor":[111,125,135,153,172,203,216,233,312,312,312,312,339,52,52,153,153,164,183,183,193,207,207,225,225,225,225,243,243,243,158,158,255,255,266,3,3,14,14,14,14,31,56,69,69,69,86,102,102,102],"floor_reached":50,"playtime":10718,"items_purged":["Defend_R","Strike_R"],"score":483,"play_id":"8df05cbb-a5b7-427c-803a-21e946429e11","local_time":"20190805154502","is_ascension_mode":false,"campfire_choices":[{"floor":10.0,"key":"REST"},{"floor":15.0,"key":"REST"},{"floor":23.0,"key":"REST"},{"floor":25.0,"key":"REST"},{"floor":30.0,"key":"REST"},{"floor":32.0,"key":"REST"},{"floor":40.0,"key":"REST"},{"data":"Demon Form","floor":46.0,"key":"SMITH"},{"floor":49,"key":"REST"}],"neow_cost":"NONE","seed_source_timestamp":0,"circlet_count":0,"master_deck":["Strike_R","Defend_R","Defend_R","Bash","Spot Weakness","Intimidate","Clothesline","Wild Strike","Shockwave","Fiend Fire","Entrench","Armaments","Regret","Blood for Blood","Corruption","Juggernaut","Dual Wield","Barricade+1","Body Slam","Ghostly Armor","Carnage+1","Shrug It Off","Ghostly Armor","Deep Breath","PanicButton","Impatience","Metallicize","Hemokinesis","Bloodletting","Demon Form+1","Evolve+1","Discovery","Carnage","Writhe","Rampage","Dual Wield+1","Carnage+1","Wild Strike"],"special_seed":0,"relics":["Burning Blood","Red Skull","Incense Burner","Question Card","Shuriken","Bag of Preparation","Runic Pyramid","Bottled Tornado","Peace Pipe","Busted Crown","Happy Flower"],"potions_floor_usage":[50,50,50],"damage_taken":[{"damage":3.0,"enemies":"Jaw Worm","floor":1.0,"turns":4.0},{"damage":0.0,"enemies":"Small Slimes","floor":2.0,"turns":2.0},{"damage":6.0,"enemies":"Cultist","floor":3.0,"turns":3.0},{"damage":18.0,"enemies":"Exordium Wildlife","floor":4.0,"turns":4.0},{"damage":13.0,"enemies":"Red Slaver","floor":5.0,"turns":4.0},{"damage":20.0,"enemies":"Gremlin Nob","floor":6.0,"turns":4.0},{"damage":6.0,"enemies":"2 Fungi Beasts","floor":7.0,"turns":4.0},{"damage":1.0,"enemies":"Blue Slaver","floor":8.0,"turns":3.0},{"damage":35.0,"enemies":"3 Sentries","floor":13.0,"turns":7.0},{"damage":68.0,"enemies":"Slime Boss","floor":16.0,"turns":11.0},{"damage":34.0,"enemies":"Shell Parasite","floor":18.0,"turns":4.0},{"damage":14.0,"enemies":"2 Thieves","floor":19.0,"turns":3.0},{"damage":3.0,"enemies":"Snecko","floor":21.0,"turns":3.0},{"damage":26.0,"enemies":"Shelled Parasite and Fungi","floor":22.0,"turns":5.0},{"damage":12.0,"enemies":"Cultist and Chosen","floor":24.0,"turns":7.0},{"damage":1.0,"enemies":"Centurion and Healer","floor":28.0,"turns":5.0},{"damage":85.0,"enemies":"Collector","floor":33.0,"turns":12.0},{"damage":44.0,"enemies":"3 Shapes","floor":35.0,"turns":5.0},{"damage":31.0,"enemies":"3 Darklings","floor":38.0,"turns":6.0},{"damage":32.0,"enemies":"Transient","floor":42.0,"turns":5.0},{"damage":10.0,"enemies":"Spire Growth","floor":44.0,"turns":5.0},{"damage":22.0,"enemies":"Maw","floor":47.0,"turns":7.0},{"damage":32,"enemies":"3 Darklings","floor":48,"turns":8},{"damage":72,"enemies":"Awakened One","floor":50,"turns":6}],"seed_played":"-8232179627160702030","potions_obtained":[{"floor":1.0,"key":"SkillPotion"},{"floor":3.0,"key":"FairyPotion"},{"floor":4.0,"key":"Fruit Juice"},{"floor":8.0,"key":"Energy Potion"},{"floor":13.0,"key":"Ancient Potion"},{"floor":19.0,"key":"AttackPotion"},{"floor":21.0,"key":"Block Potion"},{"floor":22.0,"key":"Explosive Potion"},{"floor":33.0,"key":"LiquidBronze"},{"floor":35.0,"key":"Strength Potion"},{"floor":44.0,"key":"SpeedPotion"},{"floor":48,"key":"Regen Potion"}],"is_trial":false,"path_per_floor":["M","M","M","M","M","E","M","M","T","R","?","?","E","$","R","B",null,"M","M","?","M","M","R","M","R","T","?","M","?","R","?","R","B",null,"M","$","?","M","$","R","?","M","T","M","?","R","M","M","R","B"],"character_chosen":"IRONCLAD","items_purchased":["Juggernaut","Dual Wield","Discovery","EssenceOfSteel"],"campfire_rested":8,"item_purchase_floors":[14,14,36,36],"current_hp_per_floor":[80,80,80,68,66,52,52,57,57,82,82,82,53,53,78,16,85,57,49,49,52,32,57,51,76,76,28,33,33,58,58,83,14,85,47,47,47,22,22,47,68,42,42,38,74,74,58,32,54,0],"gold":102,"neow_bonus":"RANDOM_COMMON_RELIC","is_prod":false,"is_daily":false,"chose_seed":false,"campfire_upgraded":1,"win_rate":0.0,"timestamp":1565037902,"path_taken":["M","M","M","M","M","E","M","M","T","R","?","?","E","$","R","BOSS","M","M","?","?","M","R","M","R","T","?","?","?","R","?","R","BOSS","M","$","?","M","$","R","?","M","T","M","?","R","?","M","R","BOSS"],"build_version":"2019-07-05","purchased_purges":2,"victory":false,"max_hp_per_floor":[80,80,80,80,85,85,85,85,85,85,85,85,85,85,85,85,85,85,85,85,85,85,85,85,85,85,85,85,85,85,85,85,85,85,85,85,85,85,85,85,85,85,85,85,74,74,74,74,74,74],"card_choices":[{"not_picked":["Hemokinesis","Flex"],"picked":"Spot Weakness","floor":1.0},{"not_picked":["Pommel Strike","Clothesline"],"picked":"Intimidate","floor":2.0},{"not_picked":["Thunderclap","Warcry"],"picked":"Clothesline","floor":3.0},{"not_picked":["Sword Boomerang","Feel No Pain"],"picked":"Wild Strike","floor":4.0},{"not_picked":["Sword Boomerang","Armaments"],"picked":"Shockwave","floor":5.0},{"not_picked":["Second Wind","Warcry"],"picked":"Fiend Fire","floor":6.0},{"not_picked":["Headbutt","Pommel Strike"],"picked":"Entrench","floor":7.0},{"not_picked":["Sever Soul","Inflame"],"picked":"Armaments","floor":8.0},{"not_picked":["Pummel","Flex","Clothesline"],"picked":"Corruption","floor":13.0},{"not_picked":["Fiend Fire","Double Tap","Juggernaut"],"picked":"Barricade","floor":16.0},{"not_picked":["Inflame","Heavy Blade","Headbutt+1"],"picked":"Body Slam","floor":18.0},{"not_picked":["Perfected Strike","Sword Boomerang+1","Twin Strike"],"picked":"Ghostly Armor","floor":19.0},{"not_picked":["Perfected Strike+1","Whirlwind+1","Warcry"],"picked":"Carnage+1","floor":21.0},{"not_picked":["Pommel Strike","Sword Boomerang","True Grit"],"picked":"Shrug It Off","floor":22.0},{"not_picked":["Fire Breathing","Twin Strike","Brutality"],"picked":"Ghostly Armor","floor":24.0},{"not_picked":["Wild Strike","Clothesline","Disarm"],"picked":"Metallicize","floor":28.0},{"not_picked":["Feed","Offering","Limit Break"],"picked":"Demon Form","floor":33.0},{"not_picked":["Bloodletting+1"],"picked":"Evolve+1","floor":35.0},{"not_picked":["Thunderclap"],"picked":"Carnage","floor":38.0},{"not_picked":["Headbutt+1"],"picked":"Rampage","floor":42.0},{"not_picked":["Searing Blow+1"],"picked":"Dual Wield+1","floor":44.0},{"not_picked":["Iron Wave"],"picked":"Carnage+1","floor":47},{"not_picked":["Thunderclap"],"picked":"Wild Strike","floor":48}],"player_experience":93598,"relics_obtained":[{"floor":6.0,"key":"Incense Burner"},{"floor":9.0,"key":"Question Card"},{"floor":13.0,"key":"Bag of Preparation"},{"floor":26.0,"key":"Bottled Tornado"},{"floor":43.0,"key":"Happy Flower"}],"event_choices":[{"damage_healed":0.0,"max_hp_gain":0.0,"max_hp_loss":0.0,"gold_gain":0.0,"event_name":"Big Fish","player_choice":"Box","floor":11.0,"gold_loss":0.0,"damage_taken":0.0,"relics_obtained":["Shuriken"],"cards_obtained":["Regret"]},{"damage_healed":0.0,"max_hp_gain":0.0,"max_hp_loss":0.0,"gold_gain":0.0,"cards_transformed":["Defend_R"],"event_name":"Living Wall","player_choice":"Change","floor":12.0,"gold_loss":0.0,"damage_taken":0.0,"cards_obtained":["Blood for Blood"]},{"damage_healed":0.0,"max_hp_gain":0.0,"max_hp_loss":0.0,"gold_gain":0.0,"event_name":"Accursed Blacksmith","player_choice":"Forge","floor":20.0,"gold_loss":0.0,"damage_taken":0.0,"cards_upgraded":["Barricade"]},{"damage_healed":0.0,"max_hp_gain":0.0,"max_hp_loss":0.0,"gold_gain":0.0,"event_name":"Knowing Skull","player_choice":"POTION POTION CARD CARD CARD ","floor":27.0,"potions_obtained":["Poison Potion","Poison Potion"],"gold_loss":0.0,"damage_taken":48.0,"cards_obtained":["Deep Breath","PanicButton","Impatience"]},{"damage_healed":0.0,"max_hp_gain":0.0,"max_hp_loss":0.0,"gold_gain":0.0,"cards_transformed":["Strike_R","Strike_R"],"event_name":"Drug Dealer","player_choice":"Became Test Subject","floor":29.0,"gold_loss":0.0,"damage_taken":0.0,"cards_obtained":["Hemokinesis","Bloodletting"]},{"damage_healed":0.0,"max_hp_gain":0.0,"max_hp_loss":0.0,"gold_gain":0.0,"event_name":"Addict","player_choice":"Obtained Relic","floor":31.0,"gold_loss":85.0,"damage_taken":0.0,"relics_obtained":["Peace Pipe"]},{"cards_removed":["Strike_R"],"damage_healed":0.0,"max_hp_gain":0.0,"max_hp_loss":0.0,"gold_gain":0.0,"event_name":"Falling","player_choice":"Removed Attack","floor":37.0,"gold_loss":0.0,"damage_taken":0.0},{"damage_healed":21.0,"max_hp_gain":0.0,"max_hp_loss":0.0,"gold_gain":0.0,"event_name":"Winding Halls","player_choice":"Writhe","floor":41.0,"gold_loss":0.0,"damage_taken":0.0,"cards_obtained":["Writhe"]},{"damage_healed":74.0,"max_hp_gain":0.0,"max_hp_loss":11.0,"gold_gain":0.0,"event_name":"The Moai Head","player_choice":"Heal","floor":45.0,"gold_loss":0.0,"damage_taken":0.0}],"is_beta":false,"boss_relics":[{"not_picked":["Sozu","Philosopher\u0027s Stone"],"picked":"Runic Pyramid"},{"not_picked":["Coffee Dripper","Calling Bell"],"picked":"Busted Crown"}],"items_purged_floors":[14,36],"is_endless":false,"potions_floor_spawned":[1,3,4,8,13,19,21,22,33,35,44,48],"killed_by":"Awakened One","ascension_level":0}