{"gold_per_floor":[116,128,144,162,172,172,192,220,245,262,262,227,245,279,279,279],"floor_reached":16,"playtime":2622,"items_purged":[],"score":116,"play_id":"b6917431-b6c4-448f-a001-9aada5f93e3d","local_time":"20190804234645","is_ascension_mode":false,"campfire_choices":[{"floor":6,"key":"REST"},{"floor":15,"key":"REST"}],"neow_cost":"NONE","seed_source_timestamp":74927204954400,"circlet_count":0,"master_deck":["Strike_R","Strike_R","Strike_R","Strike_R","Strike_R","Defend_R","Defend_R","Defend_R","Defend_R","Bash+1","Clothesline","Armaments","Rampage","Warcry","True Grit","Blood for Blood","Shockwave","Clothesline","Thunderclap","Shrug It Off","Dropkick+1"],"relics":["Burning Blood","Juzu Bracelet","Bag of Preparation","Whetstone"],"potions_floor_usage":[7,7,14,14],"damage_taken":[{"damage":9,"enemies":"Small Slimes","floor":1,"turns":3},{"damage":8,"enemies":"Jaw Worm","floor":2,"turns":3},{"damage":5,"enemies":"2 Louse","floor":3,"turns":2},{"damage":17,"enemies":"2 Fungi Beasts","floor":4,"turns":4},{"damage":9,"enemies":"Looter","floor":5,"turns":3},{"damage":0,"enemies":"Gremlin Gang","floor":7,"turns":2},{"damage":46,"enemies":"Gremlin Nob","floor":8,"turns":6},{"damage":12,"enemies":"Blue Slaver","floor":10,"turns":4},{"damage":12,"enemies":"Looter","floor":13,"turns":4},{"damage":21,"enemies":"3 Sentries","floor":14,"turns":7},{"damage":58,"enemies":"The Guardian","floor":16,"turns":11}],"seed_played":"1295862443866425990","potions_obtained":[{"floor":4,"key":"Swift Potion"},{"floor":5,"key":"Explosive Potion"},{"floor":8,"key":"Poison Potion"},{"floor":13,"key":"Poison Potion"}],"is_trial":false,"path_per_floor":["M","M","M","M","M","R","M","E","T","M","?","?","M","E","R","B"],"character_chosen":"IRONCLAD","items_purchased":[],"campfire_rested":2,"item_purchase_floors":[],"current_hp_per_floor":[77,75,76,65,62,80,80,40,40,34,34,54,48,33,57,0],"gold":279,"neow_bonus":"THREE_CARDS","is_prod":false,"is_daily":false,"chose_seed":false,"campfire_upgraded":0,"win_rate":0.0,"timestamp":1564980405,"path_taken":["M","M","M","M","M","R","M","E","T","M","?","?","M","E","R","BOSS"],"build_version":"2019-07-05","purchased_purges":0,"victory":false,"max_hp_per_floor":[80,80,80,80,80,80,80,80,80,80,80,80,80,80,80,80],"card_choices":[{"not_picked":["Heavy Blade","Pummel"],"picked":"Clothesline","floor":0},{"not_picked":["Flex","True Grit"],"picked":"Armaments","floor":1},{"not_picked":["Power Through","Twin Strike"],"picked":"Rampage","floor":2},{"not_picked":["Sword Boomerang","Rupture"],"picked":"Warcry","floor":3},{"not_picked":["Flex","Reckless Charge"],"picked":"True Grit","floor":4},{"not_picked":["Flex","Perfected Strike"],"picked":"Blood for Blood","floor":5},{"not_picked":["Iron Wave","Feed"],"picked":"Shockwave","floor":7},{"not_picked":["Sword Boomerang","Headbutt"],"picked":"Clothesline","floor":8},{"not_picked":["Combust","Shrug It Off"],"picked":"Thunderclap","floor":10},{"not_picked":["Thunderclap","Hemokinesis"],"picked":"Shrug It Off","floor":13},{"not_picked":["Pommel Strike","Warcry"],"picked":"Dropkick","floor":14}],"player_experience":83897,"relics_obtained":[{"floor":8,"key":"Juzu Bracelet"},{"floor":9,"key":"Bag of Preparation"},{"floor":14,"key":"Whetstone"}],"event_choices":[{"damage_healed":0,"gold_gain":0,"player_choice":"Ignored","damage_taken":0,"max_hp_gain":0,"max_hp_loss":0,"event_name":"Liars Game","floor":11,"gold_loss":0},{"damage_healed":20,"gold_gain":0,"player_choice":"Healed","damage_taken":0,"max_hp_gain":0,"max_hp_loss":0,"event_name":"The Cleric","floor":12,"gold_loss":35}],"is_beta":false,"boss_relics":[],"items_purged_floors":[],"is_endless":false,"potions_floor_spawned":[4,5,8,13],"killed_by":"The Guardian","ascension_level":0}