{"gold_per_floor":[115,135,154,174,349,380,380,250,274,274,274,287,34,45,45,147,147,162,8,0,0,0,0],"floor_reached":23,"playtime":3640,"items_purged":[],"score":189,"play_id":"71b7e3e5-3337-468d-b640-44bf7db2359f","local_time":"20190802025632","is_ascension_mode":false,"campfire_choices":[{"floor":7,"key":"REST"},{"data":"Searing Blow","floor":11,"key":"SMITH"},{"data":"Seeing Red","floor":15,"key":"SMITH"}],"neow_cost":"","seed_source_timestamp":5074911574200,"circlet_count":0,"master_deck":["Strike_R","Strike_R","Strike_R","Strike_R","Strike_R","Defend_R","Defend_R","Defend_R","Defend_R","Bash","Body Slam","Clothesline","Shrug It Off","Armaments","Warcry","Searing Blow+1","Armaments","Inflame","Secret Technique","Seeing Red+1","Fire Breathing","Impervious","Shrug It Off","Ghostly Armor","Feel No Pain"],"relics":["Burning Blood","Regal Pillow","Pen Nib","Velvet Choker"],"potions_floor_usage":[16,16,16],"damage_taken":[{"damage":3,"enemies":"Small Slimes","floor":1,"turns":4},{"damage":8,"enemies":"Jaw Worm","floor":2,"turns":5},{"damage":5,"enemies":"2 Louse","floor":3,"turns":3},{"damage":8,"enemies":"Blue Slaver","floor":4,"turns":5},{"damage":56,"enemies":"Lagavulin","floor":6,"turns":12},{"damage":0,"enemies":"Exordium Wildlife","floor":12,"turns":6},{"damage":7,"enemies":"2 Fungi Beasts","floor":14,"turns":4},{"damage":42,"enemies":"The Guardian","floor":16,"turns":11},{"damage":24,"enemies":"Spheric Guardian","floor":18,"turns":5},{"damage":85,"enemies":"Gremlin Leader","floor":23,"turns":6}],"seed_played":"-5632269794005093923","potions_obtained":[{"floor":2,"key":"Fire Potion"},{"floor":6,"key":"Strength Potion"},{"floor":12,"key":"LiquidBronze"}],"is_trial":false,"path_per_floor":["M","M","M","M","?","E","R","$","T","?","R","M","$","M","R","B",null,"M","$","?","?","?","E"],"character_chosen":"IRONCLAD","items_purchased":["Searing Blow","Armaments","Secret Technique","Seeing Red","Ghostly Armor","Feel No Pain"],"campfire_rested":1,"item_purchase_floors":[8,8,13,13,19,19],"current_hp_per_floor":[80,78,79,77,77,27,66,66,66,59,59,65,65,64,64,28,80,62,62,62,80,80,0],"gold":0,"neow_bonus":"","is_prod":false,"is_daily":false,"chose_seed":false,"campfire_upgraded":2,"win_rate":0.0,"timestamp":1564732592,"path_taken":["M","M","M","M","?","E","R","$","T","?","R","M","$","M","R","BOSS","M","$","?","?","?","E"],"build_version":"2019-07-05","purchased_purges":0,"victory":false,"max_hp_per_floor":[80,80,80,80,80,80,80,80,80,80,80,80,80,80,80,80,80,80,80,80,80,80,80],"card_choices":[{"not_picked":["Rage","Perfected Strike"],"picked":"Body Slam","floor":1},{"not_picked":["True Grit","Thunderclap"],"picked":"Clothesline","floor":2},{"not_picked":["Entrench","Dark Embrace"],"picked":"Shrug It Off","floor":3},{"not_picked":["Pommel Strike","Flex"],"picked":"Armaments","floor":4},{"not_picked":["Body Slam","Clothesline"],"picked":"Warcry","floor":6},{"not_picked":["Shockwave","Rupture"],"picked":"Inflame","floor":12},{"not_picked":["Corruption","True Grit"],"picked":"Fire Breathing","floor":14},{"not_picked":["Double Tap","Barricade"],"picked":"Impervious","floor":16},{"not_picked":["Blood for Blood+1","Dual Wield+1"],"picked":"Shrug It Off","floor":18}],"player_experience":0,"relics_obtained":[{"floor":6,"key":"Regal Pillow"},{"floor":9,"key":"Pen Nib"}],"event_choices":[{"damage_healed":0,"gold_gain":175,"player_choice":"AGREE","damage_taken":0,"max_hp_gain":0,"max_hp_loss":0,"event_name":"Liars Game","floor":5,"gold_loss":0,"cards_obtained":["Doubt"]},{"cards_removed":["Doubt"],"damage_healed":0,"gold_gain":0,"player_choice":"Card Removal","damage_taken":7,"max_hp_gain":0,"max_hp_loss":0,"event_name":"Golden Wing","floor":10,"gold_loss":0},{"damage_healed":0,"gold_gain":0,"player_choice":"Paid Fearfully","damage_taken":0,"max_hp_gain":0,"max_hp_loss":0,"event_name":"Masked Bandits","floor":20,"gold_loss":8},{"damage_healed":26,"gold_gain":0,"player_choice":"Heal","damage_taken":0,"max_hp_gain":0,"max_hp_loss":0,"event_name":"The Library","floor":21,"gold_loss":0},{"damage_healed":0,"gold_gain":0,"player_choice":"Ignored","damage_taken":0,"max_hp_gain":0,"max_hp_loss":0,"event_name":"Vampires","floor":22,"gold_loss":0}],"is_beta":false,"boss_relics":[{"not_picked":["Philosopher\u0027s Stone","Runic Pyramid"],"picked":"Velvet Choker"}],"items_purged_floors":[],"is_endless":false,"potions_floor_spawned":[2,6,12],"killed_by":"Gremlin Leader","ascension_level":0}