{"gold_per_floor":[117,135,60,60,60,85,85,119,119,134,162,178,205,40,40,112,112,132,132,132,57,76,76,76,92,116,116,136,151,200,42,42,117,117,137,137,153,153,173,192,204,16,16,16,16],"floor_reached":45,"playtime":2150,"items_purged":["Parasite"],"score":866,"play_id":"6160c0b7-3c27-4a76-adbf-20492c250ef8","local_time":"20190929104603","is_ascension_mode":true,"campfire_choices":[{"data":"Neutralize","floor":7.0,"key":"SMITH"},{"floor":15.0,"key":"REST"},{"floor":23.0,"key":"REST"},{"floor":27.0,"key":"REST"},{"floor":32.0,"key":"REST"},{"floor":44,"key":"REST"}],"neow_cost":"NONE","seed_source_timestamp":1429427716865400,"circlet_count":0,"master_deck":["AscendersBane","Strike_G+1","Strike_G+1","Defend_G+1","Defend_G+1","Defend_G+1","Defend_G+1","Defend_G+1","Survivor","Neutralize+1","Dagger Spray","Dagger Throw","Well Laid Plans","PiercingWail","Cloak And Dagger","Poisoned Stab","After Image","Dodge and Roll","Quick Slash","Leg Sweep","Finisher+1","Cloak And Dagger","Adrenaline","Quick Slash+1","Endless Agony","Noxious Fumes+1","Infinite Blades+1","Apotheosis","Dark Shackles","Dramatic Entrance","Backflip","Caltrops"],"special_seed":0,"relics":["Ring of the Snake","NeowsBlessing","Shuriken","Art of War","Pen Nib","Bottled Flame","Prayer Wheel","Potion Belt","Oddly Smooth Stone","Philosopher\u0027s Stone","MutagenicStrength","Centennial Puzzle","Bronze Scales","Vajra","Runic Dome","Juzu Bracelet"],"potions_floor_usage":[],"damage_taken":[{"damage":0.0,"enemies":"Cultist","floor":1.0,"turns":1.0},{"damage":0.0,"enemies":"Jaw Worm","floor":2.0,"turns":1.0},{"damage":0.0,"enemies":"Gremlin Nob","floor":6.0,"turns":1.0},{"damage":32.0,"enemies":"3 Sentries","floor":8.0,"turns":8.0},{"damage":3.0,"enemies":"Small Slimes","floor":10.0,"turns":3.0},{"damage":2.0,"enemies":"Lagavulin","floor":11.0,"turns":5.0},{"damage":0.0,"enemies":"Exordium Thugs","floor":12.0,"turns":5.0},{"damage":15.0,"enemies":"3 Sentries","floor":13.0,"turns":7.0},{"damage":20.0,"enemies":"Hexaghost","floor":16.0,"turns":12.0},{"damage":19.0,"enemies":"Spheric Guardian","floor":18.0,"turns":6.0},{"damage":24.0,"enemies":"3 Byrds","floor":22.0,"turns":7.0},{"damage":16.0,"enemies":"Shelled Parasite and Fungi","floor":25.0,"turns":4.0},{"damage":0.0,"enemies":"Centurion and Healer","floor":28.0,"turns":1.0},{"damage":0.0,"enemies":"3 Cultists","floor":29.0,"turns":4.0},{"damage":32.0,"enemies":"Champ","floor":33.0,"turns":12.0},{"damage":0.0,"enemies":"3 Darklings","floor":35.0,"turns":5.0},{"damage":0.0,"enemies":"3 Shapes","floor":37.0,"turns":2.0},{"damage":15.0,"enemies":"Writhing Mass","floor":39.0,"turns":6.0},{"damage":17.0,"enemies":"Maw","floor":40.0,"turns":6.0},{"damage":0.0,"enemies":"Sphere and 2 Shapes","floor":41.0,"turns":4.0},{"damage":31,"enemies":"Reptomancer","floor":45,"turns":4}],"seed_played":"-409236200712212503","potions_obtained":[{"floor":1.0,"key":"Weak Potion"},{"floor":8.0,"key":"Energy Potion"},{"floor":10.0,"key":"SteroidPotion"},{"floor":16.0,"key":"Weak Potion"},{"floor":22.0,"key":"Ancient Potion"},{"floor":25.0,"key":"SteroidPotion"},{"floor":35.0,"key":"GhostInAJar"}],"is_trial":false,"path_per_floor":["M","M","?","T","?","E","R","E","T","M","E","M","E","$","R","B",null,"M","?","?","?","M","R","?","M","T","R","M","M","T","$","R","B",null,"M","?","M","?","M","M","M","$","T","R","E"],"character_chosen":"THE_SILENT","items_purchased":["Oddly Smooth Stone","Vajra","EntropicBrew"],"campfire_rested":5,"item_purchase_floors":[14,31,42],"current_hp_per_floor":[59,59,59,59,59,59,59,27,27,24,22,22,7,7,26,6,51,32,32,32,32,8,27,27,11,11,30,30,30,30,30,49,17,54,54,54,54,44,29,12,12,12,12,30,0],"gold":16,"neow_bonus":"THREE_ENEMY_KILL","is_prod":false,"is_daily":false,"chose_seed":false,"campfire_upgraded":1,"win_rate":0,"timestamp":1569779163,"path_taken":["M","M","?","?","?","E","R","E","T","?","E","M","E","?","R","BOSS","M","?","?","?","M","R","?","M","T","R","M","M","?","?","R","BOSS","M","?","?","?","M","M","M","$","T","R","E"],"build_version":"2019-09-27","purchased_purges":1,"victory":false,"max_hp_per_floor":[66,66,66,66,66,66,66,66,66,66,66,66,66,66,66,66,66,66,66,66,66,66,66,66,66,66,66,66,66,66,66,66,66,66,66,66,66,66,66,66,66,63,63,63,63],"card_choices":[{"not_picked":["Distraction","Bane"],"picked":"Dagger Spray","floor":1.0},{"not_picked":["Sucker Punch","Cloak And Dagger"],"picked":"Dagger Throw","floor":2.0},{"not_picked":["Choke","Dagger Throw","Slice"],"picked":"SKIP","floor":6.0},{"not_picked":["Acrobatics","Reflex"],"picked":"PiercingWail","floor":8.0},{"not_picked":["Masterful Stab","Setup"],"picked":"Cloak And Dagger","floor":10.0},{"not_picked":["Well Laid Plans","Dagger Throw","Eviscerate"],"picked":"SKIP","floor":11.0},{"not_picked":["Prepared","Doppelganger","Choke"],"picked":"SKIP","floor":12.0},{"not_picked":["Masterful Stab","Prepared","All Out Attack"],"picked":"SKIP","floor":12.0},{"not_picked":["Acrobatics","Slice"],"picked":"Poisoned Stab","floor":13.0},{"not_picked":["Night Terror","Malaise"],"picked":"After Image","floor":16.0},{"not_picked":["Outmaneuver+1","Sucker Punch"],"picked":"Dodge and Roll","floor":18.0},{"not_picked":["Catalyst","Well Laid Plans","PiercingWail"],"picked":"SKIP","floor":18.0},{"not_picked":["Backflip","Bouncing Flask"],"picked":"Quick Slash","floor":22.0},{"not_picked":["Dagger Spray","Flying Knee"],"picked":"Leg Sweep","floor":22.0},{"not_picked":["Dodge and Roll+1","Poisoned Stab+1"],"picked":"Finisher+1","floor":25.0},{"not_picked":["Masterful Stab+1","Deadly Poison","Phantasmal Killer"],"picked":"SKIP","floor":25.0},{"not_picked":["Dodge and Roll","PiercingWail"],"picked":"Cloak And Dagger","floor":28.0},{"not_picked":["Quick Slash+1","Choke","PiercingWail"],"picked":"SKIP","floor":28.0},{"not_picked":["PiercingWail","Dagger Spray","Poisoned Stab"],"picked":"SKIP","floor":29.0},{"not_picked":["Acrobatics","Bane","Dagger Throw"],"picked":"SKIP","floor":29.0},{"not_picked":["After Image","Phantasmal Killer"],"picked":"Adrenaline","floor":33.0},{"not_picked":["PiercingWail","Prepared"],"picked":"Quick Slash+1","floor":35.0},{"not_picked":["Poisoned Stab","Slice"],"picked":"Endless Agony","floor":35.0},{"not_picked":["Eviscerate","Dagger Spray"],"picked":"Noxious Fumes+1","floor":37.0},{"not_picked":["Flying Knee","Dodge and Roll+1"],"picked":"Infinite Blades+1","floor":37.0},{"not_picked":["Trip","Sadistic Nature"],"picked":"Apotheosis","floor":38.0},{"not_picked":["Magnetism","Mayhem"],"picked":"Dark Shackles","floor":38.0},{"not_picked":["Chrysalis","Good Instincts"],"picked":"Dramatic Entrance","floor":38.0},{"not_picked":["All Out Attack","Leg Sweep"],"picked":"Backflip","floor":39.0},{"not_picked":["Concentrate+1","Flying Knee","Sucker Punch"],"picked":"SKIP","floor":39.0},{"not_picked":["Endless Agony","Acrobatics"],"picked":"Caltrops","floor":40.0},{"not_picked":["Finisher","Dagger Spray+1","Underhanded Strike"],"picked":"SKIP","floor":40.0},{"not_picked":["Infinite Blades","Acrobatics","Flechettes"],"picked":"SKIP","floor":41.0},{"not_picked":["Tools of the Trade","Distraction","Prepared+1"],"picked":"SKIP","floor":41.0}],"player_experience":1492840,"relics_obtained":[{"floor":4.0,"key":"Shuriken"},{"floor":6.0,"key":"Art of War"},{"floor":8.0,"key":"Pen Nib"},{"floor":9.0,"key":"Bottled Flame"},{"floor":11.0,"key":"Prayer Wheel"},{"floor":13.0,"key":"Potion Belt"},{"floor":26.0,"key":"Centennial Puzzle"},{"floor":30.0,"key":"Bronze Scales"},{"floor":43,"key":"Juzu Bracelet"}],"event_choices":[{"cards_removed":["Strike_G"],"damage_healed":0.0,"max_hp_gain":0.0,"max_hp_loss":0.0,"gold_gain":0.0,"event_name":"The Cleric","player_choice":"Card Removal","floor":3.0,"gold_loss":75.0,"damage_taken":0.0},{"damage_healed":0.0,"max_hp_gain":0.0,"max_hp_loss":0.0,"gold_gain":0.0,"cards_transformed":["Strike_G"],"event_name":"Transmorgrifier","player_choice":"Transformed","floor":5.0,"gold_loss":0.0,"damage_taken":0.0,"cards_obtained":["Well Laid Plans"]},{"damage_healed":0.0,"max_hp_gain":0.0,"max_hp_loss":0.0,"gold_gain":0.0,"event_name":"Back to Basics","player_choice":"Simplicity","floor":19.0,"gold_loss":0.0,"damage_taken":0.0,"cards_upgraded":["Strike_G","Strike_G","Strike_G","Defend_G","Defend_G","Defend_G","Defend_G","Defend_G"]},{"damage_healed":0.0,"max_hp_gain":0.0,"max_hp_loss":0.0,"gold_gain":0.0,"event_name":"Ghosts","player_choice":"Ignored","floor":20.0,"gold_loss":0.0,"damage_taken":0.0},{"cards_removed":["Strike_G"],"damage_healed":0.0,"max_hp_gain":0.0,"max_hp_loss":0.0,"gold_gain":0.0,"event_name":"Beggar","player_choice":"Gave Gold","floor":21.0,"gold_loss":75.0,"damage_taken":0.0},{"damage_healed":0.0,"max_hp_gain":0.0,"max_hp_loss":0.0,"gold_gain":0.0,"event_name":"Drug Dealer","player_choice":"Inject Mutagens","floor":24.0,"gold_loss":0.0,"damage_taken":0.0,"relics_obtained":["MutagenicStrength"]},{"damage_healed":0.0,"max_hp_gain":0.0,"max_hp_loss":0.0,"gold_gain":0.0,"event_name":"Match and Keep!","player_choice":"0 cards matched","floor":36.0,"gold_loss":0.0,"damage_taken":0.0,"cards_obtained":[]},{"damage_healed":0.0,"max_hp_gain":0.0,"max_hp_loss":0.0,"gold_gain":0.0,"event_name":"SensoryStone","player_choice":"Memory 3","floor":38.0,"gold_loss":0.0,"damage_taken":10.0}],"is_beta":true,"boss_relics":[{"not_picked":["HoveringKite","Runic Pyramid"],"picked":"Philosopher\u0027s Stone"},{"not_picked":["SacredBark","Fusion Hammer"],"picked":"Runic Dome"}],"items_purged_floors":[42],"is_endless":false,"potions_floor_spawned":[1,8,10,16,22,25,35],"killed_by":"Reptomancer","ascension_level":17}