{"gold_per_floor":[218,233,251,251,251,277,16,16,16,34,34,34,52,82,82,179,179,190,204,14,14],"floor_reached":21,"playtime":5257,"items_purged":[],"score":189,"play_id":"e8847e6b-6870-4a9f-899e-437b463e9633","local_time":"20190804200456","is_ascension_mode":false,"campfire_choices":[{"floor":8,"key":"REST"},{"floor":12,"key":"REST"},{"floor":15,"key":"REST"}],"neow_cost":"NONE","seed_source_timestamp":58589515641300,"circlet_count":0,"master_deck":["Strike_B","Strike_B","Strike_B","Strike_B","Defend_B","Defend_B","Defend_B","Zap","Dualcast","Redo","Stack","Cold Snap","Regret","Lockon","Hologram","Biased Cognition","Compile Driver","Doom and Gloom","Lockon","Rainbow","Hologram","Skim","Self Repair","Fission"],"relics":["Cracked Core","Dodecahedron","Prayer Wheel","Pantograph","Bottled Lightning","Pear","Nuclear Battery","ClockworkSouvenir"],"potions_floor_usage":[14,14,14,21],"damage_taken":[{"damage":3,"enemies":"Small Slimes","floor":1,"turns":3},{"damage":1,"enemies":"2 Louse","floor":2,"turns":2},{"damage":12,"enemies":"Jaw Worm","floor":3,"turns":4},{"damage":36,"enemies":"3 Sentries","floor":6,"turns":8},{"damage":4,"enemies":"Large Slime","floor":10,"turns":5},{"damage":11,"enemies":"Red Slaver","floor":13,"turns":3},{"damage":5,"enemies":"Gremlin Nob","floor":14,"turns":4},{"damage":52,"enemies":"The Guardian","floor":16,"turns":11},{"damage":23,"enemies":"3 Byrds","floor":18,"turns":4},{"damage":31,"enemies":"2 Thieves","floor":19,"turns":4},{"damage":38,"enemies":"Cultist and Chosen","floor":21,"turns":6}],"seed_played":"-170793055211147521","potions_obtained":[{"floor":1,"key":"Poison Potion"},{"floor":10,"key":"SpeedPotion"},{"floor":13,"key":"AttackPotion"},{"floor":19,"key":"LiquidBronze"}],"is_trial":false,"path_per_floor":["M","M","M","?","?","E","$","R","T","M","?","R","M","E","R","B",null,"M","M","$","M"],"character_chosen":"DEFECT","items_purchased":["Pantograph","ClockworkSouvenir"],"campfire_rested":3,"item_purchase_floors":[7,20],"current_hp_per_floor":[72,71,59,59,59,23,23,45,45,41,34,56,45,50,75,33,85,62,31,31,0],"gold":14,"neow_bonus":"HUNDRED_GOLD","is_prod":false,"is_daily":false,"chose_seed":false,"campfire_upgraded":0,"win_rate":0.0,"timestamp":1564967096,"path_taken":["M","M","M","?","?","E","$","R","T","M","?","R","M","E","R","BOSS","M","M","$","M"],"build_version":"2019-07-05","purchased_purges":0,"victory":false,"max_hp_per_floor":[75,75,75,75,75,75,75,75,75,75,75,75,75,85,85,85,85,85,85,85,85],"card_choices":[{"not_picked":["Scrape","Reinforced Body"],"picked":"Redo","floor":1},{"not_picked":["Conserve Battery","Go for the Eyes"],"picked":"Stack","floor":2},{"not_picked":["Scrape","Conserve Battery"],"picked":"Cold Snap","floor":3},{"not_picked":["Compile Driver","Steam"],"picked":"Lockon","floor":6},{"not_picked":["Reinforced Body","Tempest"],"picked":"Hologram","floor":10},{"not_picked":["Steam","Force Field"],"picked":"Biased Cognition","floor":10},{"not_picked":["Blizzard","Redo"],"picked":"Compile Driver","floor":13},{"not_picked":["Go for the Eyes","Steam"],"picked":"Doom and Gloom","floor":13},{"not_picked":["Tempest","Auto Shields"],"picked":"Lockon","floor":14},{"not_picked":["All For One","Reboot"],"picked":"Rainbow","floor":16},{"not_picked":["Redo","Beam Cell"],"picked":"Hologram","floor":18},{"not_picked":["Ball Lightning","Coolheaded"],"picked":"Skim","floor":18},{"not_picked":["Stack+1","FTL"],"picked":"Self Repair","floor":19},{"not_picked":["Leap","Stack+1"],"picked":"Fission","floor":19}],"player_experience":72971,"relics_obtained":[{"floor":6,"key":"Prayer Wheel"},{"floor":9,"key":"Bottled Lightning"},{"floor":14,"key":"Pear"}],"event_choices":[{"damage_healed":0,"gold_gain":0,"player_choice":"Ignored","damage_taken":0,"max_hp_gain":0,"max_hp_loss":0,"event_name":"Liars Game","floor":4,"gold_loss":0},{"damage_healed":0,"gold_gain":0,"player_choice":"Box","damage_taken":0,"relics_obtained":["Dodecahedron"],"max_hp_gain":0,"max_hp_loss":0,"event_name":"Big Fish","floor":5,"gold_loss":0,"cards_obtained":["Regret"]},{"cards_removed":["Defend_B"],"damage_healed":0,"gold_gain":0,"player_choice":"Card Removal","damage_taken":7,"max_hp_gain":0,"max_hp_loss":0,"event_name":"Golden Wing","floor":11,"gold_loss":0}],"is_beta":false,"boss_relics":[{"not_picked":["Eternal Feather","Orrery"],"picked":"Nuclear Battery"}],"items_purged_floors":[],"is_endless":false,"potions_floor_spawned":[1,10,13,19],"killed_by":"Cultist and Chosen","ascension_level":0}