{"gold_per_floor":[118,47,47,65,83,117,117,133,133,146,161,161,178,178,178,178],"floor_reached":16,"playtime":3826,"items_purged":[],"score":104,"play_id":"512d4d4e-2767-4849-a7c4-71d5e50c1974","local_time":"20190802213440","is_ascension_mode":false,"campfire_choices":[{"floor":7,"key":"REST"},{"floor":15,"key":"REST"}],"neow_cost":"NONE","seed_source_timestamp":70316010123300,"circlet_count":0,"master_deck":["Strike_R","Strike_R","Strike_R","Strike_R","Strike_R","Defend_R","Defend_R","Defend_R","Defend_R","Bash+1","Headbutt","Shockwave","Warcry","Perfected Strike+1","Seeing Red","Burning Pact","Disarm","Infernal Blade","Armaments+1","Carnage"],"relics":["Burning Blood","Mercury Hourglass","Sundial"],"potions_floor_usage":[11,16,16,16],"damage_taken":[{"damage":15,"enemies":"Jaw Worm","floor":1,"turns":4},{"damage":5,"enemies":"Cultist","floor":4,"turns":4},{"damage":8,"enemies":"Small Slimes","floor":5,"turns":3},{"damage":54,"enemies":"Lagavulin","floor":6,"turns":9},{"damage":8,"enemies":"2 Fungi Beasts","floor":8,"turns":3},{"damage":5,"enemies":"3 Louse","floor":10,"turns":3},{"damage":33,"enemies":"Gremlin Gang","floor":11,"turns":4},{"damage":3,"enemies":"Lots of Slimes","floor":13,"turns":3},{"damage":24,"enemies":"Slime Boss","floor":16,"turns":5}],"seed_played":"-2425449599125575492","potions_obtained":[{"floor":5,"key":"Swift Potion"},{"floor":6,"key":"FearPotion"},{"floor":8,"key":"Dexterity Potion"},{"floor":11,"key":"Fruit Juice"},{"floor":13,"key":"LiquidBronze"}],"is_trial":false,"path_per_floor":["M","$","?","M","M","E","R","M","T","M","M","?","M","?","R","B"],"character_chosen":"IRONCLAD","items_purchased":["Shockwave"],"campfire_rested":2,"item_purchase_floors":[2],"current_hp_per_floor":[71,71,71,72,70,22,46,44,44,45,23,23,26,9,34,10],"gold":178,"neow_bonus":"UPGRADE_CARD","is_prod":false,"is_daily":false,"chose_seed":false,"campfire_upgraded":0,"win_rate":0.0,"timestamp":1564799680,"path_taken":["M","$","?","M","?","E","R","M","T","M","M","?","M","?","R","BOSS"],"build_version":"2019-07-05","purchased_purges":0,"victory":false,"max_hp_per_floor":[80,80,80,80,80,80,80,80,80,80,85,85,85,85,85,85],"card_choices":[{"not_picked":["Flex","Body Slam"],"picked":"Headbutt","floor":1},{"not_picked":["Iron Wave","Rupture"],"picked":"Perfected Strike","floor":4},{"not_picked":["Body Slam","Warcry"],"picked":"Seeing Red","floor":5},{"not_picked":["Battle Trance","Impervious"],"picked":"Burning Pact","floor":6},{"not_picked":["Cleave","Thunderclap"],"picked":"Disarm","floor":8},{"not_picked":["Pommel Strike","Body Slam"],"picked":"Infernal Blade","floor":10},{"not_picked":["Disarm","Corruption"],"picked":"Armaments","floor":11},{"not_picked":["Clash","Armaments"],"picked":"Carnage","floor":13}],"player_experience":18001,"relics_obtained":[{"floor":6,"key":"Mercury Hourglass"},{"floor":9,"key":"Sundial"}],"event_choices":[{"damage_healed":0,"gold_gain":0,"player_choice":"1 cards matched","damage_taken":0,"max_hp_gain":0,"max_hp_loss":0,"event_name":"Match and Keep!","floor":3,"gold_loss":0,"cards_obtained":["Warcry"]},{"damage_healed":0,"gold_gain":0,"player_choice":"Ignored","damage_taken":0,"max_hp_gain":0,"max_hp_loss":0,"event_name":"Liars Game","floor":12,"gold_loss":0},{"damage_healed":0,"gold_gain":0,"player_choice":"Entered Light","damage_taken":17,"max_hp_gain":0,"max_hp_loss":0,"event_name":"Shining Light","floor":14,"gold_loss":0,"cards_upgraded":["Armaments","Perfected Strike"]}],"is_beta":false,"boss_relics":[],"items_purged_floors":[],"is_endless":false,"potions_floor_spawned":[5,6,8,11,13],"killed_by":"Slime Boss","ascension_level":0}