{"gold_per_floor":[113,123,123,83,97,97,27,27,27,44,44,44,66,76,76,175,175,195,294,311,88,88,88,98,98,98,98,114,29,129,147,147,147],"floor_reached":33,"playtime":1364,"items_purged":["Zap"],"score":235,"play_id":"5f2182ac-3928-4e06-b58c-7d05ae0e9476","local_time":"20190226131846","daily_mods":["Heirloom","Green Cards","Terminal"],"is_ascension_mode":false,"campfire_choices":[{"data":"Noxious Fumes","floor":6,"key":"SMITH"},{"data":"Blizzard","floor":8,"key":"SMITH"},{"data":"Leap","floor":11,"key":"SMITH"},{"data":"Coolheaded","floor":15,"key":"SMITH"},{"data":"Outmaneuver","floor":23,"key":"SMITH"},{"data":"Defend_B","floor":27,"key":"SMITH"},{"floor":32,"key":"REST"}],"neow_cost":"","seed_source_timestamp":0,"circlet_count":0,"master_deck":["Strike_B","Strike_B","Strike_B","Strike_B","Defend_B+1","Defend_B","Defend_B","Defend_B","Dualcast","Coolheaded+1","Noxious Fumes+1","Leap+1","Blizzard+1","Outmaneuver+1","Defragment+1","Terror+1"],"relics":["Cracked Core","StoneCalendar","Frozen Egg 2","Odd Mushroom","Velvet Choker","Potion Belt","Kunai","PreservedInsect"],"potions_floor_usage":[18,24,31],"damage_taken":[{"damage":0,"enemies":"Cultist","floor":1,"turns":3},{"damage":0,"enemies":"2 Louse","floor":2,"turns":2},{"damage":0,"enemies":"Jaw Worm","floor":5,"turns":5},{"damage":5,"enemies":"Red Slaver","floor":10,"turns":5},{"damage":4,"enemies":"The Mushroom Lair","floor":13,"turns":5},{"damage":0,"enemies":"Blue Slaver","floor":14,"turns":4},{"damage":18,"enemies":"Slime Boss","floor":16,"turns":7},{"damage":3,"enemies":"3 Byrds","floor":18,"turns":4},{"damage":0,"enemies":"Shell Parasite","floor":20,"turns":7},{"damage":0,"enemies":"Shelled Parasite and Fungi","floor":24,"turns":7},{"damage":15,"enemies":"Centurion and Healer","floor":28,"turns":7},{"damage":15,"enemies":"Chosen and Byrds","floor":31,"turns":7},{"damage":40,"enemies":"Automaton","floor":33,"turns":6}],"seed_played":"2666677739680340337","potions_obtained":[{"floor":2,"key":"Block Potion"},{"floor":4,"key":"PowerPotion"},{"floor":4,"key":"Poison Potion"},{"floor":4,"key":"Explosive Potion"},{"floor":24,"key":"GamblersBrew"},{"floor":31,"key":"Explosive Potion"}],"is_trial":true,"path_per_floor":["M","M","?","?","M","R","$","R","T","M","R","$","?","M","R","B",null,"M","?","M","$","?","R","M","$","T","R","M","?","?","M","R","B"],"character_chosen":"DEFECT","items_purchased":["Blizzard","Potion Belt"],"campfire_rested":1,"item_purchase_floors":[7,21],"current_hp_per_floor":[73,72,76,75,74,73,72,71,70,65,65,65,61,61,61,43,62,59,59,59,58,48,48,48,48,48,48,33,33,33,18,33,0],"gold":147,"neow_bonus":"","is_prod":false,"is_daily":false,"chose_seed":false,"campfire_upgraded":6,"win_rate":0,"timestamp":1551205126,"path_taken":["M","M","?","?","?","R","?","R","T","M","R","$","?","M","R","BOSS","M","?","M","$","?","R","M","?","T","R","?","?","?","M","R","BOSS"],"build_version":"2019-01-23","purchased_purges":1,"victory":false,"max_hp_per_floor":[73,72,76,75,74,73,72,71,70,69,68,67,66,65,64,63,62,61,60,59,58,62,61,60,59,58,57,56,55,54,53,52,52],"card_choices":[{"not_picked":["Deflect","Infinite Blades"],"picked":"Coolheaded","floor":1},{"not_picked":["Acrobatics","Blade Dance"],"picked":"Noxious Fumes","floor":2},{"not_picked":["Backflip","Poisoned Stab"],"picked":"Leap","floor":5},{"not_picked":["Conserve Battery","Endless Agony","Compile Driver"],"picked":"SKIP","floor":10},{"not_picked":["Blade Dance","All Out Attack"],"picked":"Outmaneuver","floor":14},{"not_picked":["Steam","Sucker Punch","Turbo"],"picked":"SKIP","floor":18},{"not_picked":["Multi-Cast","Cloak And Dagger+1","Escape Plan"],"picked":"SKIP","floor":20},{"not_picked":["Streamline+1","Deflect"],"picked":"Defragment+1","floor":24},{"not_picked":["Deflect","Force Field+1","Dagger Spray"],"picked":"SKIP","floor":28},{"not_picked":["Heatsinks+1","PiercingWail"],"picked":"Terror+1","floor":31}],"player_experience":276337,"relics_obtained":[{"floor":9,"key":"Frozen Egg 2"},{"floor":13,"key":"Odd Mushroom"},{"floor":26,"key":"Kunai"}],"event_choices":[{"damage_healed":0,"gold_gain":0,"player_choice":"Donut","damage_taken":0,"max_hp_gain":5,"max_hp_loss":0,"event_name":"Big Fish","floor":3,"gold_loss":0},{"damage_healed":0,"gold_gain":0,"player_choice":"Bought 3 Potions","damage_taken":0,"max_hp_gain":0,"max_hp_loss":0,"event_name":"The Woman in Blue","floor":4,"gold_loss":0},{"damage_healed":0,"gold_gain":0,"player_choice":"Fought Mushrooms","damage_taken":0,"max_hp_gain":0,"max_hp_loss":0,"event_name":"Mushrooms","floor":13,"gold_loss":0},{"damage_healed":0,"gold_gain":99,"player_choice":"Stole From Cult","damage_taken":0,"max_hp_gain":0,"max_hp_loss":0,"event_name":"Nest","floor":19,"gold_loss":0},{"damage_healed":0,"gold_gain":0,"player_choice":"Shed Blood","damage_taken":15,"max_hp_gain":5,"max_hp_loss":0,"event_name":"Forgotten Altar","floor":22,"gold_loss":0},{"damage_healed":0,"gold_gain":0,"player_choice":"Obtained Relic","damage_taken":0,"relics_obtained":["PreservedInsect"],"max_hp_gain":0,"max_hp_loss":0,"event_name":"Addict","floor":29,"gold_loss":85},{"damage_healed":0,"gold_gain":100,"player_choice":"Pray","damage_taken":0,"max_hp_gain":0,"max_hp_loss":0,"event_name":"Golden Shrine","floor":30,"gold_loss":0}],"is_beta":false,"boss_relics":[{"not_picked":["Astrolabe","Pandora\u0027s Box"],"picked":"Velvet Choker"}],"items_purged_floors":[21],"is_endless":false,"potions_floor_spawned":[2,5,14,16,24,31],"killed_by":"Automaton","ascension_level":0}