{"gold_per_floor":[111,186,203,215,230,230,243,278,301,301],"floor_reached":10,"playtime":563,"items_purged":[],"score":130,"play_id":"bab3319e-fa10-413b-bc92-df2a5a187a2d","local_time":"20190928173625","is_ascension_mode":true,"campfire_choices":[{"floor":6,"key":"REST"}],"neow_cost":"NONE","seed_source_timestamp":1045093474920400,"circlet_count":0,"master_deck":["AscendersBane","Strike_G","Strike_G","Strike_G","Strike_G","Strike_G","Defend_G","Defend_G","Defend_G","Defend_G","Defend_G","Survivor","Neutralize","Deadly Poison","Backstab","Endless Agony","Cloak And Dagger","Bouncing Flask+1","Clumsy"],"relics":["Cursed Key","Toxic Egg 2","MealTicket"],"potions_floor_usage":[8,8],"damage_taken":[{"damage":4,"enemies":"Small Slimes","floor":1,"turns":4},{"damage":3,"enemies":"2 Louse","floor":3,"turns":3},{"damage":7,"enemies":"Jaw Worm","floor":4,"turns":3},{"damage":12,"enemies":"3 Louse","floor":5,"turns":3},{"damage":18,"enemies":"Large Slime","floor":7,"turns":6},{"damage":20,"enemies":"3 Sentries","floor":8,"turns":9},{"damage":3,"enemies":"Exordium Thugs","floor":10,"turns":1}],"seed_played":"6071034296242418053","potions_obtained":[{"floor":4,"key":"SteroidPotion"},{"floor":7,"key":"AttackPotion"}],"is_trial":false,"path_per_floor":["M","?","M","M","M","R","M","E","T","M"],"character_chosen":"THE_SILENT","items_purchased":[],"campfire_rested":1,"item_purchase_floors":[],"current_hp_per_floor":[55,44,41,34,22,41,23,3,3,0],"gold":301,"neow_bonus":"BOSS_RELIC","is_prod":false,"is_daily":false,"chose_seed":false,"campfire_upgraded":0,"win_rate":0,"timestamp":1569717385,"path_taken":["M","?","M","M","M","R","M","E","T","M"],"build_version":"2019-09-27","purchased_purges":0,"victory":false,"max_hp_per_floor":[66,66,66,66,66,66,66,66,66,66],"card_choices":[{"not_picked":["Prepared","Eviscerate"],"picked":"Deadly Poison","floor":1},{"not_picked":["Underhanded Strike","Prepared"],"picked":"Backstab","floor":3},{"not_picked":["Flying Knee","Expertise"],"picked":"Endless Agony","floor":4},{"not_picked":["Slice","Bane","Dodge and Roll"],"picked":"SKIP","floor":5},{"not_picked":["Predator","Masterful Stab"],"picked":"Cloak And Dagger","floor":7},{"not_picked":["Deflect","Expertise"],"picked":"Bouncing Flask","floor":8}],"player_experience":1487885,"relics_obtained":[{"floor":8,"key":"Toxic Egg 2"},{"floor":9,"key":"MealTicket"}],"event_choices":[{"damage_healed":0,"gold_gain":75,"player_choice":"Gather Gold","damage_taken":11,"max_hp_gain":0,"max_hp_loss":0,"event_name":"World of Goop","floor":2,"gold_loss":0}],"is_beta":true,"boss_relics":[],"items_purged_floors":[],"is_endless":false,"potions_floor_spawned":[4,7],"killed_by":"Exordium Thugs","ascension_level":17}