{"gold_per_floor":[112,1,14,14,14,39,39,56,56,67,99,274,85,112,112,210,210,223,223,206,206,69,94,94,94,94,129,143,143,153,170,170,265,265,282,293,293,13,68,68,99,99,126,126,137,148,181,25,25,25],"floor_reached":51,"playtime":15424,"items_purged":["Strike_G","Doubt","Strike_G"],"score":1014,"play_id":"56079d45-3c53-496b-94b0-e2c20e46a939","local_time":"20190929031726","is_ascension_mode":true,"campfire_choices":[{"floor":15.0,"key":"REST"},{"floor":25.0,"key":"REST"},{"data":"Crippling Poison","floor":32.0,"key":"SMITH"},{"data":"Malaise","floor":40.0,"key":"SMITH"},{"floor":42.0,"key":"REST"},{"floor":49,"key":"REST"}],"neow_cost":"NONE","seed_source_timestamp":0,"circlet_count":0,"master_deck":["Strike_G","Strike_G","Defend_G+1","Defend_G+1","Defend_G","Defend_G","Defend_G","Survivor","Footwork","Caltrops","Infinite Blades","Glass Knife","Backflip","Dash","Escape Plan","Noxious Fumes","Acrobatics","Backflip","Malaise+1","PiercingWail+1","RitualDagger","Die Die Die","Choke","Crippling Poison+1","Corpse Explosion","Dodge and Roll+1","Leg Sweep+1","Deadly Poison","Deadly Poison+1","Flechettes","Footwork+1","Acrobatics+1","Well Laid Plans+1"],"special_seed":0,"relics":["Ring of the Snake","War Paint","Sundial","Snake Skull","Regal Pillow","Ancient Tea Set","Art of War","Velvet Choker","MutagenicStrength","Centennial Puzzle","Dream Catcher","Omamori","FaceOfCleric","Eternal Feather","Pen Nib","Turnip","Orichalcum","Bag of Marbles","Boot","Happy Flower"],"potions_floor_usage":[46,50],"damage_taken":[{"damage":0.0,"enemies":"Cultist","floor":1.0,"turns":3.0},{"damage":0.0,"enemies":"Jaw Worm","floor":3.0,"turns":7.0},{"damage":3.0,"enemies":"3 Sentries","floor":6.0,"turns":9.0},{"damage":2.0,"enemies":"Small Slimes","floor":8.0,"turns":3.0},{"damage":1.0,"enemies":"Blue Slaver","floor":10.0,"turns":4.0},{"damage":1.0,"enemies":"Gremlin Nob","floor":11.0,"turns":5.0},{"damage":0.0,"enemies":"Lagavulin","floor":14.0,"turns":7.0},{"damage":11.0,"enemies":"Hexaghost","floor":16.0,"turns":10.0},{"damage":9.0,"enemies":"Chosen","floor":18.0,"turns":7.0},{"damage":13.0,"enemies":"2 Thieves","floor":20.0,"turns":4.0},{"damage":10.0,"enemies":"Slavers","floor":23.0,"turns":6.0},{"damage":10.0,"enemies":"Book of Stabbing","floor":27.0,"turns":8.0},{"damage":4.0,"enemies":"3 Cultists","floor":28.0,"turns":5.0},{"damage":0.0,"enemies":"Cultist and Chosen","floor":30.0,"turns":7.0},{"damage":0.0,"enemies":"Snecko","floor":31.0,"turns":6.0},{"damage":19.0,"enemies":"Automaton","floor":33.0,"turns":11.0},{"damage":0.0,"enemies":"Orb Walker","floor":35.0,"turns":4.0},{"damage":0.0,"enemies":"3 Shapes","floor":36.0,"turns":3.0},{"damage":39.0,"enemies":"2 Orb Walkers","floor":39.0,"turns":5.0},{"damage":38.0,"enemies":"Nemesis","floor":41.0,"turns":9.0},{"damage":3.0,"enemies":"Spire Growth","floor":45.0,"turns":4.0},{"damage":15,"enemies":"Transient","floor":46,"turns":5},{"damage":47,"enemies":"Giant Head","floor":47,"turns":11},{"damage":30,"enemies":"Donu and Deca","floor":50,"turns":8}],"seed_played":"-8926593012944235450","potions_obtained":[{"floor":3.0,"key":"Fire Potion"},{"floor":8.0,"key":"PowerPotion"},{"floor":16.0,"key":"Strength Potion"},{"floor":18.0,"key":"Strength Potion"},{"floor":20.0,"key":"Poison Potion"},{"floor":23.0,"key":"Regen Potion"},{"floor":28.0,"key":"EssenceOfSteel"},{"floor":35.0,"key":"AttackPotion"},{"floor":39.0,"key":"PowerPotion"},{"floor":45.0,"key":"SkillPotion"},{"floor":47,"key":"Regen Potion"}],"is_trial":false,"path_per_floor":["M","$","M","?","?","E","$","M","T","M","E","?","$","E","R","B",null,"M","?","M","?","$","E","?","R","T","E","M","?","M","M","R","B",null,"M","M","?","$","?","R","E","R","T","?","M","M","E","$","R","B",null],"character_chosen":"THE_SILENT","items_purchased":["Caltrops","Noxious Fumes","Acrobatics","Die Die Die","Pen Nib","Happy Flower"],"campfire_rested":4,"item_purchase_floors":[2,13,13,22,38,48],"current_hp_per_floor":[63,63,63,30,35,32,32,30,30,29,28,28,28,28,65,54,70,61,61,48,42,42,32,32,69,69,59,55,55,71,72,72,54,72,73,74,74,74,36,51,14,68,68,68,66,52,6,6,64,50],"gold":25,"neow_bonus":"RANDOM_COMMON_RELIC","is_prod":false,"is_daily":false,"chose_seed":false,"campfire_upgraded":2,"win_rate":0,"timestamp":1569716246,"path_taken":["M","$","M","?","?","E","?","M","T","M","E","?","$","E","R","BOSS","M","?","M","?","$","E","?","R","T","E","M","?","?","M","R","BOSS","M","M","?","$","?","R","E","R","T","?","?","M","E","$","R","BOSS"],"build_version":"2019-07-17","purchased_purges":3,"victory":true,"max_hp_per_floor":[70,70,70,70,75,75,75,75,75,75,75,75,75,75,75,75,75,75,75,75,75,75,75,75,75,75,75,75,75,76,77,77,78,78,79,80,80,80,81,81,82,82,82,82,83,84,85,85,85,86],"card_choices":[{"not_picked":["Slice","Reflex"],"picked":"Footwork","floor":1.0},{"not_picked":["Backflip","Slice"],"picked":"Infinite Blades","floor":3.0},{"not_picked":["PiercingWail","Distraction"],"picked":"Glass Knife","floor":6.0},{"not_picked":["Caltrops","Calculated Gamble"],"picked":"Backflip","floor":8.0},{"not_picked":["Flechettes","Prepared"],"picked":"Dash","floor":10.0},{"not_picked":["Riddle With Holes","Concentrate"],"picked":"Escape Plan","floor":11.0},{"not_picked":["Infinite Blades","Blade Dance"],"picked":"Backflip","floor":14.0},{"not_picked":["Venomology","Grand Finale"],"picked":"Malaise","floor":16.0},{"not_picked":["Dagger Spray","Flying Knee+1","Outmaneuver"],"picked":"SKIP","floor":18.0},{"not_picked":["Terror+1","Backflip"],"picked":"PiercingWail+1","floor":20.0},{"not_picked":["Concentrate","Infinite Blades"],"picked":"Choke","floor":23.0},{"not_picked":["Distraction+1","Blade Dance","PiercingWail"],"picked":"SKIP","floor":27.0},{"not_picked":["Bane+1","Predator","Quick Slash"],"picked":"SKIP","floor":28.0},{"not_picked":["Bane+1","Predator","Quick Slash"],"picked":"SKIP","floor":28.0},{"not_picked":["Escape Plan+1","Cloak And Dagger","Bane+1"],"picked":"SKIP","floor":30.0},{"not_picked":["Distraction+1","Accuracy","Setup"],"picked":"SKIP","floor":31.0},{"not_picked":["Unload","Storm of Steel"],"picked":"Corpse Explosion","floor":33.0},{"not_picked":["Riddle With Holes+1","Dagger Spray"],"picked":"Dodge and Roll+1","floor":35.0},{"not_picked":["Expertise+1","Deflect+1"],"picked":"Leg Sweep+1","floor":36.0},{"not_picked":["Flying Knee+1","Finisher"],"picked":"Deadly Poison","floor":41.0},{"not_picked":["Flying Knee","Sucker Punch+1"],"picked":"Deadly Poison+1","floor":42.0},{"not_picked":["Flying Knee+1","Underhanded Strike+1"],"picked":"Footwork+1","floor":45.0},{"not_picked":["Terror+1","Crippling Poison+1"],"picked":"Acrobatics+1","floor":46},{"not_picked":["Burst","Sucker Punch+1"],"picked":"Well Laid Plans+1","floor":47}],"player_experience":325679,"relics_obtained":[{"floor":6.0,"key":"Snake Skull"},{"floor":9.0,"key":"Regal Pillow"},{"floor":11.0,"key":"Ancient Tea Set"},{"floor":14.0,"key":"Art of War"},{"floor":23.0,"key":"Centennial Puzzle"},{"floor":26.0,"key":"Dream Catcher"},{"floor":27.0,"key":"Omamori"},{"floor":39.0,"key":"Turnip"},{"floor":41.0,"key":"Orichalcum"},{"floor":43.0,"key":"Bag of Marbles"},{"floor":47,"key":"Boot"}],"event_choices":[{"damage_healed":0.0,"max_hp_gain":0.0,"max_hp_loss":0.0,"gold_gain":0.0,"event_name":"Scrap Ooze","player_choice":"Success","floor":4.0,"gold_loss":0.0,"damage_taken":33.0,"relics_obtained":["Sundial"]},{"damage_healed":0.0,"max_hp_gain":5.0,"max_hp_loss":0.0,"gold_gain":0.0,"event_name":"Big Fish","player_choice":"Donut","floor":5.0,"gold_loss":0.0,"damage_taken":0.0},{"damage_healed":0.0,"max_hp_gain":0.0,"max_hp_loss":0.0,"gold_gain":175.0,"event_name":"Liars Game","player_choice":"AGREE","floor":12.0,"gold_loss":0.0,"damage_taken":0.0,"cards_obtained":["Doubt"]},{"damage_healed":0.0,"max_hp_gain":0.0,"max_hp_loss":0.0,"gold_gain":0.0,"event_name":"Drug Dealer","player_choice":"Inject Mutagens","floor":19.0,"gold_loss":0.0,"damage_taken":0.0,"relics_obtained":["MutagenicStrength"]},{"damage_healed":0.0,"max_hp_gain":0.0,"max_hp_loss":0.0,"gold_gain":0.0,"event_name":"Nest","player_choice":"Joined the Cult","floor":21.0,"gold_loss":0.0,"damage_taken":6.0,"cards_obtained":["RitualDagger"]},{"damage_healed":0.0,"max_hp_gain":0.0,"max_hp_loss":0.0,"gold_gain":0.0,"event_name":"The Library","player_choice":"Read","floor":24.0,"gold_loss":0.0,"damage_taken":0.0,"cards_obtained":["Crippling Poison"]},{"damage_healed":0.0,"max_hp_gain":0.0,"max_hp_loss":0.0,"gold_gain":0.0,"event_name":"FaceTrader","player_choice":"Trade","floor":29.0,"gold_loss":0.0,"damage_taken":0.0,"relics_obtained":["FaceOfCleric"]},{"cards_removed":["Neutralize"],"damage_healed":0.0,"max_hp_gain":0.0,"max_hp_loss":0.0,"gold_gain":0.0,"event_name":"Falling","player_choice":"Removed Attack","floor":37.0,"gold_loss":0.0,"damage_taken":0.0},{"damage_healed":0.0,"max_hp_gain":0.0,"max_hp_loss":0.0,"gold_gain":0.0,"event_name":"Mysterious Sphere","player_choice":"Fight","floor":39.0,"gold_loss":0.0,"damage_taken":0.0},{"damage_healed":0.0,"max_hp_gain":0.0,"max_hp_loss":0.0,"gold_gain":0.0,"cards_transformed":["Strike_G"],"event_name":"Transmorgrifier","player_choice":"Transformed","floor":44.0,"gold_loss":0.0,"damage_taken":0.0,"cards_obtained":["Flechettes"]}],"is_beta":false,"boss_relics":[{"not_picked":["Runic Pyramid","Runic Dome"],"picked":"Velvet Choker"},{"not_picked":["White Beast Statue","Philosopher\u0027s Stone"],"picked":"Eternal Feather"}],"items_purged_floors":[2,13,38],"is_endless":false,"potions_floor_spawned":[3,8,16,18,20,23,28,35,39,45,47],"ascension_level":6}