{"gold_per_floor":[11,22,39,39,52,87,100,100,100,114,114,134,153,163,163,262,262,282,282,282,282,297,328,328,118,118,137,91,104,19,119,119,220,220,233,233,247,262,272,272,298,317,399,399,417,417,430,460,460,460],"floor_reached":51,"playtime":7451,"items_purged":[],"score":735,"play_id":"7b5a10d5-f5b9-4ef8-ae3a-aeaf19bef74b","local_time":"20190813001107","is_ascension_mode":false,"campfire_choices":[{"floor":8,"key":"REST"},{"data":"Corruption","floor":15,"key":"SMITH"},{"floor":24,"key":"REST"},{"data":"Infernal Blade","floor":32,"key":"SMITH"},{"data":"Fiend Fire","floor":40,"key":"SMITH"},{"floor":44,"key":"REST"},{"data":"Barricade","floor":46,"key":"SMITH"},{"data":"Dark Embrace","floor":49,"key":"SMITH"}],"neow_cost":"NO_GOLD","seed_source_timestamp":0,"circlet_count":0,"master_deck":["Bash","Armaments","Intimidate","Shockwave","Corruption+1","Shrug It Off","Pommel Strike","Havoc","Shockwave","Dark Embrace+1","Barricade+1","Havoc","Bludgeon","Warcry","Burning Pact","Fiend Fire+1","True Grit","Ghostly Armor","Spot Weakness","Iron Wave","Body Slam","Panache","Anger","Clash","Thunderclap","Clash","Jack Of All Trades","Infernal Blade+1","Demon Form","Dropkick","Second Wind","Disarm+1","Sentinel+1","Parasite","Infernal Blade+1"],"special_seed":0,"relics":["Burning Blood","Charon\u0027s Ashes","Smiling Mask","Bag of Marbles","Pandora\u0027s Box","Dream Catcher","Self Forming Clay","Mango","Darkstone Periapt","Eternal Feather","Letter Opener","Paper Frog","Meat on the Bone"],"potions_floor_usage":[16,23,23,29,31,41,41,41,41,48,48],"damage_taken":[{"damage":13.0,"enemies":"Cultist","floor":1.0,"turns":5.0},{"damage":14.0,"enemies":"Small Slimes","floor":2.0,"turns":3.0},{"damage":5.0,"enemies":"Jaw Worm","floor":3.0,"turns":3.0},{"damage":4.0,"enemies":"Exordium Thugs","floor":5.0,"turns":4.0},{"damage":55,"enemies":"Lagavulin","floor":6,"turns":9},{"damage":6,"enemies":"Large Slime","floor":7,"turns":6},{"damage":11,"enemies":"Blue Slaver","floor":10,"turns":5},{"damage":1,"enemies":"Red Slaver","floor":12,"turns":3},{"damage":0,"enemies":"Large Slime","floor":13,"turns":4},{"damage":5,"enemies":"Exordium Wildlife","floor":14,"turns":4},{"damage":46,"enemies":"Slime Boss","floor":16,"turns":11},{"damage":8,"enemies":"Spheric Guardian","floor":18,"turns":4},{"damage":0,"enemies":"Chosen","floor":22,"turns":4},{"damage":55,"enemies":"Gremlin Leader","floor":23,"turns":6},{"damage":11,"enemies":"Snake Plant","floor":27,"turns":3},{"damage":12,"enemies":"Snecko","floor":29,"turns":4},{"damage":0,"enemies":"Colosseum Slavers","floor":31,"turns":2},{"damage":9,"enemies":"Colosseum Nobs","floor":31,"turns":3},{"damage":18,"enemies":"Automaton","floor":33,"turns":6},{"damage":8,"enemies":"Orb Walker","floor":35,"turns":3},{"damage":21,"enemies":"3 Shapes","floor":37,"turns":4},{"damage":21,"enemies":"Spire Growth","floor":38,"turns":5},{"damage":28,"enemies":"3 Darklings","floor":39,"turns":3},{"damage":26,"enemies":"Reptomancer","floor":41,"turns":6},{"damage":20,"enemies":"Jaw Worm Horde","floor":42,"turns":2},{"damage":7,"enemies":"Writhing Mass","floor":45,"turns":3},{"damage":14,"enemies":"Sphere and 2 Shapes","floor":47,"turns":5},{"damage":9,"enemies":"Giant Head","floor":48,"turns":4},{"damage":48,"enemies":"Awakened One","floor":50,"turns":7}],"seed_played":"6592997800339062139","potions_obtained":[{"floor":3.0,"key":"Swift Potion"},{"floor":5.0,"key":"Energy Potion"},{"floor":10,"key":"SkillPotion"},{"floor":12,"key":"BloodPotion"},{"floor":16,"key":"Fire Potion"},{"floor":23,"key":"FearPotion"},{"floor":29,"key":"Block Potion"},{"floor":33,"key":"EntropicBrew"},{"floor":37,"key":"Block Potion"},{"floor":42,"key":"AttackPotion"}],"is_trial":false,"path_per_floor":["M","M","M","$","M","E","M","R","T","M","?","M","M","M","R","B",null,"M","?","?","?","M","E","R","$","T","M","$","M","$","?","R","B",null,"M","?","M","M","M","R","E","M","T","R","M","R","M","E","R","B",null],"character_chosen":"IRONCLAD","items_purchased":["Panache","Anger","Thunderclap","Jack Of All Trades"],"campfire_rested":3,"item_purchase_floors":[25,25,28,30],"current_hp_per_floor":[73,65,66,66,68,19,19,43,43,38,38,43,49,50,50,30,80,78,78,78,78,80,31,55,55,55,50,50,44,44,61,61,49,94,92,92,77,62,40,58,38,24,24,70,75,93,85,82,100,58],"gold":460,"neow_bonus":"ONE_RARE_RELIC","is_prod":false,"is_daily":false,"chose_seed":false,"campfire_upgraded":5,"win_rate":0,"timestamp":1565673067,"path_taken":["M","M","M","?","M","E","M","R","T","M","?","M","M","M","R","BOSS","M","?","?","?","M","E","R","?","T","M","$","?","$","?","R","BOSS","M","?","M","M","?","R","E","M","T","R","M","R","M","E","R","BOSS"],"build_version":"2019-07-05","purchased_purges":0,"victory":true,"max_hp_per_floor":[80,80,80,80,80,80,80,80,80,80,80,80,80,80,80,80,80,80,80,80,80,80,80,80,80,80,80,80,80,80,94,94,94,94,94,94,94,94,94,94,94,94,94,94,100,100,100,100,100,100],"card_choices":[{"not_picked":["Flex","Inflame"],"picked":"Armaments","floor":1.0},{"not_picked":["Blood for Blood","Havoc"],"picked":"Intimidate","floor":2.0},{"not_picked":["Warcry","Anger"],"picked":"Shockwave","floor":3.0},{"not_picked":["Clothesline","Seeing Red"],"picked":"Burning Pact","floor":5.0},{"not_picked":["Fire Breathing","Bludgeon"],"picked":"Corruption","floor":6},{"not_picked":["Sword Boomerang","Dropkick"],"picked":"Battle Trance","floor":7},{"not_picked":["Anger","Hemokinesis"],"picked":"Shrug It Off","floor":10},{"not_picked":["Seeing Red","Hemokinesis"],"picked":"Pommel Strike","floor":12},{"not_picked":["Perfected Strike","Pommel Strike"],"picked":"Havoc","floor":13},{"not_picked":["Reckless Charge","Perfected Strike"],"picked":"Shockwave","floor":14},{"not_picked":["Bludgeon","Berserk"],"picked":"Dark Embrace","floor":16},{"not_picked":["Sword Boomerang","Havoc"],"picked":"True Grit","floor":18},{"not_picked":["True Grit","Sword Boomerang","Clothesline"],"picked":"SKIP","floor":22},{"not_picked":["Warcry+1","Flex"],"picked":"Iron Wave","floor":23},{"not_picked":["Twin Strike","Iron Wave"],"picked":"Body Slam","floor":24},{"not_picked":["Anger","Seeing Red"],"picked":"Clash","floor":27},{"not_picked":["Pommel Strike+1","Fire Breathing+1"],"picked":"Clash","floor":29},{"not_picked":["Thunderclap","Barricade"],"picked":"Infernal Blade","floor":31},{"not_picked":["Limit Break","Bludgeon"],"picked":"Demon Form","floor":33},{"not_picked":["Armaments+1","Shrug It Off+1"],"picked":"Dropkick","floor":35},{"not_picked":["Rupture+1","Body Slam+1","Anger"],"picked":"SKIP","floor":37},{"not_picked":["Anger+1","Heavy Blade"],"picked":"Second Wind","floor":38},{"not_picked":["Wild Strike+1","True Grit","Flame Barrier+1"],"picked":"SKIP","floor":39},{"not_picked":["Fire Breathing","Shrug It Off+1"],"picked":"Disarm+1","floor":41},{"not_picked":["Perfected Strike","Shrug It Off","Sword Boomerang+1"],"picked":"SKIP","floor":42},{"not_picked":["Iron Wave","Infernal Blade"],"picked":"Sentinel+1","floor":44},{"not_picked":["True Grit+1","Berserk","Body Slam"],"picked":"SKIP","floor":45},{"not_picked":["Headbutt","Body Slam+1"],"picked":"Infernal Blade+1","floor":47},{"not_picked":["Clash","Inflame+1","Clothesline+1"],"picked":"SKIP","floor":48}],"player_experience":283138,"relics_obtained":[{"floor":6,"key":"Smiling Mask"},{"floor":9,"key":"Bag of Marbles"},{"floor":23,"key":"Dream Catcher"},{"floor":26,"key":"Self Forming Clay"},{"floor":31,"key":"Mango"},{"floor":31,"key":"Darkstone Periapt"},{"floor":41,"key":"Letter Opener"},{"floor":43,"key":"Paper Frog"},{"floor":48,"key":"Meat on the Bone"}],"event_choices":[{"cards_removed":["Strike_R"],"damage_healed":0,"gold_gain":0,"player_choice":"Purged","damage_taken":0,"max_hp_gain":0,"max_hp_loss":0,"event_name":"Purifier","floor":11,"gold_loss":0},{"cards_removed":["Battle Trance"],"damage_healed":0,"gold_gain":0,"player_choice":"Elegance","damage_taken":0,"max_hp_gain":0,"max_hp_loss":0,"event_name":"Back to Basics","floor":19,"gold_loss":0},{"damage_healed":0,"gold_gain":0,"cards_transformed":["Blood for Blood","Searing Blow"],"player_choice":"Became Test Subject","damage_taken":0,"max_hp_gain":0,"max_hp_loss":0,"event_name":"Drug Dealer","floor":20,"gold_loss":0,"cards_obtained":["Ghostly Armor","Spot Weakness"]},{"damage_healed":0,"gold_gain":0,"player_choice":"Ignored","damage_taken":0,"max_hp_gain":0,"max_hp_loss":0,"event_name":"Vampires","floor":21,"gold_loss":0},{"damage_healed":0,"gold_gain":0,"player_choice":"Fight","damage_taken":0,"max_hp_gain":0,"max_hp_loss":0,"event_name":"Colosseum","floor":31,"gold_loss":0},{"damage_healed":0,"gold_gain":0,"player_choice":"Fought Nobs","damage_taken":0,"max_hp_gain":0,"max_hp_loss":0,"event_name":"Colosseum","floor":31,"gold_loss":0},{"cards_removed":["Burning Pact"],"damage_healed":0,"gold_gain":0,"player_choice":"Purged","damage_taken":0,"max_hp_gain":0,"max_hp_loss":0,"event_name":"Purifier","floor":36,"gold_loss":0}],"is_beta":false,"boss_relics":[{"not_picked":["Tiny House","Coffee Dripper"],"picked":"Pandora\u0027s Box"},{"not_picked":["Fusion Hammer","Calling Bell"],"picked":"Eternal Feather"}],"items_purged_floors":[],"is_endless":false,"potions_floor_spawned":[3,5,10,12,14,16,22,23,29,33,37,39,42],"ascension_level":0}