{"gold_per_floor":[110,127,138,138,157,184,201,264,317,317,328,348,348,375,375,470,470,484,73,93,112,27,27,37,37,37,37,56,76,92,191,191,292,292,305,305,305,325,176,204,204,204,204,16,36,53,68,87,87,87],"floor_reached":51,"playtime":11256,"items_purged":["Defend_B","Strike_B"],"score":830,"play_id":"32d84e0c-534a-46aa-992e-005ad3520315","local_time":"20190815004435","is_ascension_mode":false,"campfire_choices":[{"floor":10.0,"key":"REST"},{"floor":13.0,"key":"REST"},{"floor":15.0,"key":"REST"},{"floor":23.0,"key":"REST"},{"floor":25.0,"key":"REST"},{"data":"Apotheosis","floor":27.0,"key":"SMITH"},{"floor":32.0,"key":"REST"},{"data":"Creative AI","floor":41,"key":"SMITH"},{"data":"Skim","floor":49,"key":"SMITH"}],"neow_cost":"NONE","seed_source_timestamp":0,"circlet_count":0,"master_deck":["Strike_B","Strike_B","Defend_B","Defend_B","Defend_B","Zap","Dualcast","Skim+1","Auto Shields","Streamline","Sweeping Beam","Go for the Eyes","Sunder","Undo","Darkness","Chill","Static Discharge","Buffer","Reinforced Body","Apotheosis+1","Barrage","Turbo+1","Creative AI+1","Redo","Tempest","Meteor Strike","Machine Learning","Conserve Battery","Lockon","Self Repair","Coolheaded+1","Hologram","Transmutation","Discovery","Jack Of All Trades","Panacea","Reprogram","Parasite","Force Field"],"special_seed":0,"relics":["Cracked Core","Darkstone Periapt","Tiny Chest","Happy Flower","Dodecahedron","Sozu","DataDisk","Lantern","Mummified Hand","Orrery","Gremlin Horn","Centennial Puzzle","Orichalcum","Thread and Needle"],"potions_floor_usage":[50],"damage_taken":[{"damage":2.0,"enemies":"2 Louse","floor":1.0,"turns":3.0},{"damage":13.0,"enemies":"Small Slimes","floor":2.0,"turns":3.0},{"damage":1.0,"enemies":"Jaw Worm","floor":3.0,"turns":3.0},{"damage":5.0,"enemies":"2 Fungi Beasts","floor":5.0,"turns":4.0},{"damage":21.0,"enemies":"3 Sentries","floor":6.0,"turns":8.0},{"damage":3.0,"enemies":"Exordium Wildlife","floor":7.0,"turns":3.0},{"damage":21.0,"enemies":"Lagavulin","floor":8.0,"turns":5.0},{"damage":8.0,"enemies":"Looter","floor":11.0,"turns":3.0},{"damage":6.0,"enemies":"Red Slaver","floor":12.0,"turns":3.0},{"damage":21.0,"enemies":"3 Sentries","floor":14.0,"turns":7.0},{"damage":32.0,"enemies":"Slime Boss","floor":16.0,"turns":8.0},{"damage":31.0,"enemies":"2 Thieves","floor":18.0,"turns":4.0},{"damage":3.0,"enemies":"Chosen","floor":20.0,"turns":4.0},{"damage":28.0,"enemies":"Sentry and Sphere","floor":21.0,"turns":6.0},{"damage":0.0,"enemies":"Snecko","floor":24.0,"turns":4.0},{"damage":15.0,"enemies":"3 Cultists","floor":28.0,"turns":6.0},{"damage":6.0,"enemies":"Cultist and Chosen","floor":29.0,"turns":4.0},{"damage":0.0,"enemies":"Snecko","floor":30.0,"turns":5.0},{"damage":0.0,"enemies":"Collector","floor":33.0,"turns":8.0},{"damage":15.0,"enemies":"3 Darklings","floor":35.0,"turns":3.0},{"damage":5.0,"enemies":"3 Shapes","floor":38.0,"turns":4.0},{"damage":2,"enemies":"Giant Head","floor":40,"turns":8},{"damage":14,"enemies":"Spire Growth","floor":45,"turns":5},{"damage":12,"enemies":"Sphere and 2 Shapes","floor":46,"turns":3},{"damage":7,"enemies":"4 Shapes","floor":47,"turns":5},{"damage":5,"enemies":"Writhing Mass","floor":48,"turns":5},{"damage":43,"enemies":"Donu and Deca","floor":50,"turns":11}],"seed_played":"8977305310031034016","potions_obtained":[{"floor":3.0,"key":"Regen Potion"},{"floor":5.0,"key":"FearPotion"},{"floor":11.0,"key":"GamblersBrew"},{"floor":16.0,"key":"Dexterity Potion"}],"is_trial":false,"path_per_floor":["M","M","M","$","M","E","M","E","T","R","M","M","R","E","R","B",null,"M","$","M","M","?","R","M","R","T","R","M","M","M","?","R","B",null,"M","?","T","M","$","E","R","?","T","$","M","M","M","M","R","B",null],"character_chosen":"DEFECT","items_purchased":["Apotheosis","DataDisk","Centennial Puzzle","Panacea"],"campfire_rested":6,"item_purchase_floors":[19,19,39,44],"current_hp_per_floor":[73,60,59,59,54,48,45,24,24,46,38,32,54,33,55,23,75,44,44,41,13,13,35,35,57,57,57,42,36,36,36,58,58,75,67,67,67,69,69,74,74,64,64,64,57,52,52,60,60,24],"gold":87,"neow_bonus":"TRANSFORM_CARD","is_prod":false,"is_daily":false,"chose_seed":false,"campfire_upgraded":3,"win_rate":0,"timestamp":1565847875,"path_taken":["M","M","M","$","M","E","M","E","T","R","M","M","R","E","R","BOSS","M","$","M","M","?","R","M","R","T","R","M","M","M","?","R","BOSS","M","?","?","M","$","E","R","?","T","?","M","M","M","M","R","BOSS"],"build_version":"2019-07-05","purchased_purges":2,"victory":true,"max_hp_per_floor":[75,75,75,75,75,75,75,75,75,75,75,75,75,75,75,75,75,75,75,75,75,75,75,75,75,75,75,75,75,75,75,75,75,75,75,75,75,75,75,75,75,75,75,75,75,75,75,81,81,81],"card_choices":[{"not_picked":["Beam Cell","Gash"],"picked":"Cold Snap","floor":1.0},{"not_picked":["Rebound","Lockon"],"picked":"Auto Shields","floor":2.0},{"not_picked":["Redo","Rebound"],"picked":"Streamline","floor":3.0},{"not_picked":["FTL","Streamline"],"picked":"Sweeping Beam","floor":5.0},{"not_picked":["Ball Lightning","Recycle"],"picked":"Go for the Eyes","floor":6.0},{"not_picked":["Meteor Strike","Leap"],"picked":"Sunder","floor":7.0},{"not_picked":["Beam Cell","Steam"],"picked":"Undo","floor":8.0},{"not_picked":["Turbo","Steam"],"picked":"Darkness","floor":11.0},{"not_picked":["Beam Cell","Steam Power"],"picked":"Chill","floor":12.0},{"not_picked":["Redo","Force Field"],"picked":"Static Discharge","floor":14.0},{"not_picked":["Amplify","Hyperbeam"],"picked":"Buffer","floor":16.0},{"not_picked":["Heatsinks","Leap"],"picked":"Reinforced Body","floor":18.0},{"not_picked":["Beam Cell","Leap+1"],"picked":"Barrage","floor":20.0},{"not_picked":["Reinforced Body","Darkness"],"picked":"Turbo+1","floor":21.0},{"not_picked":["Stack","Streamline"],"picked":"Creative AI","floor":24.0},{"not_picked":["Steam","Turbo"],"picked":"Redo","floor":28.0},{"not_picked":["Consume","Conserve Battery"],"picked":"Tempest","floor":29.0},{"not_picked":["Hologram","Sweeping Beam+1"],"picked":"Meteor Strike","floor":30.0},{"not_picked":["Hyperbeam","Fission"],"picked":"Machine Learning","floor":33.0},{"not_picked":["Go for the Eyes","Cold Snap"],"picked":"Conserve Battery","floor":34.0},{"not_picked":["Gash","Ball Lightning+1"],"picked":"Lockon","floor":34.0},{"not_picked":["Hyperbeam","Streamline"],"picked":"Self Repair","floor":34.0},{"not_picked":["Lockon","Skim"],"picked":"Coolheaded+1","floor":34.0},{"not_picked":["Reinforced Body","Stack"],"picked":"Hologram","floor":35.0},{"not_picked":["Coolheaded+1","Gash+1","Stack"],"picked":"SKIP","floor":38},{"not_picked":["Lockon+1","Stack+1","Thunder Strike"],"picked":"SKIP","floor":40},{"not_picked":["Discovery","Blind"],"picked":"Transmutation","floor":42},{"not_picked":["Apotheosis","Magnetism"],"picked":"Discovery","floor":42},{"not_picked":["Dark Shackles","Apotheosis"],"picked":"Jack Of All Trades","floor":42},{"not_picked":["Ball Lightning+1","Redo","Stack"],"picked":"SKIP","floor":45},{"not_picked":["Darkness","Streamline+1"],"picked":"Reprogram","floor":46},{"not_picked":["Leap","Redo+1","Undo+1"],"picked":"SKIP","floor":47},{"not_picked":["Coolheaded","BootSequence+1"],"picked":"Force Field","floor":48}],"player_experience":318213,"relics_obtained":[{"floor":6.0,"key":"Darkstone Periapt"},{"floor":8.0,"key":"Tiny Chest"},{"floor":9.0,"key":"Happy Flower"},{"floor":14.0,"key":"Dodecahedron"},{"floor":26.0,"key":"Mummified Hand"},{"floor":37.0,"key":"Gremlin Horn"},{"floor":40,"key":"Orichalcum"},{"floor":43,"key":"Thread and Needle"}],"event_choices":[{"damage_healed":0.0,"max_hp_gain":0.0,"max_hp_loss":0.0,"gold_gain":0.0,"event_name":"Addict","player_choice":"Obtained Relic","floor":22.0,"gold_loss":85.0,"damage_taken":0.0,"relics_obtained":["Lantern"]},{"damage_healed":0.0,"max_hp_gain":0.0,"max_hp_loss":0.0,"gold_gain":99.0,"event_name":"Nest","player_choice":"Stole From Cult","floor":31.0,"gold_loss":0.0,"damage_taken":0.0},{"cards_removed":["Cold Snap"],"damage_healed":0.0,"max_hp_gain":0.0,"max_hp_loss":0.0,"gold_gain":0.0,"event_name":"Falling","player_choice":"Removed Attack","floor":36.0,"gold_loss":0.0,"damage_taken":0.0},{"damage_healed":0,"gold_gain":0,"player_choice":"Memory 3","damage_taken":10,"max_hp_gain":0,"max_hp_loss":0,"event_name":"SensoryStone","floor":42,"gold_loss":0}],"is_beta":false,"boss_relics":[{"not_picked":["Runic Dome","Ectoplasm"],"picked":"Sozu"},{"not_picked":["Cursed Key","Runic Pyramid"],"picked":"Orrery"}],"items_purged_floors":[19,44],"is_endless":false,"potions_floor_spawned":[3,5,11,16,24,28,29,30,38,40,45,48],"ascension_level":0}