{"gold_per_floor":[112,112,112,131,56,56,69,119,142,154,15,50,50],"floor_reached":13,"playtime":604,"items_purged":["Strike_B"],"score":78,"play_id":"fe26e405-63bd-4c1e-966f-b2048680fd25","local_time":"20180926180659","is_ascension_mode":true,"campfire_choices":[{"floor":6,"key":"REST"}],"neow_cost":"","seed_source_timestamp":420199724738845,"circlet_count":0,"master_deck":["Strike_B","Strike_B","Strike_B","Defend_B","Defend_B","Defend_B","Defend_B","Zap","Dualcast","Steam","Sunder","Go for the Eyes","Scrape","Beam Cell","Turbo","Turbo"],"relics":["Cracked Core","Golden Idol","MawBank","Question Card"],"potions_floor_usage":[],"damage_taken":[{"damage":19,"enemies":"Small Slimes","floor":1,"turns":5},{"damage":10,"enemies":"Jaw Worm","floor":4,"turns":4},{"damage":0,"enemies":"2 Louse","floor":7,"turns":2},{"damage":40,"enemies":"Gremlin Nob","floor":12,"turns":5},{"damage":15,"enemies":"Lagavulin","floor":13,"turns":4}],"seed_played":"-8422193950272547520","potions_obtained":[{"floor":7,"key":"Dexterity Potion"},{"floor":12,"key":"Dexterity Potion"}],"is_trial":false,"path_per_floor":["M","?","?","M","$","R","M","?","T","?","$","?"],"character_chosen":"DEFECT","items_purchased":["Scrape","Beam Cell","Turbo"],"campfire_rested":1,"item_purchase_floors":[11,11,11],"current_hp_per_floor":[56,38,38,28,28,50,50,50,50,50,50,10,0],"gold":50,"neow_bonus":"","is_prod":false,"is_daily":false,"chose_seed":false,"campfire_upgraded":0,"win_rate":0,"timestamp":1537999619,"path_taken":["M","?","?","M","$","R","?","?","T","?","?","?","E"],"build_version":"2018-09-20","purchased_purges":1,"victory":false,"max_hp_per_floor":[75,75,75,75,75,75,75,75,75,75,75,75,75],"card_choices":[{"not_picked":["Conserve Battery","Doom and Gloom"],"picked":"Steam","floor":1},{"not_picked":["Lockon","Redo"],"picked":"Sunder","floor":4},{"not_picked":["Consume","Defragment"],"picked":"Go for the Eyes","floor":7},{"not_picked":["Steam","Hologram","Rip and Tear"],"picked":"Turbo","floor":12}],"player_experience":197562,"relics_obtained":[{"floor":9,"key":"MawBank"}],"event_choices":[{"event_name":"Golden Idol","player_choice":"Take Damage","floor":2,"damage_taken":0},{"event_name":"Shining Light","player_choice":"Ignored","floor":3,"damage_taken":0},{"event_name":"Golden Wing","player_choice":"Gained Gold","floor":8,"damage_taken":0},{"event_name":"Liars Game","player_choice":"disagreed","floor":10,"damage_taken":0},{"event_name":"Dead Adventurer","player_choice":"Searched \u00273\u0027 times","floor":12,"damage_taken":0}],"is_beta":false,"boss_relics":[],"items_purged_floors":[5],"is_endless":false,"potions_floor_spawned":[7,12],"killed_by":"Lagavulin","ascension_level":2}