{"gold_per_floor":[118,118,130,130,49,75,75,102,102,102,120,132,60,95,95,193,193,209,209,222,250,250,250,34,34,34,45,45,56,56,75,75,178,178,188,188,201,201,218,218,252,252,304,318,318,12,12,12],"floor_reached":48,"playtime":5512,"items_purged":[],"score":605,"play_id":"571d3c6f-05c9-44b0-9a94-fa858e877712","local_time":"20190927054050","is_ascension_mode":true,"campfire_choices":[{"data":"Bash","floor":7.0,"key":"SMITH"},{"data":"Iron Wave","floor":10.0,"key":"SMITH"},{"data":"Infernal Blade","floor":15.0,"key":"SMITH"},{"floor":23.0,"key":"REST"},{"data":"Heavy Blade","floor":25.0,"key":"SMITH"},{"floor":28.0,"key":"REST"},{"data":"Berserk","floor":30.0,"key":"SMITH"},{"floor":32.0,"key":"REST"},{"floor":40,"key":"REST"},{"floor":42,"key":"REST"},{"floor":45,"key":"REST"},{"data":"PanicButton","floor":47,"key":"SMITH"}],"neow_cost":"NONE","seed_source_timestamp":0,"circlet_count":0,"master_deck":["Strike_R","Strike_R","Strike_R","Strike_R+1","Defend_R","Defend_R","Bash+1","Heavy Blade+1","Dual Wield","Iron Wave+1","PanicButton+1","Reaper","Headbutt+1","Shrug It Off","Pummel","Carnage","Infernal Blade+1","Demon Form+1","Clothesline","Rupture","Berserk+1","Bloodletting","Rampage","Inflame","Demon Form","True Grit+1","Combust+1","Uppercut+1","Shockwave","Disarm+1","Fiend Fire"],"special_seed":0,"relics":["Burning Blood","NeowsBlessing","Shuriken","Toy Ornithopter","Bag of Preparation","Anchor","Philosopher\u0027s Stone","Red Mask","Dodecahedron","MealTicket","Whetstone","Runic Pyramid","Prayer Wheel","Art of War","ClockworkSouvenir"],"potions_floor_usage":[41,41,41],"damage_taken":[{"damage":0.0,"enemies":"Jaw Worm","floor":1.0,"turns":1.0},{"damage":0.0,"enemies":"Cultist","floor":3.0,"turns":1.0},{"damage":0.0,"enemies":"Lagavulin","floor":6.0,"turns":1.0},{"damage":40.0,"enemies":"3 Sentries","floor":8.0,"turns":9.0},{"damage":0.0,"enemies":"2 Louse","floor":11.0,"turns":3.0},{"damage":46.0,"enemies":"Gremlin Gang","floor":12.0,"turns":5.0},{"damage":20.0,"enemies":"Lagavulin","floor":14.0,"turns":5.0},{"damage":35.0,"enemies":"Hexaghost","floor":16.0,"turns":10.0},{"damage":4.0,"enemies":"Chosen","floor":18.0,"turns":4.0},{"damage":0.0,"enemies":"Spheric Guardian","floor":20.0,"turns":3.0},{"damage":37.0,"enemies":"Masked Bandits","floor":21.0,"turns":4.0},{"damage":22.0,"enemies":"Snecko","floor":27.0,"turns":4.0},{"damage":13.0,"enemies":"Snake Plant","floor":29.0,"turns":3.0},{"damage":46.0,"enemies":"Sentry and Sphere","floor":31.0,"turns":6.0},{"damage":37.0,"enemies":"Champ","floor":33.0,"turns":7.0},{"damage":9.0,"enemies":"3 Darklings","floor":35.0,"turns":5.0},{"damage":22,"enemies":"3 Shapes","floor":37,"turns":5},{"damage":49,"enemies":"Sphere and 2 Shapes","floor":39,"turns":5},{"damage":67,"enemies":"Reptomancer","floor":41,"turns":5},{"damage":70,"enemies":"3 Darklings","floor":44,"turns":5},{"damage":63,"enemies":"4 Shapes","floor":48,"turns":5}],"seed_played":"7581624771947179915","potions_obtained":[{"floor":6.0,"key":"Dexterity Potion"},{"floor":8.0,"key":"BloodPotion"},{"floor":11.0,"key":"Swift Potion"},{"floor":12.0,"key":"Weak Potion"},{"floor":16.0,"key":"Fire Potion"},{"floor":20.0,"key":"AttackPotion"},{"floor":21.0,"key":"Weak Potion"},{"floor":33.0,"key":"SteroidPotion"},{"floor":37,"key":"GamblersBrew"},{"floor":41,"key":"ElixirPotion"}],"is_trial":false,"path_per_floor":["M","?","M","?","$","E","R","E","T","R","M","M","$","E","R","B",null,"M","?","M","?","T","R","$","R","T","M","R","M","R","M","R","B",null,"M","?","M","?","M","R","E","R","T","M","R","$","R","M"],"character_chosen":"IRONCLAD","items_purchased":["PanicButton","Carnage","MealTicket","Bloodletting","ClockworkSouvenir","Fiend Fire"],"campfire_rested":6,"item_purchase_floors":[5,13,24,24,46,46],"current_hp_per_floor":[80,80,80,80,80,80,80,46,46,46,52,58,58,45,45,26,80,80,80,80,54,54,78,78,78,78,64,80,73,73,33,57,31,80,77,77,61,61,31,55,21,45,45,20,44,59,59,0],"gold":12,"neow_bonus":"THREE_ENEMY_KILL","is_prod":false,"is_daily":false,"chose_seed":false,"campfire_upgraded":6,"win_rate":0,"timestamp":1569580850,"path_taken":["M","?","?","?","$","E","R","E","T","R","?","M","$","E","R","BOSS","M","?","?","?","?","R","$","R","T","M","R","?","R","M","R","BOSS","M","?","M","?","?","R","E","R","T","M","R","$","R","M"],"build_version":"2019-09-26","purchased_purges":0,"victory":false,"max_hp_per_floor":[80,80,80,80,80,80,80,80,80,80,80,80,80,80,80,80,80,80,80,80,80,80,80,80,80,80,80,80,80,80,80,80,80,80,80,80,80,80,80,80,80,80,80,80,80,80,80,80],"card_choices":[{"not_picked":["Perfected Strike","Havoc"],"picked":"Heavy Blade","floor":1.0},{"not_picked":["Havoc","Twin Strike"],"picked":"Iron Wave","floor":3.0},{"not_picked":["Burning Pact","Sentinel"],"picked":"Reaper","floor":6.0},{"not_picked":["Heavy Blade","Dropkick"],"picked":"Headbutt","floor":8.0},{"not_picked":["Blood for Blood","Perfected Strike"],"picked":"Shrug It Off","floor":11.0},{"not_picked":["Iron Wave","Sword Boomerang"],"picked":"Pummel","floor":12.0},{"not_picked":["Body Slam","Entrench"],"picked":"Infernal Blade","floor":14.0},{"not_picked":["Reaper","Impervious"],"picked":"Demon Form","floor":16.0},{"not_picked":["Havoc","Heavy Blade"],"picked":"Clothesline","floor":18.0},{"not_picked":["Perfected Strike","Shrug It Off"],"picked":"Rupture","floor":20.0},{"not_picked":["Sword Boomerang","Cleave"],"picked":"Berserk","floor":21.0},{"not_picked":["Bloodletting","Headbutt"],"picked":"Rampage","floor":27.0},{"not_picked":["Pummel","Intimidate","Rage"],"picked":"SKIP","floor":29.0},{"not_picked":["Headbutt","Bloodletting"],"picked":"Inflame","floor":31.0},{"not_picked":["Barricade","Berserk"],"picked":"Demon Form","floor":33.0},{"not_picked":["Iron Wave+1","Twin Strike+1"],"picked":"True Grit+1","floor":35.0},{"not_picked":["Perfected Strike+1","Warcry+1"],"picked":"Combust+1","floor":37},{"not_picked":["Carnage+1","Havoc","Twin Strike"],"picked":"SKIP","floor":39},{"not_picked":["Twin Strike+1","Intimidate"],"picked":"Uppercut+1","floor":41},{"not_picked":["Iron Wave","Offering"],"picked":"Shockwave","floor":44},{"not_picked":["Armaments","Shrug It Off+1"],"picked":"Disarm+1","floor":44}],"player_experience":616382,"relics_obtained":[{"floor":6.0,"key":"Shuriken"},{"floor":8.0,"key":"Toy Ornithopter"},{"floor":9.0,"key":"Bag of Preparation"},{"floor":14.0,"key":"Anchor"},{"floor":21.0,"key":"Red Mask"},{"floor":22.0,"key":"Dodecahedron"},{"floor":26.0,"key":"Whetstone"},{"floor":41,"key":"Prayer Wheel"},{"floor":43,"key":"Art of War"}],"event_choices":[{"damage_healed":0.0,"max_hp_gain":0.0,"max_hp_loss":0.0,"gold_gain":0.0,"cards_transformed":["Defend_R"],"event_name":"Transmorgrifier","player_choice":"Transformed","floor":2.0,"gold_loss":0.0,"damage_taken":0.0,"cards_obtained":["Dual Wield"]},{"cards_removed":["Strike_R"],"damage_healed":0.0,"max_hp_gain":0.0,"max_hp_loss":0.0,"gold_gain":0.0,"event_name":"Wheel of Change","player_choice":"Card Removal","floor":4.0,"gold_loss":0.0,"damage_taken":0.0},{"damage_healed":0.0,"max_hp_gain":0.0,"max_hp_loss":0.0,"gold_gain":0.0,"event_name":"Accursed Blacksmith","player_choice":"Forge","floor":19.0,"gold_loss":0.0,"damage_taken":0.0,"cards_upgraded":["Demon Form"]},{"damage_healed":0.0,"max_hp_gain":0.0,"max_hp_loss":0.0,"gold_gain":0.0,"event_name":"Masked Bandits","player_choice":"Fought Bandits","floor":21.0,"gold_loss":0.0,"damage_taken":0.0},{"damage_healed":0,"gold_gain":0,"player_choice":"Ignored","damage_taken":0,"max_hp_gain":0,"max_hp_loss":0,"event_name":"Mysterious Sphere","floor":36,"gold_loss":0},{"cards_removed":["Defend_R"],"damage_healed":0,"gold_gain":0,"player_choice":"Purged","damage_taken":0,"max_hp_gain":0,"max_hp_loss":0,"event_name":"Purifier","floor":38,"gold_loss":0}],"is_beta":true,"boss_relics":[{"not_picked":["Coffee Dripper","SlaversCollar"],"picked":"Philosopher\u0027s Stone"},{"not_picked":["Sozu","Runic Dome"],"picked":"Runic Pyramid"}],"items_purged_floors":[],"is_endless":false,"potions_floor_spawned":[6,8,11,12,16,20,21,27,29,33,37,39,41],"killed_by":"4 Shapes","ascension_level":3}