{"gold_per_floor":[113,113,133,143,157,157,191,216,239,258,62,79,112,129,129,226,276,259,272,272,286,306,306,306,331,331,349,349,362,461,53,53,53],"floor_reached":33,"playtime":2043,"items_purged":["Strike_R","Strike_R"],"score":306,"play_id":"2bf10daf-b514-4c27-92c0-12fe488ff54d","local_time":"20181012113001","is_ascension_mode":false,"campfire_choices":[{"data":"Entrench","floor":6,"key":"SMITH"},{"data":"Body Slam","floor":15,"key":"SMITH"},{"data":"Spot Weakness","floor":24,"key":"SMITH"},{"floor":28,"key":"REST"},{"floor":32,"key":"REST"}],"neow_cost":"NONE","seed_source_timestamp":154488036375389,"circlet_count":0,"master_deck":["Strike_R","Strike_R+1","Defend_R","Defend_R","Defend_R+1","Defend_R+1","Bash","Impervious","Twin Strike","Spot Weakness+1","Flame Barrier","Entrench+1","Metallicize+1","Body Slam+1","Metallicize+1","Metallicize+1"],"relics":["Burning Blood","War Paint","Bag of Preparation","Boot","Lantern","Tiny House","Frozen Egg 2","Juzu Bracelet","Tiny Chest","ClockworkSouvenir"],"potions_floor_usage":[7,7,7,12,16,21,21,25,27],"damage_taken":[{"damage":0,"enemies":"Small Slimes","floor":1,"turns":4},{"damage":2,"enemies":"2 Louse","floor":3,"turns":4},{"damage":3,"enemies":"Cultist","floor":4,"turns":5},{"damage":12,"enemies":"2 Fungi Beasts","floor":5,"turns":5},{"damage":16,"enemies":"Gremlin Nob","floor":7,"turns":4},{"damage":1,"enemies":"Exordium Wildlife","floor":10,"turns":3},{"damage":21,"enemies":"Lots of Slimes","floor":12,"turns":5},{"damage":0,"enemies":"3 Sentries","floor":13,"turns":10},{"damage":0,"enemies":"Looter","floor":14,"turns":3},{"damage":1,"enemies":"The Guardian","floor":16,"turns":12},{"damage":0,"enemies":"2 Thieves","floor":18,"turns":4},{"damage":14,"enemies":"Spheric Guardian","floor":19,"turns":7},{"damage":13,"enemies":"3 Cultists","floor":21,"turns":7},{"damage":23,"enemies":"Centurion and Healer","floor":22,"turns":12},{"damage":7,"enemies":"Colosseum Slavers","floor":23,"turns":8},{"damage":55,"enemies":"Slavers","floor":25,"turns":7},{"damage":11,"enemies":"Cultist and Chosen","floor":27,"turns":8},{"damage":14,"enemies":"Snake Plant","floor":29,"turns":4},{"damage":75,"enemies":"Collector","floor":33,"turns":7}],"seed_played":"-338752415745130854","potions_obtained":[{"floor":1,"key":"Block Potion"},{"floor":3,"key":"Poison Potion"},{"floor":5,"key":"SteroidPotion"},{"floor":10,"key":"LiquidBronze"},{"floor":13,"key":"EntropicBrew"},{"floor":16,"key":"FairyPotion"},{"floor":22,"key":"LiquidBronze"},{"floor":25,"key":"Strength Potion"},{"floor":29,"key":"GamblersBrew"}],"is_trial":false,"path_per_floor":["M","?","M","M","M","R","E","T","T","M","$","M","E","M","R","B",null,"M","M","?","M","M","?","R","E","T","M","R","M","?","$","R"],"character_chosen":"IRONCLAD","items_purchased":["Metallicize","Body Slam","Tiny Chest","ClockworkSouvenir"],"campfire_rested":2,"item_purchase_floors":[11,11,31,31],"current_hp_per_floor":[80,73,77,80,74,74,64,64,64,69,69,54,60,66,66,71,85,85,77,77,70,53,52,52,14,14,9,34,26,26,26,51,0],"gold":53,"neow_bonus":"ONE_RANDOM_RARE_CARD","is_prod":false,"is_daily":false,"chose_seed":false,"campfire_upgraded":3,"win_rate":0,"timestamp":1539358201,"path_taken":["M","?","M","M","M","R","E","?","T","M","$","M","E","M","R","BOSS","M","M","?","M","M","?","R","E","T","M","R","M","?","$","R","BOSS"],"build_version":"2018-10-11","purchased_purges":2,"victory":false,"max_hp_per_floor":[80,80,80,80,80,80,80,80,80,80,80,80,80,80,80,80,85,85,85,85,85,85,85,85,85,85,85,85,85,85,85,85,85],"card_choices":[{"not_picked":["Sever Soul","Hemokinesis"],"picked":"Twin Strike","floor":1},{"not_picked":["Perfected Strike","Hemokinesis"],"picked":"Spot Weakness","floor":3},{"not_picked":["Clash","Sentinel"],"picked":"Flame Barrier","floor":4},{"not_picked":["Body Slam","Sever Soul"],"picked":"Entrench","floor":5},{"not_picked":["Anger","Rage","Cleave"],"picked":"SKIP","floor":7},{"not_picked":["Pummel","Seeing Red","Warcry"],"picked":"SKIP","floor":10},{"not_picked":["True Grit","Sword Boomerang","Corruption"],"picked":"SKIP","floor":12},{"not_picked":["Anger","Bludgeon","Warcry"],"picked":"SKIP","floor":13},{"not_picked":["Havoc","Warcry","Hemokinesis"],"picked":"SKIP","floor":14},{"not_picked":["Armaments","Seeing Red+1","Twin Strike"],"picked":"SKIP","floor":18},{"not_picked":["Wild Strike","Intimidate+1"],"picked":"Metallicize+1","floor":19},{"not_picked":["Shrug It Off","True Grit","Perfected Strike"],"picked":"SKIP","floor":21},{"not_picked":["Heavy Blade","Whirlwind+1","Pommel Strike"],"picked":"SKIP","floor":22},{"not_picked":["Corruption","Limit Break","Thunderclap"],"picked":"SKIP","floor":25},{"not_picked":["Havoc","Armaments","Pommel Strike"],"picked":"SKIP","floor":27},{"not_picked":["Shockwave","Intimidate+1"],"picked":"Metallicize+1","floor":29}],"player_experience":235016,"relics_obtained":[{"floor":7,"key":"War Paint"},{"floor":8,"key":"Bag of Preparation"},{"floor":9,"key":"Boot"},{"floor":13,"key":"Lantern"},{"floor":25,"key":"Frozen Egg 2"},{"floor":26,"key":"Juzu Bracelet"}],"event_choices":[{"event_name":"Golden Wing","player_choice":"Card Removal","floor":2,"damage_taken":0},{"event_name":"Accursed Blacksmith","player_choice":"Forge","floor":20,"damage_taken":0},{"event_name":"Colosseum","player_choice":"Fight","floor":23,"damage_taken":0},{"event_name":"Colosseum","player_choice":"Fled From Nobs","floor":23,"damage_taken":0},{"event_name":"Nest","player_choice":"Stole From Cult","floor":30,"damage_taken":0}],"is_beta":false,"boss_relics":[{"not_picked":["Velvet Choker","Pandora\u0027s Box"],"picked":"Tiny House"}],"items_purged_floors":[11,31],"is_endless":false,"potions_floor_spawned":[1,3,5,10,13,16,19,22,23,25,29],"killed_by":"Collector","ascension_level":0}