{"gold_per_floor":[211,222,0,0,19,19,92,92,92,111,155,173,30,66,66,192,192,208,168,14,37,57,57,88,88,113,66,87,111,144,60,60,179,179,198,198,267,392,417,455,44,44,68,82,125,125,125,146,146,146],"floor_reached":51,"playtime":4036,"items_purged":[],"score":929,"play_id":"ebf24d63-f3a3-4dce-b212-7613103ea7de","local_time":"20190927170929","is_ascension_mode":true,"campfire_choices":[{"data":"Corruption","floor":6.0,"key":"SMITH"},{"data":"Dark Shackles","floor":8.0,"key":"SMITH"},{"floor":15.0,"key":"REST"},{"floor":23.0,"key":"REST"},{"data":"Feel No Pain","floor":25.0,"key":"SMITH"},{"floor":32.0,"key":"REST"},{"floor":42,"key":"REST"},{"data":"Evolve","floor":46,"key":"SMITH"},{"floor":49,"key":"REST"}],"neow_cost":"NONE","seed_source_timestamp":1129560997757800,"circlet_count":0,"master_deck":["Strike_R","Strike_R+1","Strike_R","Strike_R","Strike_R","Defend_R+1","Defend_R+1","Defend_R","Defend_R","Bash","Pummel","Feel No Pain+1","Corruption+1","True Grit+1","Dark Shackles+1","Reckless Charge","Second Wind","Cleave","Evolve+1","True Grit","Flame Barrier","Impervious","Fire Breathing","Shrug It Off+1","Wild Strike","Havoc","Iron Wave","Juggernaut","Shockwave+1","Exhume","Headbutt","Twin Strike+1","Sword Boomerang+1","Dual Wield","Impervious","Power Through+1","Flex+1"],"special_seed":0,"relics":["Burning Blood","Golden Idol","Regal Pillow","Blue Candle","War Paint","Medical Kit","Anchor","SacredBark","Brimstone","Bottled Tornado","Red Skull","Orichalcum","Mark of Pain","Calipers","Charon\u0027s Ashes","Ginger","DollysMirror","Meat on the Bone","Happy Flower","Omamori"],"potions_floor_usage":[50],"damage_taken":[{"damage":9.0,"enemies":"2 Louse","floor":1.0,"turns":3.0},{"damage":0.0,"enemies":"Small Slimes","floor":2.0,"turns":2.0},{"damage":11.0,"enemies":"Cultist","floor":5.0,"turns":4.0},{"damage":20.0,"enemies":"Gremlin Nob","floor":7.0,"turns":5.0},{"damage":14.0,"enemies":"2 Fungi Beasts","floor":10.0,"turns":5.0},{"damage":28.0,"enemies":"Lagavulin","floor":11.0,"turns":10.0},{"damage":8.0,"enemies":"3 Louse","floor":12.0,"turns":4.0},{"damage":4.0,"enemies":"3 Sentries","floor":14.0,"turns":7.0},{"damage":34.0,"enemies":"Hexaghost","floor":16.0,"turns":15.0},{"damage":47.0,"enemies":"Spheric Guardian","floor":18.0,"turns":9.0},{"damage":1.0,"enemies":"Shell Parasite","floor":21.0,"turns":6.0},{"damage":3.0,"enemies":"Shelled Parasite and Fungi","floor":22.0,"turns":5.0},{"damage":36.0,"enemies":"Book of Stabbing","floor":24.0,"turns":6.0},{"damage":14.0,"enemies":"3 Cultists","floor":28.0,"turns":6.0},{"damage":10.0,"enemies":"Snake Plant","floor":29.0,"turns":4.0},{"damage":35.0,"enemies":"Gremlin Leader","floor":30.0,"turns":6.0},{"damage":48.0,"enemies":"Automaton","floor":33.0,"turns":7.0},{"damage":2.0,"enemies":"Orb Walker","floor":35.0,"turns":4.0},{"damage":26.0,"enemies":"2 Orb Walkers","floor":37.0,"turns":4.0},{"damage":0.0,"enemies":"Mind Bloom Boss Battle","floor":38.0,"turns":6.0},{"damage":8.0,"enemies":"3 Shapes","floor":39.0,"turns":3.0},{"damage":59.0,"enemies":"Reptomancer","floor":40.0,"turns":6.0},{"damage":10,"enemies":"Transient","floor":44,"turns":5},{"damage":27,"enemies":"Giant Head","floor":45,"turns":7},{"damage":21,"enemies":"Jaw Worm Horde","floor":48,"turns":4},{"damage":68,"enemies":"Time Eater","floor":50,"turns":8}],"seed_played":"-6974245803661292780","potions_obtained":[{"floor":1.0,"key":"AttackPotion"},{"floor":2.0,"key":"GamblersBrew"},{"floor":5.0,"key":"Explosive Potion"},{"floor":11.0,"key":"Ancient Potion"},{"floor":16.0,"key":"SteroidPotion"},{"floor":21.0,"key":"Fruit Juice"},{"floor":22.0,"key":"FearPotion"},{"floor":30.0,"key":"Energy Potion"},{"floor":33.0,"key":"DuplicationPotion"},{"floor":45,"key":"SpeedPotion"}],"is_trial":false,"path_per_floor":["M","M","$","?","M","R","?","R","T","M","E","M","$","E","R","B",null,"M","?","$","M","M","R","E","R","T","$","M","M","E","$","R","B",null,"M","?","?","?","M","E","$","R","T","M","E","R","?","M","R","B",null],"character_chosen":"IRONCLAD","items_purchased":["Corruption","True Grit","Dark Shackles","Medical Kit","Brimstone","Havoc","Bandage Up","DollysMirror","Meat on the Bone"],"campfire_rested":5,"item_purchase_floors":[3,3,3,13,20,27,31,41,41],"current_hp_per_floor":[77,80,80,60,55,55,41,41,41,33,11,9,9,11,50,22,66,25,25,25,40,43,85,55,55,55,55,47,43,14,14,56,18,72,76,76,60,70,72,23,23,65,65,69,52,52,52,49,90,40],"gold":146,"neow_bonus":"HUNDRED_GOLD","is_prod":false,"is_daily":false,"chose_seed":false,"campfire_upgraded":4,"win_rate":0,"timestamp":1569596969,"path_taken":["M","M","$","?","M","R","?","R","T","M","E","M","$","E","R","BOSS","M","?","$","M","M","R","E","R","T","$","M","M","E","?","R","BOSS","M","?","?","?","M","E","$","R","T","M","E","R","?","M","R","BOSS"],"build_version":"2019-09-26","purchased_purges":0,"victory":true,"max_hp_per_floor":[80,80,80,80,80,80,80,80,80,80,80,80,80,80,80,80,80,80,80,80,90,90,90,90,90,90,90,90,90,90,90,90,90,90,90,90,90,90,90,90,90,90,90,90,90,90,90,90,90,90],"card_choices":[{"not_picked":["Burning Pact","Shrug It Off"],"picked":"Pummel","floor":1.0},{"not_picked":["Iron Wave","Flame Barrier"],"picked":"Feel No Pain","floor":2.0},{"not_picked":["Twin Strike","Headbutt"],"picked":"Reckless Charge","floor":5.0},{"not_picked":["Spot Weakness","Shrug It Off"],"picked":"Second Wind","floor":7.0},{"not_picked":["Intimidate","Armaments"],"picked":"Cleave","floor":10.0},{"not_picked":["Reckless Charge","Sword Boomerang"],"picked":"Evolve","floor":11.0},{"not_picked":["Limit Break","Pommel Strike"],"picked":"True Grit","floor":12.0},{"not_picked":["Reckless Charge","Warcry"],"picked":"Flame Barrier","floor":14.0},{"not_picked":["Limit Break","Reaper"],"picked":"Impervious","floor":16.0},{"not_picked":["Perfected Strike+1","Corruption+1","Rupture"],"picked":"SKIP","floor":18.0},{"not_picked":["Headbutt+1","Blood for Blood"],"picked":"Fire Breathing","floor":21.0},{"not_picked":["Havoc","Evolve+1"],"picked":"Shrug It Off+1","floor":22.0},{"not_picked":["Thunderclap+1","Second Wind+1"],"picked":"Wild Strike","floor":24.0},{"not_picked":["Seeing Red+1","Warcry"],"picked":"Iron Wave","floor":28.0},{"not_picked":["Cleave","Blood for Blood+1"],"picked":"Juggernaut","floor":29.0},{"not_picked":["Dropkick","Warcry"],"picked":"Shockwave+1","floor":30.0},{"not_picked":["Immolate","Brutality"],"picked":"Exhume","floor":33.0},{"not_picked":["Dropkick","Clothesline+1"],"picked":"Headbutt","floor":35.0},{"not_picked":["Headbutt+1","Hemokinesis"],"picked":"Twin Strike+1","floor":37.0},{"not_picked":["Fire Breathing+1","Pommel Strike"],"picked":"Sword Boomerang+1","floor":38.0},{"not_picked":["Ghostly Armor+1","Disarm+1"],"picked":"Dual Wield","floor":39.0},{"not_picked":["Anger","Sever Soul+1","Feed"],"picked":"SKIP","floor":40.0},{"not_picked":["Rampage","Wild Strike+1","Corruption"],"picked":"SKIP","floor":44},{"not_picked":["Entrench","Fire Breathing+1"],"picked":"Power Through+1","floor":45},{"not_picked":["Armaments+1","True Grit+1"],"picked":"Flex+1","floor":48}],"player_experience":293574,"relics_obtained":[{"floor":7.0,"key":"Regal Pillow"},{"floor":9.0,"key":"Blue Candle"},{"floor":11.0,"key":"War Paint"},{"floor":14.0,"key":"Anchor"},{"floor":24.0,"key":"Bottled Tornado"},{"floor":26.0,"key":"Red Skull"},{"floor":30.0,"key":"Orichalcum"},{"floor":37.0,"key":"Calipers"},{"floor":38.0,"key":"Charon\u0027s Ashes"},{"floor":40.0,"key":"Ginger"},{"floor":43,"key":"Happy Flower"},{"floor":45,"key":"Omamori"}],"event_choices":[{"damage_healed":0.0,"max_hp_gain":0.0,"max_hp_loss":0.0,"gold_gain":0.0,"event_name":"Golden Idol","player_choice":"Take Damage","floor":4.0,"gold_loss":0.0,"damage_taken":20.0,"relics_obtained":["Golden Idol"]},{"damage_healed":0.0,"max_hp_gain":0.0,"max_hp_loss":0.0,"gold_gain":0.0,"event_name":"Dead Adventurer","player_choice":"Searched \u00271\u0027 times","floor":7.0,"gold_loss":0.0,"damage_taken":0.0},{"damage_healed":0.0,"max_hp_gain":0.0,"max_hp_loss":0.0,"gold_gain":0.0,"event_name":"Designer","player_choice":"Upgraded Two","floor":19.0,"gold_loss":40.0,"damage_taken":0.0,"cards_upgraded":["Strike_R","True Grit"]},{"damage_healed":0.0,"max_hp_gain":0.0,"max_hp_loss":0.0,"gold_gain":0.0,"event_name":"Tomb of Lord Red Mask","player_choice":"Ignored","floor":36.0,"gold_loss":0.0,"damage_taken":0.0},{"damage_healed":0.0,"max_hp_gain":0.0,"max_hp_loss":0.0,"gold_gain":0.0,"event_name":"Mysterious Sphere","player_choice":"Fight","floor":37.0,"gold_loss":0.0,"damage_taken":0.0},{"damage_healed":0.0,"max_hp_gain":0.0,"max_hp_loss":0.0,"gold_gain":0.0,"event_name":"MindBloom","player_choice":"Fight","floor":38.0,"gold_loss":0.0,"damage_taken":0.0},{"cards_removed":["Bandage Up"],"damage_healed":0,"gold_gain":0,"player_choice":"Removed Skill","damage_taken":0,"max_hp_gain":0,"max_hp_loss":0,"event_name":"Falling","floor":47,"gold_loss":0}],"is_beta":true,"boss_relics":[{"not_picked":["Pandora\u0027s Box","Ectoplasm"],"picked":"SacredBark"},{"not_picked":["Empty Cage","Calling Bell"],"picked":"Mark of Pain"}],"items_purged_floors":[],"is_endless":false,"potions_floor_spawned":[1,2,5,11,16,21,22,30,33,38,40,45],"ascension_level":5}