{"gold_per_floor":[132,186,186,231,231,231,327,327,327,327,405,447,447,546,546,843,843,855,855,287,317,353,443,443,539,539,578,578,27,72,111,111,405,405,435,231,231,531,531,531,531,531,531,573,615,657,714,744,744,1044,1044,1095,1095,1141,776,776,776,831,831,831,877,919,971,669,721,721,1056,1056,1108,1163,1163,1277,1326,1326,1326,1388,1495,1145,1181,1181,1181,1279,1279,1591,1591,1627,1689,1689,1689,1299,1345,1391,1544,1658,1658,1759,1814,1814,1853,1853,1853],"floor_reached":101,"playtime":5665,"items_purged":["Purity","Pain","Strike_R","Strike_R","Strike_R","Defend_R","Strike_R"],"score":1763,"play_id":"d23c83b3-ab51-493a-8616-06665f2baad3","local_time":"20190630121546","daily_mods":["Allstar","ControlledChaos","Midas"],"is_ascension_mode":false,"campfire_choices":[{"floor":6.0,"key":"REST"},{"floor":8.0,"key":"REST"},{"floor":10.0,"key":"REST"},{"floor":13.0,"key":"REST"},{"floor":15.0,"key":"REST"},{"floor":24.0,"key":"REST"},{"floor":32.0,"key":"REST"},{"floor":40.0,"key":"REST"},{"floor":42.0,"key":"REST"},{"floor":49.0,"key":"REST"},{"floor":57.0,"key":"REST"},{"floor":59.0,"key":"REST"},{"floor":66.0,"key":"REST"},{"floor":75.0,"key":"REST"},{"floor":81.0,"key":"REST"},{"floor":83.0,"key":"REST"},{"floor":100,"key":"REST"}],"neow_cost":"","seed_source_timestamp":0,"circlet_count":0,"master_deck":["Defend_R","Defend_R","Bash+1","Magnetism","Mind Blast","Magnetism","Blind","Ghostly Armor","Disarm+1","Havoc+1","Corruption","Spot Weakness","Inflame","Limit Break","Inflame+1","Armaments+1","Spot Weakness","Pummel","Impervious","Limit Break","Heavy Blade+1","Master of Strategy","Heavy Blade+1","Offering","Demon Form+1","Battle Trance","Spot Weakness","Magnetism+1","RitualDagger","Self Repair+1","Disarm+1","Inflame+1","Gash","Feed","Madness","Madness","RitualDagger"],"special_seed":0,"relics":["Burning Blood","Frozen Eye","Bottled Tornado","Bottled Lightning","Nunchaku","Frozen Egg 2","Fusion Hammer","Anchor","Bag of Preparation","Toy Ornithopter","Smiling Mask","War Paint","Pen Nib","WarpedTongs","ClockworkSouvenir","Gambling Chip","Sozu","Vajra","Ginger","Boot","Paper Frog","Philosopher\u0027s Stone","Golden Idol","Membership Card","Tiny Chest","Omamori","WarpedTongs","Ornamental Fan","Whetstone","PrismaticShard","Centennial Puzzle","Cursed Key","Blue Candle","Ancient Tea Set","Toolbox","Mark of Pain","Bag of Marbles","Medical Kit","Sundial","Charon\u0027s Ashes"],"potions_floor_usage":[],"damage_taken":[{"damage":5.0,"enemies":"2 Louse","floor":1.0,"turns":2.0},{"damage":4.0,"enemies":"Cultist","floor":2.0,"turns":4.0},{"damage":2.0,"enemies":"Jaw Worm","floor":4.0,"turns":4.0},{"damage":24.0,"enemies":"3 Sentries","floor":7.0,"turns":8.0},{"damage":11.0,"enemies":"Lagavulin","floor":11.0,"turns":7.0},{"damage":47.0,"enemies":"Exordium Thugs","floor":12.0,"turns":7.0},{"damage":16.0,"enemies":"Gremlin Nob","floor":14.0,"turns":4.0},{"damage":33.0,"enemies":"Slime Boss","floor":16.0,"turns":6.0},{"damage":25.0,"enemies":"2 Thieves","floor":18.0,"turns":4.0},{"damage":2.0,"enemies":"Shell Parasite","floor":21.0,"turns":4.0},{"damage":11.0,"enemies":"Snake Plant","floor":22.0,"turns":5.0},{"damage":14.0,"enemies":"Slavers","floor":23.0,"turns":6.0},{"damage":7.0,"enemies":"Book of Stabbing","floor":25.0,"turns":5.0},{"damage":13.0,"enemies":"Centurion and Healer","floor":27.0,"turns":6.0},{"damage":3.0,"enemies":"Snecko","floor":30.0,"turns":5.0},{"damage":5.0,"enemies":"Shelled Parasite and Fungi","floor":31.0,"turns":3.0},{"damage":8.0,"enemies":"Champ","floor":33.0,"turns":9.0},{"damage":11.0,"enemies":"Orb Walker","floor":35.0,"turns":4.0},{"damage":11.0,"enemies":"Mind Bloom Boss Battle","floor":38.0,"turns":6.0},{"damage":11.0,"enemies":"3 Shapes","floor":44.0,"turns":3.0},{"damage":29.0,"enemies":"Transient","floor":45.0,"turns":5.0},{"damage":1.0,"enemies":"Maw","floor":46.0,"turns":5.0},{"damage":0.0,"enemies":"Jaw Worm Horde","floor":47.0,"turns":4.0},{"damage":2.0,"enemies":"3 Darklings","floor":48.0,"turns":4.0},{"damage":70.0,"enemies":"Awakened One","floor":50.0,"turns":6.0},{"damage":6.0,"enemies":"Cultist","floor":52.0,"turns":1.0},{"damage":6.0,"enemies":"Jaw Worm","floor":54.0,"turns":2.0},{"damage":0.0,"enemies":"2 Louse","floor":58.0,"turns":2.0},{"damage":7.0,"enemies":"Gremlin Gang","floor":61.0,"turns":4.0},{"damage":0.0,"enemies":"2 Fungi Beasts","floor":62.0,"turns":2.0},{"damage":6.0,"enemies":"Large Slime","floor":63.0,"turns":3.0},{"damage":9.0,"enemies":"Looter","floor":65.0,"turns":3.0},{"damage":34.0,"enemies":"Slime Boss","floor":67.0,"turns":4.0},{"damage":3.0,"enemies":"3 Byrds","floor":69.0,"turns":4.0},{"damage":3.0,"enemies":"2 Thieves","floor":70.0,"turns":2.0},{"damage":54.0,"enemies":"Gremlin Leader","floor":72.0,"turns":3.0},{"damage":0.0,"enemies":"Snecko","floor":73.0,"turns":2.0},{"damage":8.0,"enemies":"Snake Plant","floor":76.0,"turns":3.0},{"damage":25.0,"enemies":"Book of Stabbing","floor":77.0,"turns":3.0},{"damage":4.0,"enemies":"Centurion and Healer","floor":79.0,"turns":3.0},{"damage":17.0,"enemies":"Slavers","floor":82.0,"turns":3.0},{"damage":38.0,"enemies":"Automaton","floor":84.0,"turns":5.0},{"damage":8.0,"enemies":"Orb Walker","floor":86.0,"turns":2.0},{"damage":2.0,"enemies":"3 Darklings","floor":87.0,"turns":2.0},{"damage":28,"enemies":"Jaw Worm Horde","floor":91,"turns":3},{"damage":6,"enemies":"Sphere and 2 Shapes","floor":92,"turns":2},{"damage":1,"enemies":"2 Orb Walkers","floor":93,"turns":2},{"damage":26,"enemies":"Giant Head","floor":94,"turns":3},{"damage":6,"enemies":"Reptomancer","floor":96,"turns":2},{"damage":19,"enemies":"Writhing Mass","floor":97,"turns":3},{"damage":0,"enemies":"Maw","floor":99,"turns":4},{"damage":87,"enemies":"Awakened One","floor":101,"turns":4}],"seed_played":"-4721507008200229259","potions_obtained":[{"floor":7.0,"key":"SneckoOil"},{"floor":12.0,"key":"Dexterity Potion"},{"floor":14.0,"key":"EssenceOfSteel"},{"floor":18.0,"key":"Swift Potion"},{"floor":30.0,"key":"Ancient Potion"},{"floor":31.0,"key":"SteroidPotion"}],"is_trial":true,"path_per_floor":["M","M","?","M","?","R","E","R","T","R","E","M","R","E","R","B",null,"M","?","$","M","M","E","R","E","T","M","?","$","M","M","R","B",null,"M","$","?","?","?","R","T","R","T","M","M","M","M","M","R","B",null,"M","?","M","$","?","R","M","R","T","M","M","M","$","M","R","B",null,"M","M","?","E","M","?","R","M","E","$","M","?","R","E","R","B",null,"M","M","?","?","$","M","M","?","E","?","E","M","?","M","R","B"],"character_chosen":"IRONCLAD","items_purchased":["Anchor","Bag of Preparation","Toy Ornithopter","ClockworkSouvenir","Gambling Chip","Vajra","Membership Card","Tiny Chest","Omamori","Whetstone","PrismaticShard","Centennial Puzzle","Blue Candle","Ancient Tea Set","Toolbox","Bag of Marbles","Medical Kit","Sundial","Inflame+1"],"campfire_rested":17,"item_purchase_floors":[20,20,20,29,29,36,55,55,55,64,64,64,78,78,78,90,90,90,90],"current_hp_per_floor":[80,80,80,80,80,80,62,80,80,80,75,34,58,48,72,45,80,61,61,61,65,60,57,80,79,79,72,72,72,75,76,80,78,80,75,75,75,70,70,80,80,80,80,75,52,57,63,67,80,16,80,80,60,60,60,60,80,80,80,80,79,80,80,80,77,80,52,80,80,80,74,26,32,32,56,54,35,35,37,37,61,50,74,52,80,80,80,80,80,80,58,68,80,70,60,60,51,51,67,84,0],"gold":1853,"neow_bonus":"","is_prod":false,"is_daily":false,"chose_seed":false,"campfire_upgraded":0,"win_rate":0,"timestamp":1561911346,"path_taken":["M","M","?","?","?","R","E","R","T","R","E","M","R","E","R","BOSS","M","?","$","M","M","E","R","E","T","M","?","$","M","M","R","BOSS","M","$","?","?","?","R","?","R","T","M","M","M","?","M","R","BOSS","M","?","M","$","?","R","M","R","T","M","M","M","$","?","R","BOSS","M","?","?","?","M","?","R","M","E","$","?","?","R","E","R","BOSS","M","M","?","?","$","M","M","?","E","?","E","?","?","?","R","BOSS"],"build_version":"2019-01-23","purchased_purges":7,"victory":false,"max_hp_per_floor":[80,80,80,80,80,80,80,80,80,80,80,80,80,80,80,80,80,80,80,80,80,80,80,80,80,80,80,80,80,80,80,80,80,80,80,80,80,80,80,80,80,80,80,80,80,80,80,80,80,80,80,80,80,80,80,80,80,80,80,80,80,80,80,80,80,80,80,80,80,80,80,80,80,80,80,80,80,80,80,80,80,80,80,80,80,80,80,80,80,80,80,80,80,80,80,80,84,84,84,84,84],"card_choices":[{"not_picked":["Sentinel","Pommel Strike"],"picked":"Ghostly Armor","floor":1.0},{"not_picked":["Clothesline","Havoc"],"picked":"Disarm","floor":2.0},{"not_picked":["Clash","Sentinel"],"picked":"Havoc","floor":4.0},{"not_picked":["Sentinel","Warcry"],"picked":"Corruption","floor":7.0},{"not_picked":["Sword Boomerang","Anger"],"picked":"Spot Weakness","floor":11.0},{"not_picked":["Twin Strike","Whirlwind"],"picked":"Inflame","floor":12.0},{"not_picked":["Clothesline","Sever Soul","Shrug It Off"],"picked":"SKIP","floor":14.0},{"not_picked":["Offering","Reaper"],"picked":"Limit Break","floor":16.0},{"not_picked":["Armaments","Dropkick","Iron Wave"],"picked":"SKIP","floor":18.0},{"not_picked":["Shrug It Off","Body Slam"],"picked":"Armaments+1","floor":21.0},{"not_picked":["Twin Strike","Anger","Clothesline+1"],"picked":"SKIP","floor":22.0},{"not_picked":["Pommel Strike","Hemokinesis"],"picked":"Spot Weakness","floor":23.0},{"not_picked":["Wild Strike","Dropkick"],"picked":"Pummel","floor":25.0},{"not_picked":["Sword Boomerang","Sever Soul"],"picked":"Impervious","floor":27.0},{"not_picked":["Shockwave","Bloodletting","Intimidate"],"picked":"SKIP","floor":30.0},{"not_picked":["Shrug It Off","Anger","Rupture+1"],"picked":"SKIP","floor":31.0},{"not_picked":["Bludgeon","Juggernaut+1"],"picked":"Limit Break","floor":33.0},{"not_picked":["Anger+1","Perfected Strike","Burning Pact+1"],"picked":"SKIP","floor":35.0},{"not_picked":["Clothesline","Armaments+1"],"picked":"Heavy Blade+1","floor":38.0},{"not_picked":["Trip","Magnetism+1"],"picked":"Master of Strategy","floor":39.0},{"not_picked":["Iron Wave+1","Feel No Pain+1"],"picked":"Heavy Blade","floor":44.0},{"not_picked":["Rage","Iron Wave","Sever Soul"],"picked":"SKIP","floor":45.0},{"not_picked":["Shrug It Off","Body Slam","Wild Strike+1"],"picked":"SKIP","floor":46.0},{"not_picked":["Thunderclap","Second Wind","Clash"],"picked":"SKIP","floor":47.0},{"not_picked":["Armaments","Sever Soul"],"picked":"Offering","floor":48.0},{"not_picked":["Impervious","Juggernaut+1"],"picked":"Demon Form+1","floor":50.0},{"not_picked":["Twin Strike","Havoc","Wild Strike"],"picked":"SKIP","floor":52.0},{"not_picked":["Flame Barrier","Twin Strike","Clash"],"picked":"SKIP","floor":54.0},{"not_picked":["Clothesline","Iron Wave"],"picked":"Battle Trance","floor":58.0},{"not_picked":["Shrug It Off","Twin Strike","Intimidate"],"picked":"SKIP","floor":61.0},{"not_picked":["True Grit","Twin Strike"],"picked":"Spot Weakness","floor":62.0},{"not_picked":["Armaments","Headbutt","Iron Wave"],"picked":"SKIP","floor":63.0},{"not_picked":["Storm+1","Flame Barrier","Recycle"],"picked":"SKIP","floor":65.0},{"not_picked":["Reboot","Mayhem+1"],"picked":"Magnetism+1","floor":67.0},{"not_picked":["Body Slam","Clothesline+1","Force Field"],"picked":"SKIP","floor":69.0},{"not_picked":["Accuracy+1","Havoc","Anger"],"picked":"SKIP","floor":70.0},{"not_picked":["Metamorphosis","Good Instincts+1","Armaments+1"],"picked":"SKIP","floor":72.0},{"not_picked":["Poisoned Stab","Wild Strike","Barrage"],"picked":"SKIP","floor":73.0},{"not_picked":["Recycle","Heavy Blade","Shrug It Off"],"picked":"SKIP","floor":76.0},{"not_picked":["BootSequence","Phantasmal Killer","Expertise"],"picked":"SKIP","floor":77.0},{"not_picked":["Body Slam","Prepared","Cloak And Dagger"],"picked":"SKIP","floor":79.0},{"not_picked":["Blind","Warcry"],"picked":"Self Repair+1","floor":82.0},{"not_picked":["Sweeping Beam+1","Wild Strike"],"picked":"Disarm+1","floor":86.0},{"not_picked":["Steam","Ball Lightning","Beam Cell+1"],"picked":"SKIP","floor":87.0},{"not_picked":["Heavy Blade+1","Caltrops+1","Warcry"],"picked":"SKIP","floor":91},{"not_picked":["Body Slam+1","Melter+1","Conserve Battery"],"picked":"SKIP","floor":92},{"not_picked":["Barrage+1","Anger"],"picked":"Gash","floor":93},{"not_picked":["Steam+1","Dodge and Roll"],"picked":"Feed","floor":94},{"not_picked":["Prepared","Dagger Spray+1","Defragment+1"],"picked":"SKIP","floor":96},{"not_picked":["Good Instincts","Flex","Sweeping Beam+1"],"picked":"SKIP","floor":97},{"not_picked":["Barrage","Perfected Strike","Conserve Battery"],"picked":"SKIP","floor":99}],"player_experience":313325,"relics_obtained":[{"floor":7.0,"key":"Bottled Tornado"},{"floor":9.0,"key":"Bottled Lightning"},{"floor":11.0,"key":"Nunchaku"},{"floor":14.0,"key":"Frozen Egg 2"},{"floor":23.0,"key":"Smiling Mask"},{"floor":25.0,"key":"War Paint"},{"floor":26.0,"key":"Pen Nib"},{"floor":38.0,"key":"Ginger"},{"floor":41.0,"key":"Boot"},{"floor":43.0,"key":"Paper Frog"},{"floor":60.0,"key":"Ornamental Fan"},{"floor":93,"key":"Charon\u0027s Ashes"}],"event_choices":[{"cards_removed":["Defend_R"],"damage_healed":0.0,"max_hp_gain":0.0,"max_hp_loss":0.0,"gold_gain":0.0,"event_name":"Purifier","player_choice":"Purged","floor":3.0,"gold_loss":0.0,"damage_taken":0.0},{"damage_healed":0.0,"max_hp_gain":0.0,"max_hp_loss":0.0,"gold_gain":0.0,"event_name":"Liars Game","player_choice":"Ignored","floor":5.0,"gold_loss":0.0,"damage_taken":0.0},{"damage_healed":0.0,"max_hp_gain":0.0,"max_hp_loss":0.0,"gold_gain":0.0,"event_name":"The Library","player_choice":"Read","floor":19.0,"gold_loss":0.0,"damage_taken":0.0,"cards_obtained":["Inflame"]},{"damage_healed":0.0,"max_hp_gain":0.0,"max_hp_loss":0.0,"gold_gain":0.0,"event_name":"Accursed Blacksmith","player_choice":"Rummage","floor":28.0,"gold_loss":0.0,"damage_taken":0.0,"relics_obtained":["WarpedTongs"],"cards_obtained":["Pain"]},{"damage_healed":0.0,"max_hp_gain":0.0,"max_hp_loss":0.0,"gold_gain":0.0,"event_name":"Mysterious Sphere","player_choice":"Ignored","floor":37.0,"gold_loss":0.0,"damage_taken":0.0},{"damage_healed":0.0,"max_hp_gain":0.0,"max_hp_loss":0.0,"gold_gain":0.0,"event_name":"MindBloom","player_choice":"Fight","floor":38.0,"gold_loss":0.0,"damage_taken":0.0},{"damage_healed":0.0,"max_hp_gain":0.0,"max_hp_loss":0.0,"gold_gain":0.0,"event_name":"SensoryStone","player_choice":"Memory 1","floor":39.0,"gold_loss":0.0,"damage_taken":0.0},{"damage_healed":0.0,"max_hp_gain":0.0,"max_hp_loss":0.0,"gold_gain":0.0,"event_name":"Golden Idol","player_choice":"Take Damage","floor":53.0,"gold_loss":0.0,"damage_taken":20.0,"relics_obtained":["Golden Idol"]},{"damage_healed":0.0,"max_hp_gain":0.0,"max_hp_loss":0.0,"gold_gain":0.0,"event_name":"Accursed Blacksmith","player_choice":"Rummage","floor":56.0,"gold_loss":0.0,"damage_taken":0.0,"relics_obtained":["WarpedTongs"],"cards_obtained":["Pain"]},{"damage_healed":0.0,"max_hp_gain":0.0,"max_hp_loss":0.0,"gold_gain":0.0,"event_name":"Nest","player_choice":"Joined the Cult","floor":71.0,"gold_loss":0.0,"damage_taken":6.0,"cards_obtained":["RitualDagger"]},{"damage_healed":0.0,"max_hp_gain":0.0,"max_hp_loss":0.0,"gold_gain":0.0,"event_name":"Lab","player_choice":"Got Potions","floor":74.0,"gold_loss":0.0,"damage_taken":0.0},{"damage_healed":0.0,"max_hp_gain":0.0,"max_hp_loss":0.0,"gold_gain":0.0,"event_name":"Ghosts","player_choice":"Ignored","floor":80.0,"gold_loss":0.0,"damage_taken":0.0},{"damage_healed":0.0,"max_hp_gain":0.0,"max_hp_loss":0.0,"gold_gain":0.0,"event_name":"Tomb of Lord Red Mask","player_choice":"Ignored","floor":88.0,"gold_loss":0.0,"damage_taken":0.0},{"cards_removed":["Strike_R"],"damage_healed":0.0,"max_hp_gain":0.0,"max_hp_loss":0.0,"gold_gain":0.0,"event_name":"Falling","player_choice":"Removed Attack","floor":89.0,"gold_loss":0.0,"damage_taken":0.0},{"damage_healed":0,"gold_gain":0,"player_choice":"Fight","damage_taken":0,"max_hp_gain":0,"max_hp_loss":0,"event_name":"Mysterious Sphere","floor":93,"gold_loss":0},{"damage_healed":0,"gold_gain":0,"player_choice":"Embrace Madness","damage_taken":10,"max_hp_gain":0,"max_hp_loss":0,"event_name":"Winding Halls","floor":95,"gold_loss":0,"cards_obtained":["Madness","Madness"]},{"damage_healed":0,"gold_gain":0,"player_choice":"Copied","damage_taken":0,"max_hp_gain":0,"max_hp_loss":0,"event_name":"Duplicator","floor":98,"gold_loss":0,"cards_obtained":["RitualDagger"]}],"is_beta":false,"boss_relics":[{"not_picked":["Runic Cube","Coffee Dripper"],"picked":"Fusion Hammer"},{"not_picked":["Astrolabe","Busted Crown"],"picked":"Sozu"},{"not_picked":["White Beast Statue","Runic Pyramid"],"picked":"Philosopher\u0027s Stone"},{"not_picked":["Astrolabe","Runic Cube"],"picked":"Cursed Key"},{"not_picked":["Coffee Dripper","Velvet Choker"],"picked":"Mark of Pain"}],"items_purged_floors":[20,29,36,55,64,78,90],"is_endless":true,"potions_floor_spawned":[7,12,14,18,21,22,30,31,45,46,48,61,63,67,69,77,82,86,91,96,97],"killed_by":"Awakened One","ascension_level":0}