{"gold_per_floor":[113,126,201,218,230,261,261,286,286,286,296,296,331,358,358,461,461,472,263,178,190,18,18,38,38,89,103,115,115,115,150,150,150],"floor_reached":33,"playtime":1172,"items_purged":[],"score":371,"play_id":"5e81b281-ff5d-4bc2-ad10-facd46fdb3a8","local_time":"20190929172846","is_ascension_mode":true,"campfire_choices":[{"data":"Perfected Strike","floor":7.0,"key":"SMITH"},{"data":"Perfected Strike","floor":10.0,"key":"SMITH"},{"floor":15.0,"key":"REST"},{"data":"Armaments","floor":23.0,"key":"SMITH"},{"floor":25.0,"key":"REST"},{"floor":32,"key":"REST"}],"neow_cost":"NONE","seed_source_timestamp":1306424711710600,"circlet_count":0,"master_deck":["Strike_R","Strike_R","Strike_R","Strike_R","Strike_R","Defend_R","Defend_R","Defend_R","Defend_R","Bash","Perfected Strike+1","Pommel Strike","Perfected Strike+1","Clash","Warcry","Pommel Strike","Pommel Strike","Wild Strike","Armaments+1","Perfected Strike","Shrug It Off","Cleave+1","Warcry"],"special_seed":0,"relics":["Burning Blood","Dodecahedron","HornCleat","Pantograph","Blue Candle","Dream Catcher","SlaversCollar","Medical Kit","Ornamental Fan","ClockworkSouvenir","Happy Flower","Gremlin Horn"],"potions_floor_usage":[28,31,31],"damage_taken":[{"damage":9.0,"enemies":"2 Louse","floor":1.0,"turns":4.0},{"damage":19.0,"enemies":"Small Slimes","floor":2.0,"turns":3.0},{"damage":7.0,"enemies":"Jaw Worm","floor":4.0,"turns":2.0},{"damage":0.0,"enemies":"Looter","floor":5.0,"turns":1.0},{"damage":13.0,"enemies":"Gremlin Nob","floor":6.0,"turns":3.0},{"damage":28.0,"enemies":"3 Sentries","floor":8.0,"turns":6.0},{"damage":13.0,"enemies":"Blue Slaver","floor":11.0,"turns":2.0},{"damage":9.0,"enemies":"Lagavulin","floor":13.0,"turns":6.0},{"damage":59.0,"enemies":"The Guardian","floor":16.0,"turns":8.0},{"damage":17.0,"enemies":"3 Byrds","floor":18.0,"turns":6.0},{"damage":7.0,"enemies":"2 Thieves","floor":21.0,"turns":3.0},{"damage":36.0,"enemies":"Cultist and Chosen","floor":24.0,"turns":6.0},{"damage":38.0,"enemies":"Shelled Parasite and Fungi","floor":27.0,"turns":5.0},{"damage":13,"enemies":"Sentry and Sphere","floor":28,"turns":4},{"damage":7,"enemies":"Slavers","floor":31,"turns":3},{"damage":63,"enemies":"Automaton","floor":33,"turns":6}],"seed_played":"-7758834886365361453","potions_obtained":[{"floor":0.0,"key":"SkillPotion"},{"floor":0.0,"key":"Weak Potion"},{"floor":0.0,"key":"DuplicationPotion"},{"floor":5.0,"key":"Energy Potion"},{"floor":11.0,"key":"Dexterity Potion"},{"floor":13.0,"key":"SmokeBomb"},{"floor":16.0,"key":"Swift Potion"},{"floor":24.0,"key":"EssenceOfSteel"},{"floor":27.0,"key":"Weak Potion"},{"floor":28,"key":"Energy Potion"}],"is_trial":false,"path_per_floor":["M","M","?","M","M","E","R","E","T","R","M","?","E","T","R","B",null,"M","$","?","M","$","R","M","R","T","M","M","?","$","E","R","B"],"character_chosen":"IRONCLAD","items_purchased":["Pommel Strike","Medical Kit","ClockworkSouvenir","Armaments"],"campfire_rested":3,"item_purchase_floors":[19,19,22,22],"current_hp_per_floor":[69,56,45,44,50,43,43,21,21,21,14,19,16,16,41,13,67,56,56,56,55,55,55,25,50,50,18,11,11,11,10,35,0],"gold":150,"neow_bonus":"THREE_SMALL_POTIONS","is_prod":false,"is_daily":false,"chose_seed":false,"campfire_upgraded":3,"win_rate":0,"timestamp":1569770926,"path_taken":["M","M","?","M","M","E","R","E","T","R","M","?","E","?","R","BOSS","M","$","?","M","$","R","M","R","T","M","M","?","?","E","R","BOSS"],"build_version":"2019-09-27","purchased_purges":0,"victory":false,"max_hp_per_floor":[80,80,80,80,80,80,80,80,80,80,80,85,85,85,85,85,85,85,85,85,85,85,85,85,85,85,85,85,85,85,85,85,85],"card_choices":[{"not_picked":["Iron Wave","Pommel Strike"],"picked":"Perfected Strike","floor":1.0},{"not_picked":["Iron Wave","Seeing Red"],"picked":"Pommel Strike","floor":2.0},{"not_picked":["Armaments","Entrench"],"picked":"Perfected Strike","floor":4.0},{"not_picked":["Thunderclap","Twin Strike"],"picked":"Clash","floor":5.0},{"not_picked":["Sword Boomerang","Disarm","Rupture"],"picked":"SKIP","floor":6.0},{"not_picked":["Havoc","Corruption","Hemokinesis"],"picked":"SKIP","floor":8.0},{"not_picked":["Uppercut","Sword Boomerang","Fiend Fire"],"picked":"SKIP","floor":11.0},{"not_picked":["Dropkick","Iron Wave"],"picked":"Warcry","floor":13.0},{"not_picked":["Dual Wield","Sever Soul"],"picked":"Pommel Strike","floor":18.0},{"not_picked":["Body Slam","Heavy Blade"],"picked":"Wild Strike","floor":21.0},{"not_picked":["Shrug It Off","Inflame+1"],"picked":"Perfected Strike","floor":24.0},{"not_picked":["Havoc+1","Headbutt"],"picked":"Shrug It Off","floor":25.0},{"not_picked":["Inflame","Armaments"],"picked":"Cleave+1","floor":27.0},{"not_picked":["Anger+1","Combust","Shockwave"],"picked":"SKIP","floor":28},{"not_picked":["Bloodletting","Feel No Pain"],"picked":"Warcry","floor":31}],"player_experience":324451,"relics_obtained":[{"floor":6.0,"key":"Dodecahedron"},{"floor":8.0,"key":"HornCleat"},{"floor":9.0,"key":"Pantograph"},{"floor":13.0,"key":"Blue Candle"},{"floor":14.0,"key":"Dream Catcher"},{"floor":26.0,"key":"Happy Flower"},{"floor":31,"key":"Gremlin Horn"}],"event_choices":[{"damage_healed":0.0,"max_hp_gain":0.0,"max_hp_loss":0.0,"gold_gain":75.0,"event_name":"World of Goop","player_choice":"Gather Gold","floor":3.0,"gold_loss":0.0,"damage_taken":11.0},{"damage_healed":0.0,"max_hp_gain":5.0,"max_hp_loss":0.0,"gold_gain":0.0,"event_name":"Big Fish","player_choice":"Donut","floor":12.0,"gold_loss":0.0,"damage_taken":0.0},{"damage_healed":0.0,"max_hp_gain":0.0,"max_hp_loss":0.0,"gold_gain":0.0,"event_name":"Addict","player_choice":"Obtained Relic","floor":20.0,"gold_loss":85.0,"damage_taken":0.0,"relics_obtained":["Ornamental Fan"]},{"damage_healed":0,"gold_gain":0,"player_choice":"Ignored","damage_taken":0,"max_hp_gain":0,"max_hp_loss":0,"event_name":"Vampires","floor":29,"gold_loss":0}],"is_beta":true,"boss_relics":[{"not_picked":["SacredBark","Sozu"],"picked":"SlaversCollar"}],"items_purged_floors":[],"is_endless":false,"potions_floor_spawned":[1,5,11,13,16,24,27,28],"killed_by":"Automaton","ascension_level":6}