{"gold_per_floor":[118,118,118,131,143,169,185,185,239,255,268,303,303,316,316,411,411,429,429,429,52,67,67,99,99,99,113,12,12,45,62,62,165,165,177,188,188,188,202,231,231],"floor_reached":41,"playtime":1998,"items_purged":["Strike_B"],"score":498,"play_id":"a456b503-2e47-4d6b-82cd-0b0012cb89ac","local_time":"20190306130200","daily_mods":["Chimera","Diverse","Binary"],"is_ascension_mode":false,"campfire_choices":[{"data":"Prepared","floor":8.0,"key":"SMITH"},{"data":"Caltrops","floor":13,"key":"SMITH"},{"data":"Dash","floor":15,"key":"SMITH"},{"data":"Dagger Spray","floor":23,"key":"SMITH"},{"data":"Survivor","floor":25,"key":"SMITH"},{"data":"Backflip","floor":29,"key":"SMITH"},{"data":"PiercingWail","floor":32,"key":"SMITH"}],"neow_cost":"","seed_source_timestamp":0,"circlet_count":0,"master_deck":["Bash","Survivor+1","Strike_R","Strike_G","Defend_R","Defend_G","Defend_B","Prepared+1","Caltrops+1","Dagger Spray+1","Steam","Dash+1","Quick Slash","Flying Knee+1","Backflip+1","Riddle With Holes+1","Juggernaut","Flex","Caltrops+1","Terror"],"special_seed":0,"relics":["Burning Blood","Self Forming Clay","Anchor","Bag of Marbles","Bottled Tornado","Coffee Dripper","Strawberry","Lantern","Vajra","Molten Egg 2","Oddly Smooth Stone","Cursed Key","Pen Nib"],"potions_floor_usage":[16,24,33,33,40,41],"damage_taken":[{"damage":0.0,"enemies":"Cultist","floor":1.0,"turns":4.0},{"damage":3.0,"enemies":"Small Slimes","floor":4.0,"turns":4.0},{"damage":5.0,"enemies":"2 Louse","floor":5.0,"turns":3.0},{"damage":34.0,"enemies":"Gremlin Nob","floor":6.0,"turns":6.0},{"damage":0.0,"enemies":"Red Slaver","floor":7.0,"turns":4.0},{"damage":0.0,"enemies":"Lots of Slimes","floor":10.0,"turns":1.0},{"damage":0.0,"enemies":"Blue Slaver","floor":11.0,"turns":5.0},{"damage":1.0,"enemies":"3 Sentries","floor":12.0,"turns":7.0},{"damage":0,"enemies":"2 Fungi Beasts","floor":14,"turns":3},{"damage":47,"enemies":"Hexaghost","floor":16,"turns":10},{"damage":0,"enemies":"Chosen","floor":18,"turns":3},{"damage":14,"enemies":"Spheric Guardian","floor":22,"turns":4},{"damage":19,"enemies":"Book of Stabbing","floor":24,"turns":5},{"damage":0,"enemies":"Cultist and Chosen","floor":27,"turns":4},{"damage":0,"enemies":"Slavers","floor":30,"turns":3},{"damage":0,"enemies":"Chosen and Byrds","floor":31,"turns":3},{"damage":32,"enemies":"Collector","floor":33,"turns":13},{"damage":1,"enemies":"Orb Walker","floor":35,"turns":3},{"damage":10,"enemies":"3 Shapes","floor":36,"turns":3},{"damage":31,"enemies":"Transient","floor":39,"turns":5},{"damage":61,"enemies":"Giant Head","floor":40,"turns":9},{"damage":30,"enemies":"Maw","floor":41,"turns":6}],"seed_played":"-4489020202869578218","potions_obtained":[{"floor":3.0,"key":"LiquidBronze"},{"floor":3.0,"key":"Poison Potion"},{"floor":3.0,"key":"FairyPotion"},{"floor":4.0,"key":"BloodPotion"},{"floor":12.0,"key":"SpeedPotion"},{"floor":18,"key":"BloodPotion"},{"floor":24,"key":"PowerPotion"},{"floor":36,"key":"SpeedPotion"},{"floor":39,"key":"SkillPotion"},{"floor":40,"key":"Explosive Potion"}],"is_trial":true,"path_per_floor":["M","?","?","M","M","E","M","R","T","M","M","E","R","M","R","B",null,"M","?","?","$","M","R","E","R","T","M","$","R","E","M","R","B",null,"M","M","?","?","M","E","M"],"character_chosen":"IRONCLAD","items_purchased":["Strawberry","Lantern","Flying Knee+1","Backflip"],"campfire_rested":0,"item_purchase_floors":[21,21,28,28],"current_hp_per_floor":[80,73,73,76,77,49,63,63,63,69,75,80,80,80,80,39,80,80,65,65,72,64,64,60,60,60,66,66,66,72,78,78,52,92,92,88,88,88,63,8,0],"gold":231,"neow_bonus":"","is_prod":false,"is_daily":false,"chose_seed":false,"campfire_upgraded":7,"win_rate":0,"timestamp":1551895320,"path_taken":["M","?","?","M","M","E","M","R","T","M","M","E","R","M","R","BOSS","M","?","?","$","M","R","E","R","T","M","$","R","E","M","R","BOSS","M","M","?","?","M","E","?"],"build_version":"2019-01-23","purchased_purges":1,"victory":false,"max_hp_per_floor":[80,80,80,80,80,80,80,80,80,80,80,80,80,80,80,80,80,80,85,85,92,92,92,92,92,92,92,92,92,92,92,92,92,92,92,92,92,92,92,92,92],"card_choices":[{"not_picked":["Sweeping Beam"],"picked":"Prepared","floor":1.0},{"not_picked":["Cold Snap"],"picked":"Caltrops","floor":4.0},{"not_picked":["Flex"],"picked":"Dagger Spray","floor":5.0},{"not_picked":["Chill","Bouncing Flask"],"picked":"SKIP","floor":6.0},{"not_picked":["Setup"],"picked":"Steam","floor":7.0},{"not_picked":["Stack"],"picked":"Dash","floor":10.0},{"not_picked":["Iron Wave","Blade Dance"],"picked":"SKIP","floor":11.0},{"not_picked":["Caltrops"],"picked":"Quick Slash","floor":12.0},{"not_picked":["Flex","Deflect"],"picked":"SKIP","floor":14},{"not_picked":["Havoc+1","Hologram"],"picked":"SKIP","floor":18},{"not_picked":["Deflect","Dropkick+1"],"picked":"SKIP","floor":22},{"not_picked":["Fusion","Blizzard"],"picked":"SKIP","floor":24},{"not_picked":["Perfected Strike+1","Power Through"],"picked":"SKIP","floor":27},{"not_picked":["PiercingWail"],"picked":"Riddle With Holes+1","floor":30},{"not_picked":["Storm+1"],"picked":"PiercingWail","floor":31},{"not_picked":["Fission"],"picked":"Juggernaut","floor":33},{"not_picked":["Headbutt+1","Accuracy"],"picked":"SKIP","floor":35},{"not_picked":["Sentinel"],"picked":"Flex","floor":36},{"not_picked":["Bane+1","Second Wind+1"],"picked":"SKIP","floor":39},{"not_picked":["Force Field"],"picked":"Terror","floor":40}],"player_experience":279940,"relics_obtained":[{"floor":6.0,"key":"Anchor"},{"floor":9.0,"key":"Bag of Marbles"},{"floor":12.0,"key":"Bottled Tornado"},{"floor":24,"key":"Vajra"},{"floor":26,"key":"Molten Egg 2"},{"floor":30,"key":"Oddly Smooth Stone"},{"floor":40,"key":"Pen Nib"}],"event_choices":[{"damage_healed":0.0,"max_hp_gain":0.0,"max_hp_loss":0.0,"gold_gain":0.0,"event_name":"Scrap Ooze","player_choice":"Success","floor":2.0,"gold_loss":0.0,"damage_taken":7.0,"relics_obtained":["Self Forming Clay"]},{"damage_healed":0.0,"max_hp_gain":0.0,"max_hp_loss":0.0,"gold_gain":0.0,"event_name":"Lab","player_choice":"Got Potions","floor":3.0,"gold_loss":0.0,"damage_taken":0.0},{"damage_healed":0,"gold_gain":0,"player_choice":"Shed Blood","damage_taken":20,"max_hp_gain":5,"max_hp_loss":0,"event_name":"Forgotten Altar","floor":19,"gold_loss":0},{"cards_removed":["Zap"],"damage_healed":0,"gold_gain":0,"player_choice":"Elegance","damage_taken":0,"max_hp_gain":0,"max_hp_loss":0,"event_name":"Back to Basics","floor":20,"gold_loss":0},{"cards_removed":["PiercingWail"],"damage_healed":0,"gold_gain":0,"player_choice":"Removed Skill","damage_taken":0,"max_hp_gain":0,"max_hp_loss":0,"event_name":"Falling","floor":37,"gold_loss":0},{"damage_healed":0,"gold_gain":0,"player_choice":"Copied","damage_taken":0,"max_hp_gain":0,"max_hp_loss":0,"event_name":"Duplicator","floor":38,"gold_loss":0,"cards_obtained":["Caltrops"]}],"is_beta":false,"boss_relics":[{"not_picked":["Orrery","Lizard Tail"],"picked":"Coffee Dripper"},{"not_picked":["Busted Crown","White Beast Statue"],"picked":"Cursed Key"}],"items_purged_floors":[21],"is_endless":false,"potions_floor_spawned":[4,5,12,18,24,30,31,36,39,40],"killed_by":"Maw","ascension_level":0}