{"gold_per_floor":[114,133,133,133,145,145,178,192,216,228,255,267,279,305,317,425,437,468,495,44,44,61,61],"floor_reached":23,"playtime":7398,"items_purged":["Defend_G"],"score":228,"play_id":"4aadc418-31a0-4bcd-b49b-6a82b6a8773f","local_time":"20190823213936","is_ascension_mode":true,"campfire_choices":[{"data":"Tools of the Trade","floor":6,"key":"SMITH"},{"floor":10,"key":"REST"},{"floor":12,"key":"REST"},{"floor":15,"key":"REST"}],"neow_cost":"NONE","seed_source_timestamp":0,"circlet_count":0,"master_deck":["Defend_G","Defend_G","Defend_G","Survivor","Neutralize","Deadly Poison","All Out Attack","Crippling Poison","Reflex","Tools of the Trade+1","Footwork","Deadly Poison","Tactician","Terror","Malaise","Expertise","Bouncing Flask","Predator","Well Laid Plans","Bite","Bite","Bite","Bite","Bite","Prepared"],"special_seed":0,"relics":["Ring of the Snake","Centennial Puzzle","MawBank","Philosopher\u0027s Stone","Tiny Chest"],"potions_floor_usage":[18,18,23,23,23],"damage_taken":[{"damage":5,"enemies":"Small Slimes","floor":1,"turns":4},{"damage":4,"enemies":"Cultist","floor":2,"turns":4},{"damage":1,"enemies":"2 Louse","floor":5,"turns":2},{"damage":46,"enemies":"3 Sentries","floor":7,"turns":11},{"damage":17,"enemies":"Gremlin Gang","floor":8,"turns":4},{"damage":6,"enemies":"Exordium Wildlife","floor":11,"turns":3},{"damage":9,"enemies":"Exordium Thugs","floor":14,"turns":5},{"damage":35,"enemies":"The Guardian","floor":16,"turns":10},{"damage":0,"enemies":"Shell Parasite","floor":18,"turns":6},{"damage":27,"enemies":"3 Byrds","floor":19,"turns":5},{"damage":9,"enemies":"Snecko","floor":22,"turns":4},{"damage":76,"enemies":"Slavers","floor":23,"turns":4}],"seed_played":"-71548891246795853","potions_obtained":[{"floor":7,"key":"Swift Potion"},{"floor":8,"key":"Ancient Potion"},{"floor":14,"key":"GamblersBrew"}],"is_trial":false,"path_per_floor":["M","M","?","?","M","R","E","M","T","R","M","R","$","M","R","B",null,"M","M","$","?","M","E"],"character_chosen":"THE_SILENT","items_purchased":["Tiny Chest","Predator","Explosive Potion","Regen Potion","Well Laid Plans"],"campfire_rested":3,"item_purchase_floors":[20,20,20,20,20],"current_hp_per_floor":[72,68,68,68,67,67,21,4,4,27,21,44,44,35,58,23,77,77,50,50,50,44,0],"gold":61,"neow_bonus":"TEN_PERCENT_HP_BONUS","is_prod":false,"is_daily":false,"chose_seed":false,"campfire_upgraded":1,"win_rate":0,"timestamp":1566614376,"path_taken":["M","M","?","?","M","R","E","M","T","R","M","R","$","M","R","BOSS","M","?","$","?","M","E"],"build_version":"2019-07-17","purchased_purges":1,"victory":false,"max_hp_per_floor":[77,77,77,77,77,77,77,77,77,77,77,77,77,77,77,77,77,77,77,77,53,53,53],"card_choices":[{"not_picked":["Dodge and Roll","Acrobatics"],"picked":"Deadly Poison","floor":1},{"not_picked":["Underhanded Strike","Slice"],"picked":"All Out Attack","floor":2},{"not_picked":["Sucker Punch","Underhanded Strike"],"picked":"Tools of the Trade","floor":5},{"not_picked":["Backflip","Dodge and Roll"],"picked":"Footwork","floor":7},{"not_picked":["Sucker Punch","Flying Knee"],"picked":"Deadly Poison","floor":8},{"not_picked":["Poisoned Stab","Heel Hook"],"picked":"Tactician","floor":11},{"not_picked":["Flying Knee","Accuracy"],"picked":"Terror","floor":14},{"not_picked":["Doppelganger","Envenom"],"picked":"Malaise","floor":16},{"not_picked":["Poisoned Stab","Flying Knee"],"picked":"Expertise","floor":18},{"not_picked":["Infinite Blades","Flying Knee"],"picked":"Bouncing Flask","floor":19},{"not_picked":["Deflect","Backflip"],"picked":"Prepared","floor":22}],"player_experience":429555,"relics_obtained":[{"floor":7,"key":"Centennial Puzzle"},{"floor":9,"key":"MawBank"}],"event_choices":[{"damage_healed":0,"gold_gain":0,"cards_transformed":["Defend_G"],"player_choice":"Change","damage_taken":0,"max_hp_gain":0,"max_hp_loss":0,"event_name":"Living Wall","floor":3,"gold_loss":0,"cards_obtained":["Crippling Poison"]},{"damage_healed":0,"gold_gain":0,"cards_transformed":["Strike_G"],"player_choice":"Transformed","damage_taken":0,"max_hp_gain":0,"max_hp_loss":0,"event_name":"Transmorgrifier","floor":4,"gold_loss":0,"cards_obtained":["Reflex"]},{"damage_healed":0,"gold_gain":0,"player_choice":"Became a vampire","damage_taken":0,"max_hp_gain":0,"max_hp_loss":24,"event_name":"Vampires","floor":21,"gold_loss":0,"cards_obtained":["Bite","Bite","Bite","Bite","Bite"]}],"is_beta":false,"boss_relics":[{"not_picked":["Ectoplasm","Calling Bell"],"picked":"Philosopher\u0027s Stone"}],"items_purged_floors":[20],"is_endless":false,"potions_floor_spawned":[7,8,14,22],"killed_by":"Slavers","ascension_level":1}