{"gold_per_floor":[109,109,59,59,6,40,40,40,67,242,242,257,257,275,275,398,398,413,373,396,396],"floor_reached":21,"playtime":1239,"items_purged":[],"score":219,"play_id":"76847bf3-e75e-4eb5-8410-a2f19d7e0a73","local_time":"20190922211635","is_ascension_mode":true,"campfire_choices":[{"data":"Neutralize","floor":7,"key":"SMITH"},{"data":"Escape Plan","floor":11,"key":"SMITH"},{"data":"Leg Sweep","floor":13,"key":"SMITH"},{"floor":15,"key":"REST"}],"neow_cost":"NONE","seed_source_timestamp":715285177228000,"circlet_count":0,"master_deck":["Strike_G","Strike_G","Strike_G","Strike_G","Defend_G","Defend_G","Defend_G","Defend_G","Survivor","Neutralize+1","Escape Plan+1","Quick Slash","Dagger Spray","Doubt","Leg Sweep+1","Blur","Corpse Explosion","Escape Plan","Riddle With Holes"],"relics":["Ring of the Snake","Golden Idol","Bag of Preparation","Potion Belt","SlaversCollar"],"potions_floor_usage":[16,20,21],"damage_taken":[{"damage":4,"enemies":"Jaw Worm","floor":1,"turns":4},{"damage":31,"enemies":"3 Sentries","floor":6,"turns":12},{"damage":0,"enemies":"Small Slimes","floor":12,"turns":3},{"damage":0,"enemies":"2 Louse","floor":14,"turns":2},{"damage":48,"enemies":"The Guardian","floor":16,"turns":35},{"damage":26,"enemies":"3 Byrds","floor":18,"turns":4},{"damage":34,"enemies":"Shell Parasite","floor":20,"turns":16},{"damage":4,"enemies":"Centurion and Healer","floor":21,"turns":2}],"seed_played":"-1455983873438641321","potions_obtained":[{"floor":12,"key":"CunningPotion"},{"floor":19,"key":"Weak Potion"},{"floor":19,"key":"Energy Potion"},{"floor":19,"key":"GamblersBrew"}],"is_trial":false,"path_per_floor":["M","?","?","?","$","E","R","?","T","?","R","M","R","M","R","B",null,"M","?","M","M"],"character_chosen":"THE_SILENT","items_purchased":["Quick Slash"],"campfire_rested":1,"item_purchase_floors":[5],"current_hp_per_floor":[73,78,78,58,58,27,27,27,27,27,27,27,27,27,51,3,62,36,36,2,0],"gold":396,"neow_bonus":"TEN_PERCENT_HP_BONUS","is_prod":false,"is_daily":false,"chose_seed":false,"campfire_upgraded":3,"win_rate":0,"timestamp":1569179795,"path_taken":["M","?","?","?","?","E","R","?","T","?","R","M","R","M","R","BOSS","M","?","?","M"],"build_version":"2019-09-20","purchased_purges":0,"victory":false,"max_hp_per_floor":[77,82,82,82,82,82,82,82,82,82,82,82,82,82,82,82,82,82,82,82,82],"card_choices":[{"not_picked":["Dagger Spray","Acrobatics"],"picked":"Escape Plan","floor":1},{"not_picked":["Slice","Cloak And Dagger"],"picked":"Dagger Spray","floor":6},{"not_picked":["Flying Knee","Acrobatics"],"picked":"Leg Sweep","floor":12},{"not_picked":["Caltrops","Deadly Poison"],"picked":"Blur","floor":14},{"not_picked":["Adrenaline","Storm of Steel"],"picked":"Corpse Explosion","floor":16},{"not_picked":["Concentrate","Choke"],"picked":"Escape Plan","floor":18},{"not_picked":["Prepared+1","Cloak And Dagger"],"picked":"Riddle With Holes","floor":20}],"player_experience":273426,"relics_obtained":[{"floor":6,"key":"Bag of Preparation"},{"floor":9,"key":"Potion Belt"}],"event_choices":[{"damage_healed":0,"gold_gain":0,"player_choice":"Donut","damage_taken":0,"max_hp_gain":5,"max_hp_loss":0,"event_name":"Big Fish","floor":2,"gold_loss":0},{"cards_removed":["Defend_G"],"damage_healed":0,"gold_gain":0,"player_choice":"Card Removal","damage_taken":0,"max_hp_gain":0,"max_hp_loss":0,"event_name":"The Cleric","floor":3,"gold_loss":50},{"damage_healed":0,"gold_gain":0,"player_choice":"Take Damage","damage_taken":20,"relics_obtained":["Golden Idol"],"max_hp_gain":0,"max_hp_loss":0,"event_name":"Golden Idol","floor":4,"gold_loss":0},{"cards_removed":["Strike_G"],"damage_healed":0,"gold_gain":0,"player_choice":"Forget","damage_taken":0,"max_hp_gain":0,"max_hp_loss":0,"event_name":"Living Wall","floor":8,"gold_loss":0},{"damage_healed":0,"gold_gain":175,"player_choice":"AGREE","damage_taken":0,"max_hp_gain":0,"max_hp_loss":0,"event_name":"Liars Game","floor":10,"gold_loss":0,"cards_obtained":["Doubt"]},{"damage_healed":0,"gold_gain":0,"player_choice":"Bought 3 Potions","damage_taken":0,"max_hp_gain":0,"max_hp_loss":0,"event_name":"The Woman in Blue","floor":19,"gold_loss":0}],"is_beta":true,"boss_relics":[{"not_picked":["Philosopher\u0027s Stone","Sozu"],"picked":"SlaversCollar"}],"items_purged_floors":[],"is_endless":false,"potions_floor_spawned":[12],"killed_by":"Centurion and Healer","ascension_level":5}