{"gold_per_floor":[115,115,133,145,145,145,179,179,203,223,100,111,129,164,164,267,267,282,298,298,298,59,59,87,101,101,117,117,132,151,151],"floor_reached":31,"playtime":1287,"items_purged":["Strike_B","Strike_B"],"score":269,"play_id":"1d4a50b3-cd6e-4dd5-b7a1-5c945c31a381","local_time":"20190324123807","daily_mods":["Heirloom","Uncertain Future","DeadlyEvents"],"is_ascension_mode":false,"campfire_choices":[{"data":"Scrape","floor":6,"key":"SMITH"},{"data":"Zap","floor":8,"key":"SMITH"},{"floor":15,"key":"REST"},{"data":"Scrape","floor":23,"key":"SMITH"},{"floor":28,"key":"REST"}],"neow_cost":"","seed_source_timestamp":0,"circlet_count":0,"master_deck":["Strike_B","Strike_B","Defend_B","Defend_B","Defend_B","Defend_B","Zap+1","Dualcast","Scrape+1","Go for the Eyes","Gash","Doom and Gloom","Hologram","Beam Cell","Scrape+1","Reboot","Beam Cell","Rainbow","Chill","Gash","Go for the Eyes","Steam","BootSequence","Beam Cell","Steam","Gash"],"relics":["Cracked Core","Ginger","Bronze Scales","Blue Candle","Dream Catcher","Lantern","Velvet Choker","Prayer Wheel","Girya"],"potions_floor_usage":[18,24,29,31,31,31],"damage_taken":[{"damage":0,"enemies":"2 Louse","floor":1,"turns":2},{"damage":2,"enemies":"Small Slimes","floor":3,"turns":2},{"damage":2,"enemies":"Jaw Worm","floor":4,"turns":3},{"damage":21,"enemies":"Lagavulin","floor":7,"turns":6},{"damage":11,"enemies":"Lots of Slimes","floor":10,"turns":3},{"damage":0,"enemies":"2 Fungi Beasts","floor":12,"turns":2},{"damage":7,"enemies":"Exordium Wildlife","floor":13,"turns":2},{"damage":18,"enemies":"Gremlin Nob","floor":14,"turns":4},{"damage":12,"enemies":"Slime Boss","floor":16,"turns":6},{"damage":1,"enemies":"Chosen","floor":18,"turns":3},{"damage":5,"enemies":"Spheric Guardian","floor":19,"turns":3},{"damage":36,"enemies":"Slavers","floor":24,"turns":4},{"damage":4,"enemies":"3 Cultists","floor":25,"turns":5},{"damage":0,"enemies":"Chosen and Byrds","floor":27,"turns":4},{"damage":37,"enemies":"Snecko","floor":29,"turns":6},{"damage":2,"enemies":"Centurion and Healer","floor":30,"turns":5},{"damage":26,"enemies":"Gremlin Leader","floor":31,"turns":7}],"seed_played":"7496231932620858567","potions_obtained":[{"floor":4,"key":"SpeedPotion"},{"floor":10,"key":"Ancient Potion"},{"floor":12,"key":"Dexterity Potion"},{"floor":19,"key":"Explosive Potion"},{"floor":24,"key":"AttackPotion"},{"floor":30,"key":"Weak Potion"}],"is_trial":true,"path_per_floor":["M","?","M","M","?","R","E","R","T","M","$","M","M","E","R","B",null,"M","M","?","?","$","R","E","M","T","M","R","M","M","E"],"character_chosen":"DEFECT","items_purchased":["Hologram","Go for the Eyes","Steam","BootSequence"],"campfire_rested":2,"item_purchase_floors":[11,22,22,22],"current_hp_per_floor":[75,75,73,71,71,71,50,50,50,39,39,39,32,14,36,24,75,74,69,69,69,69,69,33,29,29,29,51,14,12,0],"gold":151,"neow_bonus":"","is_prod":false,"is_daily":false,"chose_seed":false,"campfire_upgraded":3,"win_rate":0,"timestamp":1553445487,"path_taken":["M","?","M","M","?","R","E","R","T","M","$","M","M","?","R","BOSS","M","M","?","?","$","R","E","M","T","M","R","M","M","?"],"build_version":"2019-01-23","purchased_purges":2,"victory":false,"max_hp_per_floor":[75,75,75,75,75,75,75,75,75,75,75,75,75,75,75,75,75,75,75,75,75,75,75,75,75,75,75,75,75,75,75],"card_choices":[{"not_picked":["Beam Cell","Go for the Eyes"],"picked":"Scrape","floor":1},{"not_picked":["Ball Lightning","Compile Driver","Stack"],"picked":"SKIP","floor":3},{"not_picked":["Stack","Darkness"],"picked":"Go for the Eyes","floor":4},{"not_picked":["Recycle","Steam"],"picked":"Gash","floor":7},{"not_picked":["Stack","Turbo"],"picked":"Doom and Gloom","floor":10},{"not_picked":["Sunder","Barrage"],"picked":"Beam Cell","floor":12},{"not_picked":["Rebound","Streamline"],"picked":"Scrape","floor":13},{"not_picked":["Biased Cognition","Doom and Gloom"],"picked":"Reboot","floor":14},{"not_picked":["Cold Snap","Stack"],"picked":"Beam Cell","floor":15},{"not_picked":["Fission","Thunder Strike"],"picked":"Rainbow","floor":16},{"not_picked":["Sweeping Beam","Steam Power","Turbo+1"],"picked":"SKIP","floor":18},{"not_picked":["Compile Driver+1","Skim"],"picked":"Chill","floor":19},{"not_picked":["Auto Shields","Ball Lightning+1","Barrage+1"],"picked":"SKIP","floor":24},{"not_picked":["Cold Snap","Compile Driver","Aggregate"],"picked":"SKIP","floor":25},{"not_picked":["Leap+1","Rebound","Coolheaded"],"picked":"SKIP","floor":25},{"not_picked":["Turbo","Go for the Eyes"],"picked":"Beam Cell","floor":27},{"not_picked":["Barrage","Fusion","Hologram"],"picked":"SKIP","floor":27},{"not_picked":["Coolheaded","Chaos"],"picked":"Steam","floor":28},{"not_picked":["Coolheaded","Creative AI"],"picked":"Gash","floor":29},{"not_picked":["Scrape","Conserve Battery","Rip and Tear+1"],"picked":"SKIP","floor":29},{"not_picked":["Rip and Tear+1","Reinforced Body","Fusion"],"picked":"SKIP","floor":30},{"not_picked":["Turbo+1","Go for the Eyes","Force Field+1"],"picked":"SKIP","floor":30}],"player_experience":286157,"relics_obtained":[{"floor":7,"key":"Blue Candle"},{"floor":9,"key":"Dream Catcher"},{"floor":14,"key":"Lantern"},{"floor":24,"key":"Prayer Wheel"},{"floor":26,"key":"Girya"}],"event_choices":[{"damage_healed":0,"gold_gain":0,"player_choice":"Box","damage_taken":0,"relics_obtained":["Bronze Scales"],"max_hp_gain":0,"max_hp_loss":0,"event_name":"Big Fish","floor":2,"gold_loss":0,"cards_obtained":["Regret"]},{"cards_removed":["Regret"],"damage_healed":0,"gold_gain":0,"player_choice":"Removed Curses","damage_taken":0,"max_hp_gain":0,"max_hp_loss":0,"event_name":"Fountain of Cleansing","floor":5,"gold_loss":0},{"damage_healed":0,"gold_gain":0,"player_choice":"Read","damage_taken":0,"max_hp_gain":0,"max_hp_loss":0,"event_name":"The Library","floor":20,"gold_loss":0,"cards_obtained":["Gash"]},{"damage_healed":0,"gold_gain":0,"player_choice":"Ignored","damage_taken":0,"max_hp_gain":0,"max_hp_loss":0,"event_name":"Ghosts","floor":21,"gold_loss":0}],"is_beta":false,"boss_relics":[{"not_picked":["Fusion Hammer","White Beast Statue"],"picked":"Velvet Choker"}],"items_purged_floors":[11,22],"is_endless":false,"potions_floor_spawned":[4,10,12,16,19,24,30],"killed_by":"Gremlin Leader","ascension_level":0}