{"gold_per_floor":[116,126,138,151,151,184,6,25,25,25,51,69,79,89,89,193,193,213,228,228,0,0,0,11,37,37,37,56,56,155,155,155,155],"floor_reached":33,"playtime":7178,"items_purged":["Regret"],"score":279,"play_id":"b095b5b5-76f0-4ec0-9d6e-ac15213902ae","local_time":"20190811162238","is_ascension_mode":false,"campfire_choices":[{"floor":15.0,"key":"REST"},{"data":"Storm of Steel","floor":23,"key":"SMITH"},{"floor":27,"key":"REST"},{"floor":32,"key":"REST"}],"neow_cost":"NONE","seed_source_timestamp":0,"circlet_count":0,"master_deck":["Strike_G","Strike_G","Strike_G","Strike_G","Defend_G","Defend_G","Defend_G","Defend_G","Survivor","Neutralize","Dash","Acrobatics","Dagger Spray","Dagger Throw","Noxious Fumes","Bane","Blade Dance","Blur","Calculated Gamble","Outmaneuver","Terror","Storm of Steel+1","Predator+1","Expertise","Crippling Poison","Blade Dance","Dodge and Roll"],"special_seed":0,"relics":["Ring of the Snake","Orichalcum","Boot","Omamori","Dodecahedron","Torii","Eternal Feather","Lantern","Juzu Bracelet","Sundial"],"potions_floor_usage":[24,24],"damage_taken":[{"damage":0.0,"enemies":"Jaw Worm","floor":1.0,"turns":6.0},{"damage":0.0,"enemies":"2 Louse","floor":2.0,"turns":3.0},{"damage":1.0,"enemies":"Cultist","floor":3.0,"turns":4.0},{"damage":2.0,"enemies":"Blue Slaver","floor":4.0,"turns":5.0},{"damage":7.0,"enemies":"Gremlin Nob","floor":6.0,"turns":4.0},{"damage":6.0,"enemies":"Exordium Thugs","floor":8.0,"turns":5.0},{"damage":13.0,"enemies":"Lagavulin","floor":11.0,"turns":6.0},{"damage":2.0,"enemies":"Large Slime","floor":12.0,"turns":6.0},{"damage":1.0,"enemies":"3 Louse","floor":13.0,"turns":3.0},{"damage":2.0,"enemies":"Exordium Wildlife","floor":14.0,"turns":4.0},{"damage":7.0,"enemies":"Hexaghost","floor":16.0,"turns":11.0},{"damage":2.0,"enemies":"Chosen","floor":18.0,"turns":5.0},{"damage":24.0,"enemies":"Spheric Guardian","floor":19.0,"turns":6.0},{"damage":27,"enemies":"3 Cultists","floor":24,"turns":6},{"damage":41,"enemies":"Slavers","floor":25,"turns":6},{"damage":42,"enemies":"Sentry and Sphere","floor":28,"turns":8},{"damage":69,"enemies":"Collector","floor":33,"turns":7}],"seed_played":"-7937257883630854245","potions_obtained":[{"floor":1.0,"key":"LiquidBronze"},{"floor":2.0,"key":"PowerPotion"},{"floor":8.0,"key":"Poison Potion"},{"floor":13.0,"key":"Energy Potion"},{"floor":16.0,"key":"Poison Potion"},{"floor":19.0,"key":"SpeedPotion"},{"floor":20.0,"key":"FairyPotion"}],"is_trial":false,"path_per_floor":["M","M","M","M","?","E","$","M","T","?","E","M","M","M","R","B",null,"M","M","?","$","?","R","M","E","T","R","M","?","?","?","R","B"],"character_chosen":"THE_SILENT","items_purchased":["Bane","Block Potion","Lantern","Expertise"],"campfire_rested":3,"item_purchase_floors":[7,7,21,21],"current_hp_per_floor":[70,70,69,67,67,60,60,54,54,54,41,39,38,36,57,50,70,68,44,44,44,44,59,32,7,7,43,1,24,24,24,60,0],"gold":155,"neow_bonus":"RANDOM_COMMON_RELIC","is_prod":false,"is_daily":false,"chose_seed":false,"campfire_upgraded":1,"win_rate":0,"timestamp":1565558558,"path_taken":["M","M","M","M","?","E","$","M","T","?","E","M","M","?","R","BOSS","M","?","?","?","?","R","M","E","T","R","M","?","?","?","R","BOSS"],"build_version":"2019-07-05","purchased_purges":1,"victory":false,"max_hp_per_floor":[70,70,70,70,70,70,70,70,70,70,70,70,70,70,70,70,70,70,70,70,70,70,70,70,70,70,70,70,70,70,70,70,70],"card_choices":[{"not_picked":["Masterful Stab","Riddle With Holes"],"picked":"Dash","floor":1.0},{"not_picked":["Finisher","Accuracy"],"picked":"Acrobatics","floor":2.0},{"not_picked":["Catalyst","Dodge and Roll"],"picked":"Dagger Spray","floor":3.0},{"not_picked":["Eviscerate","Flying Knee"],"picked":"Dagger Throw","floor":4.0},{"not_picked":["Backstab","Deadly Poison"],"picked":"Noxious Fumes","floor":6.0},{"not_picked":["Flying Knee","Acrobatics"],"picked":"Blade Dance","floor":8.0},{"not_picked":["A Thousand Cuts","Finisher"],"picked":"Blur","floor":11.0},{"not_picked":["Dagger Spray","Dagger Throw"],"picked":"Calculated Gamble","floor":12.0},{"not_picked":["Sucker Punch","Slice"],"picked":"Outmaneuver","floor":13.0},{"not_picked":["Predator","Escape Plan"],"picked":"Terror","floor":14.0},{"not_picked":["Doppelganger","Burst"],"picked":"Storm of Steel","floor":16.0},{"not_picked":["Outmaneuver","PiercingWail"],"picked":"Predator+1","floor":19.0},{"not_picked":["Dodge and Roll","Dash","Blade Dance"],"picked":"SKIP","floor":24},{"not_picked":["Dagger Throw+1","Slice"],"picked":"Crippling Poison","floor":25},{"not_picked":["Flying Knee+1","Flechettes+1"],"picked":"Blade Dance","floor":28}],"player_experience":257395,"relics_obtained":[{"floor":6.0,"key":"Omamori"},{"floor":9.0,"key":"Dodecahedron"},{"floor":11.0,"key":"Torii"},{"floor":25,"key":"Juzu Bracelet"},{"floor":26,"key":"Sundial"}],"event_choices":[{"damage_healed":0.0,"max_hp_gain":0.0,"max_hp_loss":0.0,"gold_gain":0.0,"event_name":"Big Fish","player_choice":"Box","floor":5.0,"gold_loss":0.0,"damage_taken":0.0,"relics_obtained":["Boot"],"cards_obtained":["Regret"]},{"damage_healed":0.0,"max_hp_gain":0.0,"max_hp_loss":0.0,"gold_gain":0.0,"event_name":"Shining Light","player_choice":"Ignored","floor":10.0,"gold_loss":0.0,"damage_taken":0.0},{"damage_healed":0.0,"max_hp_gain":0.0,"max_hp_loss":0.0,"gold_gain":0.0,"event_name":"Lab","player_choice":"Got Potions","floor":20.0,"gold_loss":0.0,"damage_taken":0.0},{"cards_removed":["Defend_G"],"damage_healed":0.0,"max_hp_gain":0.0,"max_hp_loss":0.0,"gold_gain":0.0,"event_name":"Back to Basics","player_choice":"Elegance","floor":22.0,"gold_loss":0.0,"damage_taken":0.0},{"damage_healed":23,"gold_gain":0,"player_choice":"Heal","damage_taken":0,"max_hp_gain":0,"max_hp_loss":0,"event_name":"The Library","floor":29,"gold_loss":0},{"damage_healed":0,"gold_gain":99,"player_choice":"Stole From Cult","damage_taken":0,"max_hp_gain":0,"max_hp_loss":0,"event_name":"Nest","floor":30,"gold_loss":0},{"damage_healed":0,"gold_gain":0,"cards_transformed":["Strike_G"],"player_choice":"Transformed","damage_taken":0,"max_hp_gain":0,"max_hp_loss":0,"event_name":"Transmorgrifier","floor":31,"gold_loss":0,"cards_obtained":["Dodge and Roll"]}],"is_beta":false,"boss_relics":[{"not_picked":["Calling Bell","Black Star"],"picked":"Eternal Feather"}],"items_purged_floors":[7],"is_endless":false,"potions_floor_spawned":[1,2,8,13,16,19],"killed_by":"Collector","ascension_level":0}