{"gold_per_floor":[118,133,133,6,6,70,81,81,106,137,149,171,183,205,217,229],"floor_reached":16,"playtime":459,"items_purged":["Strike_R"],"score":151,"play_id":"181abd58-260f-45fe-a1c4-985fb23e85ba","local_time":"20180927124700","is_ascension_mode":true,"campfire_choices":[{"data":"Body Slam","floor":11,"key":"SMITH"},{"floor":15,"key":"REST"}],"neow_cost":"NONE","seed_source_timestamp":487551151463846,"circlet_count":0,"master_deck":["Strike_R","Strike_R","Defend_R","Defend_R","Defend_R","Defend_R","Bash","Battle Trance","Pommel Strike","True Grit","Body Slam+1","Cleave","Twin Strike","Whirlwind"],"relics":["Burning Blood","NeowsBlessing","Tiny Chest","Omamori","MawBank"],"potions_floor_usage":[13,16],"damage_taken":[{"damage":0,"enemies":"Jaw Worm","floor":1,"turns":1},{"damage":0,"enemies":"2 Louse","floor":2,"turns":1},{"damage":0,"enemies":"3 Sentries","floor":6,"turns":2},{"damage":1,"enemies":"Cultist","floor":7,"turns":4},{"damage":57,"enemies":"Gremlin Nob","floor":10,"turns":6},{"damage":7,"enemies":"Blue Slaver","floor":12,"turns":4},{"damage":0,"enemies":"Gremlin Gang","floor":13,"turns":1},{"damage":0,"enemies":"3 Louse","floor":14,"turns":3},{"damage":40,"enemies":"Hexaghost","floor":16,"turns":10}],"seed_played":"-7701654230829826972","potions_obtained":[{"floor":7,"key":"SkillPotion"},{"floor":12,"key":"SmokeBomb"}],"is_trial":false,"path_per_floor":["M","M","?","$","?","E","M","?","T","E","R","M","M","M","R"],"character_chosen":"IRONCLAD","items_purchased":["True Grit"],"campfire_rested":1,"item_purchase_floors":[4],"current_hp_per_floor":[80,80,73,73,73,79,80,80,80,29,29,28,34,40,64,24],"gold":229,"neow_bonus":"THREE_ENEMY_KILL","is_prod":false,"is_daily":false,"chose_seed":false,"campfire_upgraded":1,"win_rate":0,"timestamp":1538066820,"path_taken":["M","M","?","$","?","E","?","?","T","E","R","M","M","M","R","BOSS"],"build_version":"2018-09-20","purchased_purges":1,"victory":false,"max_hp_per_floor":[80,80,80,80,80,80,80,80,80,80,80,80,80,80,80,80],"card_choices":[{"not_picked":["Clash","Perfected Strike"],"picked":"Battle Trance","floor":1},{"not_picked":["Headbutt","Clash"],"picked":"Pommel Strike","floor":2},{"not_picked":["Havoc","Second Wind","Hemokinesis"],"picked":"SKIP","floor":6},{"not_picked":["Heavy Blade","Shockwave"],"picked":"Body Slam","floor":7},{"not_picked":["Ghostly Armor","Body Slam"],"picked":"Cleave","floor":10},{"not_picked":["Dropkick","Wild Strike"],"picked":"Twin Strike","floor":12},{"not_picked":["Immolate","Shrug It Off"],"picked":"Whirlwind","floor":14}],"player_experience":203103,"relics_obtained":[{"floor":6,"key":"Tiny Chest"},{"floor":9,"key":"Omamori"},{"floor":10,"key":"MawBank"}],"event_choices":[{"event_name":"Golden Wing","player_choice":"Card Removal","floor":3,"damage_taken":0},{"event_name":"Bonfire Elementals","player_choice":"BASIC","floor":5,"damage_taken":0},{"event_name":"Liars Game","player_choice":"disagreed","floor":8,"damage_taken":0}],"is_beta":false,"boss_relics":[],"items_purged_floors":[4],"is_endless":false,"potions_floor_spawned":[7,12,13],"killed_by":"Hexaghost","ascension_level":2}