{"gold_per_floor":[18,18,30,44,44,44,78,78,78,78,92,17,17,44,44,44],"floor_reached":16,"playtime":728,"items_purged":["Strike_R"],"score":119,"play_id":"811f6df1-883d-41b2-9207-e3574a6a0cf2","local_time":"20180926174856","is_ascension_mode":true,"campfire_choices":[{"data":"Body Slam","floor":6,"key":"SMITH"},{"data":"Body Slam","floor":8,"key":"SMITH"},{"floor":15,"key":"REST"}],"neow_cost":"NO_GOLD","seed_source_timestamp":416127825986979,"circlet_count":0,"master_deck":["Strike_R","Strike_R","Defend_R","Defend_R","Defend_R","Defend_R","Bash","Body Slam+1","Shrug It Off","Body Slam+1","Pommel Strike","Demon Form"],"relics":["Burning Blood","Calipers","Mercury Hourglass","Bottled Lightning","Question Card"],"potions_floor_usage":[],"damage_taken":[{"damage":3,"enemies":"2 Louse","floor":1,"turns":4},{"damage":3,"enemies":"Jaw Worm","floor":3,"turns":5},{"damage":8,"enemies":"Small Slimes","floor":4,"turns":6},{"damage":39,"enemies":"Lagavulin","floor":7,"turns":8},{"damage":0,"enemies":"2 Fungi Beasts","floor":11,"turns":2},{"damage":43,"enemies":"Gremlin Nob","floor":14,"turns":5},{"damage":36,"enemies":"Slime Boss","floor":16,"turns":8}],"seed_played":"8942941405543877124","potions_obtained":[{"floor":1,"key":"Dexterity Potion"},{"floor":14,"key":"LiquidBronze"}],"is_trial":false,"path_per_floor":["M","?","M","M","?","R","E","R","T","?","M","$","$","E","R"],"character_chosen":"IRONCLAD","items_purchased":[],"campfire_rested":1,"item_purchase_floors":[],"current_hp_per_floor":[80,73,76,74,74,74,41,41,41,41,47,47,47,10,34,0],"gold":44,"neow_bonus":"REMOVE_TWO","is_prod":false,"is_daily":false,"chose_seed":false,"campfire_upgraded":2,"win_rate":0,"timestamp":1537998536,"path_taken":["M","?","M","M","?","R","E","R","T","?","M","?","$","E","R","BOSS"],"build_version":"2018-09-20","purchased_purges":1,"victory":false,"max_hp_per_floor":[80,80,80,80,80,80,80,80,80,80,80,80,80,80,80,80],"card_choices":[{"not_picked":["Dropkick","Anger"],"picked":"Body Slam","floor":1},{"not_picked":["Metallicize","Burning Pact"],"picked":"Shrug It Off","floor":3},{"not_picked":["Armaments","Sword Boomerang"],"picked":"Body Slam","floor":4},{"not_picked":["Spot Weakness","Thunderclap","Rupture"],"picked":"SKIP","floor":7},{"not_picked":["Cleave","Warcry"],"picked":"Pommel Strike","floor":11},{"not_picked":["Clash","Corruption"],"picked":"Demon Form","floor":14}],"player_experience":196754,"relics_obtained":[{"floor":7,"key":"Mercury Hourglass"},{"floor":9,"key":"Bottled Lightning"},{"floor":14,"key":"Question Card"}],"event_choices":[{"event_name":"Scrap Ooze","player_choice":"success","floor":2,"damage_taken":7},{"event_name":"The Cleric","player_choice":"Leave","floor":5,"damage_taken":0},{"event_name":"Shining Light","player_choice":"Ignored","floor":10,"damage_taken":0}],"is_beta":false,"boss_relics":[],"items_purged_floors":[12],"is_endless":false,"potions_floor_spawned":[1,14],"killed_by":"Slime Boss","ascension_level":2}