{"gold_per_floor":[116,116,130,61,61,61,61,61,61,61,93,107,107,32,32,133,183,202,24,24,41,41,41],"floor_reached":23,"playtime":1201,"items_purged":["Strike_B","Defend_B"],"score":222,"play_id":"02606fbb-5137-4895-a551-ffaee3044b23","local_time":"20190928204004","is_ascension_mode":true,"campfire_choices":[{"data":"Core Surge","floor":6,"key":"SMITH"},{"data":"Steam","floor":8,"key":"SMITH"},{"floor":10,"key":"REST"},{"data":"Echo Form","floor":13,"key":"SMITH"},{"floor":15,"key":"REST"}],"neow_cost":"NONE","seed_source_timestamp":715649831767500,"circlet_count":0,"master_deck":["Strike_B","Defend_B+1","Defend_B","Defend_B+1","Zap","Dualcast","Steam+1","Gash","Core Surge+1","Echo Form+1","Leap+1","Reboot","Loop","Defragment","RitualDagger","Steam+1"],"relics":["Cracked Core","Gambling Chip","Dodecahedron","WingedGreaves","Tiny House"],"potions_floor_usage":[0,23,23,23],"damage_taken":[{"damage":1,"enemies":"Small Slimes","floor":1,"turns":3},{"damage":1,"enemies":"Cultist","floor":3,"turns":4},{"damage":12,"enemies":"3 Sentries","floor":11,"turns":7},{"damage":0,"enemies":"2 Louse","floor":12,"turns":2},{"damage":39,"enemies":"Hexaghost","floor":16,"turns":11},{"damage":35,"enemies":"Chosen","floor":18,"turns":6},{"damage":0,"enemies":"Spheric Guardian","floor":21,"turns":5},{"damage":60,"enemies":"Book of Stabbing","floor":23,"turns":10}],"seed_played":"580353657107571761","potions_obtained":[{"floor":0,"key":"EssenceOfSteel"},{"floor":0,"key":"Fruit Juice"},{"floor":0,"key":"Weak Potion"},{"floor":3,"key":"Regen Potion"},{"floor":17,"key":"Block Potion"}],"is_trial":false,"path_per_floor":["M","?","M","$","?","R","T","R","T","R","E","M","R","$","R","B",null,"M","$","?","M","?","E"],"character_chosen":"DEFECT","items_purchased":["Core Surge","Defragment"],"campfire_rested":2,"item_purchase_floors":[4,19],"current_hp_per_floor":[79,79,78,78,62,62,62,62,62,80,68,68,68,68,80,41,85,50,50,44,44,44,0],"gold":41,"neow_bonus":"THREE_SMALL_POTIONS","is_prod":false,"is_daily":false,"chose_seed":false,"campfire_upgraded":3,"win_rate":0,"timestamp":1569717604,"path_taken":["M","?","?","$","?","R","?","R","T","R","E","M","R","$","R","BOSS","M","$","?","M","?","E"],"build_version":"2019-07-17","purchased_purges":2,"victory":false,"max_hp_per_floor":[80,80,80,80,80,80,80,80,80,80,80,80,80,80,80,80,85,85,85,85,85,85,85],"card_choices":[{"not_picked":["Tempest","Hologram"],"picked":"Steam","floor":1},{"not_picked":["Cold Snap","Redo"],"picked":"Gash","floor":3},{"not_picked":["Lockon","Chaos"],"picked":"Echo Form","floor":11},{"not_picked":["Hello World","Streamline"],"picked":"Leap","floor":12},{"not_picked":["Echo Form","Rainbow"],"picked":"Reboot","floor":16},{"not_picked":["Auto Shields","Heatsinks"],"picked":"Loop","floor":17},{"not_picked":["Stack","Rip and Tear","Rebound"],"picked":"SKIP","floor":18},{"not_picked":["Turbo","Coolheaded"],"picked":"Steam+1","floor":21}],"player_experience":320405,"relics_obtained":[{"floor":7,"key":"Gambling Chip"},{"floor":9,"key":"Dodecahedron"},{"floor":11,"key":"WingedGreaves"}],"event_choices":[{"cards_removed":["Strike_B"],"damage_healed":0,"gold_gain":0,"player_choice":"Purged","damage_taken":0,"max_hp_gain":0,"max_hp_loss":0,"event_name":"Purifier","floor":2,"gold_loss":0},{"damage_healed":0,"gold_gain":0,"player_choice":"Entered Light","damage_taken":16,"max_hp_gain":0,"max_hp_loss":0,"event_name":"Shining Light","floor":5,"gold_loss":0,"cards_upgraded":["Defend_B","Defend_B"]},{"damage_healed":0,"gold_gain":0,"player_choice":"Joined the Cult","damage_taken":6,"max_hp_gain":0,"max_hp_loss":0,"event_name":"Nest","floor":20,"gold_loss":0,"cards_obtained":["RitualDagger"]},{"cards_removed":["Strike_B"],"damage_healed":0,"gold_gain":0,"player_choice":"Elegance","damage_taken":0,"max_hp_gain":0,"max_hp_loss":0,"event_name":"Back to Basics","floor":22,"gold_loss":0}],"is_beta":false,"boss_relics":[{"not_picked":["Philosopher\u0027s Stone","Nuclear Battery"],"picked":"Tiny House"}],"items_purged_floors":[14,19],"is_endless":false,"potions_floor_spawned":[3,12,18,21],"killed_by":"Book of Stabbing","ascension_level":4}