{"gold_per_floor":[117,25,25,38,38,38,66,86,86,86,105,115,115,143,143,244,244,263,110,110,120,131,166,166,195,221,221,241,254,271,335,335,432,432,449,459,459,63,80,80,109,109,109,124,153,171,121,121,121,121],"floor_reached":51,"playtime":2029,"items_purged":["Undo","BootSequence","Double Energy"],"score":1090,"play_id":"d1931c76-2d66-4bd7-bf9b-1bc431ffddc8","local_time":"20181011174945","daily_mods":["SealedDeck","Time Dilation","Lethality"],"is_ascension_mode":true,"campfire_choices":[{"data":"Cold Snap","floor":6,"key":"SMITH"},{"data":"Blizzard","floor":10,"key":"SMITH"},{"data":"Coolheaded","floor":13,"key":"SMITH"},{"data":"Cold Snap","floor":15,"key":"SMITH"},{"data":"Blizzard","floor":24,"key":"SMITH"},{"data":"Defragment","floor":27,"key":"SMITH"},{"floor":32,"key":"REST"},{"data":"Chill","floor":40,"key":"SMITH"},{"data":"Cold Snap","floor":42,"key":"SMITH"},{"data":"1","floor":49,"key":"LIFT"}],"neow_cost":"","seed_source_timestamp":66086366180606,"circlet_count":0,"master_deck":["Cold Snap","Cold Snap+1","Conserve Battery","Conserve Battery","Self Repair","Sunder","Leap","Cold Snap+1","BootSequence","Blizzard+1","Coolheaded+1","Cold Snap+1","Chill+1","Defragment+1","Blizzard+1","Capacitor+1","Consume+1","Coolheaded+1"],"relics":["Cracked Core","Strawberry","Regal Pillow","Shuriken","Mummified Hand","Ornamental Fan","Busted Crown","Oddly Smooth Stone","Smiling Mask","Bag of Marbles","Tiny Chest","White Beast Statue","Runic Capacitor","Vajra","Question Card","Pantograph","Girya"],"potions_floor_usage":[18,18,25,50,50],"damage_taken":[{"damage":0,"enemies":"Cultist","floor":1,"turns":2},{"damage":7,"enemies":"2 Louse","floor":4,"turns":3},{"damage":0,"enemies":"3 Sentries","floor":7,"turns":7},{"damage":0,"enemies":"Small Slimes","floor":8,"turns":3},{"damage":0,"enemies":"3 Louse","floor":11,"turns":2},{"damage":1,"enemies":"Exordium Wildlife","floor":12,"turns":2},{"damage":40,"enemies":"Gremlin Nob","floor":14,"turns":5},{"damage":19,"enemies":"The Guardian","floor":16,"turns":9},{"damage":37,"enemies":"3 Byrds","floor":18,"turns":3},{"damage":0,"enemies":"Chosen","floor":21,"turns":5},{"damage":1,"enemies":"Centurion and Healer","floor":22,"turns":5},{"damage":10,"enemies":"Slavers","floor":23,"turns":3},{"damage":0,"enemies":"Book of Stabbing","floor":25,"turns":4},{"damage":0,"enemies":"3 Cultists","floor":28,"turns":4},{"damage":0,"enemies":"Cultist and Chosen","floor":29,"turns":6},{"damage":0,"enemies":"Centurion and Healer","floor":30,"turns":4},{"damage":41,"enemies":"Slavers","floor":31,"turns":3},{"damage":0,"enemies":"Champ","floor":33,"turns":10},{"damage":12,"enemies":"Orb Walker","floor":35,"turns":3},{"damage":3,"enemies":"3 Darklings","floor":36,"turns":5},{"damage":26,"enemies":"Sphere and 2 Shapes","floor":39,"turns":4},{"damage":6,"enemies":"Giant Head","floor":41,"turns":10},{"damage":1,"enemies":"Spire Growth","floor":44,"turns":4},{"damage":23,"enemies":"2 Orb Walkers","floor":45,"turns":5},{"damage":0,"enemies":"4 Shapes","floor":46,"turns":4},{"damage":0,"enemies":"Awakened One","floor":50,"turns":11}],"seed_played":"-7422932508842408418","potions_obtained":[{"floor":1,"key":"Energy Potion"},{"floor":4,"key":"Explosive Potion"},{"floor":8,"key":"LiquidBronze"},{"floor":18,"key":"Ancient Potion"},{"floor":22,"key":"Swift Potion"},{"floor":30,"key":"SpeedPotion"},{"floor":35,"key":"Dexterity Potion"},{"floor":45,"key":"FocusPotion"}],"is_trial":true,"path_per_floor":["M","$","?","M","?","R","E","M","T","R","M","M","R","E","R","B",null,"M","$","?","M","M","E","R","E","T","R","M","M","M","E","R","B",null,"M","M","?","$","M","R","E","R","T","M","E","M","$","?","R","B"],"character_chosen":"DEFECT","items_purchased":["Cold Snap","BootSequence","Defragment","Runic Capacitor","Vajra"],"campfire_rested":1,"item_purchase_floors":[2,2,19,38,38],"current_hp_per_floor":[75,75,82,82,75,75,82,82,82,82,82,82,82,49,49,37,82,45,45,45,52,58,55,55,62,62,62,69,76,82,48,82,82,82,77,81,81,81,55,55,56,56,56,62,46,53,53,53,53,78],"gold":121,"neow_bonus":"","is_prod":false,"is_daily":false,"chose_seed":false,"campfire_upgraded":8,"win_rate":0,"timestamp":1539294585,"path_taken":["M","?","?","M","?","R","E","M","T","R","M","?","R","E","R","BOSS","M","$","?","M","M","E","R","E","T","R","M","M","M","E","R","BOSS","M","?","?","$","M","R","E","R","T","M","E","?","$","?","R","BOSS"],"build_version":"2018-10-04v2","purchased_purges":3,"victory":true,"max_hp_per_floor":[75,75,82,82,82,82,82,82,82,82,82,82,82,82,82,82,82,82,82,82,82,82,82,82,82,82,82,82,82,82,82,82,82,82,82,82,82,82,82,82,82,82,82,82,82,82,82,78,78,78],"card_choices":[{"not_picked":["Reprogram","Steam"],"picked":"Leap","floor":1},{"not_picked":["Turbo","Reprogram","Rebound"],"picked":"SKIP","floor":4},{"not_picked":["Darkness","Steam Power"],"picked":"Blizzard","floor":7},{"not_picked":["Conserve Battery","Gash"],"picked":"Coolheaded","floor":8},{"not_picked":["Reprogram","Leap","Tempest"],"picked":"SKIP","floor":11},{"not_picked":["Force Field","Static Discharge"],"picked":"Cold Snap","floor":12},{"not_picked":["Genetic Algorithm","Multi-Cast","Rebound"],"picked":"SKIP","floor":14},{"not_picked":[],"picked":"Chill","floor":18},{"not_picked":["Rebound"],"picked":"SKIP","floor":21},{"not_picked":[],"picked":"Blizzard","floor":22},{"not_picked":["Barrage+1"],"picked":"SKIP","floor":23},{"not_picked":[],"picked":"Capacitor+1","floor":25},{"not_picked":["Redo+1"],"picked":"SKIP","floor":28},{"not_picked":["Redo+1"],"picked":"SKIP","floor":29},{"not_picked":["Compile Driver"],"picked":"SKIP","floor":30},{"not_picked":[],"picked":"Consume+1","floor":31},{"not_picked":["Conserve Battery+1"],"picked":"SKIP","floor":35},{"not_picked":["Fusion"],"picked":"SKIP","floor":36},{"not_picked":["Reinforced Body+1"],"picked":"SKIP","floor":39},{"not_picked":["Lockon+1"],"picked":"SKIP","floor":41},{"not_picked":["Steam+1","Scrape+1"],"picked":"SKIP","floor":44},{"not_picked":["Leap+1"],"picked":"Coolheaded+1","floor":45},{"not_picked":["Compile Driver+1","Chill"],"picked":"SKIP","floor":46}],"player_experience":227416,"relics_obtained":[{"floor":7,"key":"Shuriken"},{"floor":9,"key":"Mummified Hand"},{"floor":14,"key":"Ornamental Fan"},{"floor":23,"key":"Oddly Smooth Stone"},{"floor":25,"key":"Smiling Mask"},{"floor":26,"key":"Bag of Marbles"},{"floor":31,"key":"Tiny Chest"},{"floor":41,"key":"Question Card"},{"floor":43,"key":"Pantograph"},{"floor":45,"key":"Girya"}],"event_choices":[{"event_name":"WeMeetAgain","player_choice":"Card","floor":3,"damage_taken":0},{"event_name":"Scrap Ooze","player_choice":"success","floor":5,"damage_taken":7},{"event_name":"Vampires","player_choice":"Ignored","floor":20,"damage_taken":0},{"event_name":"Tomb of Lord Red Mask","player_choice":"Ignored","floor":37,"damage_taken":0},{"event_name":"Winding Halls","player_choice":"Max HP","floor":48,"damage_taken":0}],"is_beta":false,"boss_relics":[{"not_picked":["Fusion Hammer","Sozu"],"picked":"Busted Crown"},{"not_picked":["Astrolabe","Pandora\u0027s Box"],"picked":"White Beast Statue"}],"items_purged_floors":[19,38,47],"is_endless":false,"potions_floor_spawned":[1,4,8,12,18,22,30,35,36,39,41,44,45,46],"ascension_level":2}