{"gold_per_floor":[119,135,151,165,181,206,221,221],"floor_reached":8,"playtime":2088,"items_purged":[],"score":65,"play_id":"7b5152e3-6c7e-4bd0-8b2e-e335a42a7b18","local_time":"20190816144539","is_ascension_mode":true,"campfire_choices":[],"neow_cost":"CURSE","seed_source_timestamp":169338927197900,"circlet_count":0,"master_deck":["Strike_R","Strike_R","Strike_R","Strike_R","Strike_R","Defend_R","Defend_R","Defend_R","Defend_R","Bash","Decay","Demon Form","Uppercut","Spot Weakness","Ghostly Armor","Evolve","Warcry","Flame Barrier","Clothesline"],"relics":["Burning Blood","Regal Pillow"],"potions_floor_usage":[4,6],"damage_taken":[{"damage":4,"enemies":"2 Louse","floor":1,"turns":4},{"damage":6,"enemies":"Cultist","floor":2,"turns":4},{"damage":9,"enemies":"Jaw Worm","floor":3,"turns":5},{"damage":16,"enemies":"Lots of Slimes","floor":4,"turns":6},{"damage":20,"enemies":"Large Slime","floor":5,"turns":6},{"damage":44,"enemies":"3 Sentries","floor":6,"turns":7},{"damage":9,"enemies":"Red Slaver","floor":7,"turns":5},{"damage":18,"enemies":"Lagavulin","floor":8,"turns":5}],"seed_played":"-7517938187417352817","potions_obtained":[{"floor":2,"key":"SkillPotion"},{"floor":5,"key":"Strength Potion"},{"floor":7,"key":"SpeedPotion"}],"is_trial":false,"path_per_floor":["M","M","M","M","M","E","M","E"],"character_chosen":"IRONCLAD","items_purchased":[],"campfire_rested":0,"item_purchase_floors":[],"current_hp_per_floor":[80,80,77,67,53,15,12,0],"gold":221,"neow_bonus":"THREE_RARE_CARDS","is_prod":false,"is_daily":false,"chose_seed":false,"campfire_upgraded":0,"win_rate":0,"timestamp":1565984739,"path_taken":["M","M","M","M","M","E","M","E"],"build_version":"2019-07-05","purchased_purges":0,"victory":false,"max_hp_per_floor":[80,80,80,80,80,80,80,80],"card_choices":[{"not_picked":["Double Tap","Bludgeon"],"picked":"Demon Form","floor":0},{"not_picked":["Cleave","Sever Soul"],"picked":"Uppercut","floor":1},{"not_picked":["Havoc","Second Wind"],"picked":"Spot Weakness","floor":2},{"not_picked":["Corruption","Havoc"],"picked":"Ghostly Armor","floor":3},{"not_picked":["Pommel Strike","Searing Blow"],"picked":"Evolve","floor":4},{"not_picked":["Whirlwind","Body Slam"],"picked":"Warcry","floor":5},{"not_picked":["Entrench","Evolve"],"picked":"Flame Barrier","floor":6},{"not_picked":["True Grit","Hemokinesis"],"picked":"Clothesline","floor":7}],"player_experience":368509,"relics_obtained":[{"floor":6,"key":"Regal Pillow"}],"event_choices":[],"is_beta":false,"boss_relics":[],"items_purged_floors":[],"is_endless":false,"potions_floor_spawned":[2,5,7],"killed_by":"Lagavulin","ascension_level":1}