{"gold_per_floor":[115,125,125,2,2,43,59,79,79,114,128,148,172,203,203,328,328,349,30,43,43,68,109,124,124,124,124,0,21,36,61,61,61],"floor_reached":33,"playtime":4200,"items_purged":["Doubt"],"score":338,"play_id":"330254e8-66df-4c6c-9843-73dd149b4fd6","local_time":"20190809020544","is_ascension_mode":false,"campfire_choices":[{"data":"Ghostly Armor","floor":15,"key":"SMITH"},{"floor":25,"key":"REST"},{"floor":32,"key":"REST"}],"neow_cost":"CURSE","seed_source_timestamp":14041428531900,"circlet_count":0,"master_deck":["Strike_R","Strike_R","Strike_R","Defend_R","Defend_R","Defend_R","Bash","Bludgeon","Warcry","Sword Boomerang","Thunderclap","Ghostly Armor+1","Shrug It Off","True Grit","Warcry","Pommel Strike","Shrug It Off","Immolate","Thunderclap","Fiend Fire","Reckless Charge+1","Fire Breathing+1","Battle Trance+1","Power Through","Second Wind","Body Slam+1","Dark Shackles","Flame Barrier","Armaments+1","Havoc","Double Tap"],"relics":["Burning Blood","Golden Idol","Mercury Hourglass","Sundial","Paper Frog","Omamori","Astrolabe","Membership Card","Tiny Chest","Boot","Dream Catcher","Nunchaku"],"potions_floor_usage":[6,6,10,10,16,16,18,23,24,27,27,31,31,33],"damage_taken":[{"damage":0,"enemies":"Small Slimes","floor":1,"turns":3},{"damage":0,"enemies":"Cultist","floor":2,"turns":2},{"damage":23,"enemies":"Gremlin Nob","floor":6,"turns":4},{"damage":11,"enemies":"Jaw Worm","floor":7,"turns":2},{"damage":5,"enemies":"2 Fungi Beasts","floor":8,"turns":3},{"damage":0,"enemies":"3 Sentries","floor":10,"turns":7},{"damage":4,"enemies":"Blue Slaver","floor":11,"turns":3},{"damage":19,"enemies":"Exordium Thugs","floor":12,"turns":4},{"damage":0,"enemies":"Exordium Wildlife","floor":13,"turns":3},{"damage":16,"enemies":"Gremlin Nob","floor":14,"turns":3},{"damage":22,"enemies":"Hexaghost","floor":16,"turns":9},{"damage":0,"enemies":"3 Byrds","floor":18,"turns":2},{"damage":8,"enemies":"Chosen","floor":20,"turns":5},{"damage":22,"enemies":"Snake Plant","floor":22,"turns":6},{"damage":18,"enemies":"Gremlin Leader","floor":23,"turns":4},{"damage":23,"enemies":"Snecko","floor":24,"turns":4},{"damage":52,"enemies":"Slavers","floor":27,"turns":4},{"damage":5,"enemies":"Sentry and Sphere","floor":29,"turns":3},{"damage":9,"enemies":"Centurion and Healer","floor":30,"turns":3},{"damage":10,"enemies":"Snake Plant","floor":31,"turns":3},{"damage":75,"enemies":"Collector","floor":33,"turns":7}],"seed_played":"-8884172055531435985","potions_obtained":[{"floor":5,"key":"SmokeBomb"},{"floor":5,"key":"LiquidBronze"},{"floor":6,"key":"EssenceOfSteel"},{"floor":7,"key":"Energy Potion"},{"floor":11,"key":"Energy Potion"},{"floor":14,"key":"SkillPotion"},{"floor":16,"key":"Explosive Potion"},{"floor":18,"key":"SkillPotion"},{"floor":22,"key":"Ancient Potion"},{"floor":24,"key":"Regen Potion"},{"floor":29,"key":"EssenceOfSteel"},{"floor":30,"key":"LiquidBronze"},{"floor":31,"key":"BloodPotion"}],"is_trial":false,"path_per_floor":["M","M","?","$","?","E","M","M","T","E","M","M","M","E","R","B",null,"M","$","M","T","M","E","M","R","T","E","$","M","M","M","R","B"],"character_chosen":"IRONCLAD","items_purchased":["EssenceOfSteel","Thunderclap","Power Through","Membership Card","Tiny Chest","Dark Shackles","Flame Barrier"],"campfire_rested":2,"item_purchase_floors":[4,4,19,19,19,28,28],"current_hp_per_floor":[80,80,60,60,60,43,38,39,39,45,47,34,40,30,30,14,80,80,80,78,78,62,50,33,57,57,23,23,24,21,17,41,0],"gold":61,"neow_bonus":"THREE_RARE_CARDS","is_prod":false,"is_daily":false,"chose_seed":false,"campfire_upgraded":1,"win_rate":0,"timestamp":1565334344,"path_taken":["M","M","?","$","?","E","M","M","T","E","M","M","M","E","R","BOSS","M","$","M","?","M","E","?","R","T","E","?","M","M","?","R","BOSS"],"build_version":"2019-07-05","purchased_purges":1,"victory":false,"max_hp_per_floor":[80,80,80,80,80,80,80,80,80,80,80,80,80,80,80,80,80,80,80,80,80,80,80,80,80,80,80,80,80,80,80,80,80],"card_choices":[{"not_picked":["Limit Break","Impervious"],"picked":"Bludgeon","floor":0},{"not_picked":["Cleave","Twin Strike"],"picked":"Warcry","floor":1},{"not_picked":["Battle Trance","Rage"],"picked":"Sword Boomerang","floor":2},{"not_picked":["True Grit","Headbutt"],"picked":"Ghostly Armor","floor":6},{"not_picked":["Clash","Bloodletting"],"picked":"Shrug It Off","floor":7},{"not_picked":["Cleave","Flex"],"picked":"True Grit","floor":8},{"not_picked":["Clothesline","Metallicize"],"picked":"Warcry","floor":10},{"not_picked":["Hemokinesis","Headbutt"],"picked":"Pommel Strike","floor":11},{"not_picked":["Clothesline","Iron Wave"],"picked":"Shrug It Off","floor":12},{"not_picked":["Iron Wave","Inflame"],"picked":"Immolate","floor":13},{"not_picked":["Rampage","Body Slam"],"picked":"Thunderclap","floor":14},{"not_picked":["Dark Embrace","Limit Break"],"picked":"Fiend Fire","floor":16},{"not_picked":["Wild Strike","Iron Wave+1","Searing Blow"],"picked":"SKIP","floor":18},{"not_picked":["Sword Boomerang","Anger","Reckless Charge"],"picked":"SKIP","floor":20},{"not_picked":["Flex","Fire Breathing","Clash"],"picked":"SKIP","floor":22},{"not_picked":["Dual Wield","Heavy Blade"],"picked":"Second Wind","floor":23},{"not_picked":["Perfected Strike","Disarm","Power Through+1"],"picked":"SKIP","floor":24},{"not_picked":["True Grit","Spot Weakness"],"picked":"Body Slam+1","floor":25},{"not_picked":["Body Slam","Warcry"],"picked":"Armaments+1","floor":29},{"not_picked":["Headbutt","Pommel Strike+1","Rampage"],"picked":"SKIP","floor":30},{"not_picked":["Twin Strike","Dual Wield+1"],"picked":"Havoc","floor":31},{"not_picked":["Anger","Clash"],"picked":"Double Tap","floor":32}],"player_experience":213599,"relics_obtained":[{"floor":6,"key":"Mercury Hourglass"},{"floor":9,"key":"Sundial"},{"floor":10,"key":"Paper Frog"},{"floor":14,"key":"Omamori"},{"floor":21,"key":"Boot"},{"floor":23,"key":"Dream Catcher"},{"floor":26,"key":"Nunchaku"}],"event_choices":[{"damage_healed":0,"gold_gain":0,"player_choice":"Take Damage","damage_taken":20,"relics_obtained":["Golden Idol"],"max_hp_gain":0,"max_hp_loss":0,"event_name":"Golden Idol","floor":3,"gold_loss":0},{"damage_healed":0,"gold_gain":0,"player_choice":"Got Potions","damage_taken":0,"max_hp_gain":0,"max_hp_loss":0,"event_name":"Lab","floor":5,"gold_loss":0}],"is_beta":false,"boss_relics":[{"not_picked":["Cursed Key","Black Star"],"picked":"Astrolabe"}],"items_purged_floors":[28],"is_endless":false,"potions_floor_spawned":[6,7,11,14,16,18,22,24,29,30,31],"killed_by":"Collector","ascension_level":0}