{"gold_per_floor":[119,119,135,150,161,186,209,221,233,256,268,280],"floor_reached":12,"playtime":479,"items_purged":[],"score":94,"play_id":"b5e33ebb-1177-4477-88b1-0576b44c7854","local_time":"20190921140748","is_ascension_mode":true,"campfire_choices":[{"data":"Armaments","floor":8,"key":"SMITH"},{"data":"True Grit","floor":11,"key":"SMITH"}],"neow_cost":"NONE","seed_source_timestamp":603918791036200,"circlet_count":0,"master_deck":["Strike_R","Strike_R","Strike_R","Strike_R","Strike_R","Defend_R","Defend_R","Defend_R","Defend_R","Bash","Shrug It Off","Dual Wield","Ghostly Armor","Feel No Pain","True Grit+1","Armaments+1","Power Through"],"relics":["Burning Blood","FaceOfCleric","MawBank","The Courier"],"potions_floor_usage":[6,7],"damage_taken":[{"damage":12,"enemies":"Jaw Worm","floor":1,"turns":2},{"damage":6,"enemies":"Cultist","floor":3,"turns":3},{"damage":10,"enemies":"Small Slimes","floor":4,"turns":4},{"damage":16,"enemies":"Blue Slaver","floor":5,"turns":7},{"damage":62,"enemies":"Lagavulin","floor":6,"turns":13},{"damage":8,"enemies":"2 Fungi Beasts","floor":7,"turns":4},{"damage":5,"enemies":"Exordium Wildlife","floor":10,"turns":7},{"damage":19,"enemies":"Exordium Thugs","floor":12,"turns":3}],"seed_played":"-1752107339036434029","potions_obtained":[{"floor":3,"key":"Swift Potion"},{"floor":4,"key":"Strength Potion"},{"floor":6,"key":"SkillPotion"}],"is_trial":false,"path_per_floor":["M","?","M","M","M","E","M","R","T","M","R","M"],"character_chosen":"IRONCLAD","items_purchased":[],"campfire_rested":0,"item_purchase_floors":[],"current_hp_per_floor":[82,82,83,80,71,16,15,15,15,17,17,0],"gold":280,"neow_bonus":"TEN_PERCENT_HP_BONUS","is_prod":false,"is_daily":false,"chose_seed":false,"campfire_upgraded":2,"win_rate":0,"timestamp":1569067668,"path_taken":["M","?","M","M","M","E","M","R","T","M","R","M"],"build_version":"2019-09-20","purchased_purges":0,"victory":false,"max_hp_per_floor":[88,88,89,90,91,92,93,93,93,94,94,94],"card_choices":[{"not_picked":["Dropkick","Rage"],"picked":"Shrug It Off","floor":1},{"not_picked":["Sword Boomerang","Fire Breathing"],"picked":"Dual Wield","floor":3},{"not_picked":["Shockwave","Anger"],"picked":"Ghostly Armor","floor":4},{"not_picked":["Flex","Burning Pact"],"picked":"Feel No Pain","floor":5},{"not_picked":["Reckless Charge","Rampage"],"picked":"True Grit","floor":6},{"not_picked":["Perfected Strike","Bloodletting"],"picked":"Armaments","floor":7},{"not_picked":["True Grit","Iron Wave"],"picked":"Power Through","floor":10}],"player_experience":272947,"relics_obtained":[{"floor":6,"key":"MawBank"},{"floor":9,"key":"The Courier"}],"event_choices":[{"damage_healed":0,"gold_gain":0,"player_choice":"Trade","damage_taken":0,"relics_obtained":["FaceOfCleric"],"max_hp_gain":0,"max_hp_loss":0,"event_name":"FaceTrader","floor":2,"gold_loss":0}],"is_beta":true,"boss_relics":[],"items_purged_floors":[],"is_endless":false,"potions_floor_spawned":[3,4,6],"killed_by":"Exordium Thugs","ascension_level":3}