{"gold_per_floor":[135,135,54,54,96,96,180,180,203,308,344,425,23,68,68,383,383,416,455,435,88,136,220,220,295,320,380,380,380,380,470,470,782,932,983,1025,1025,1025,1070,1070,1169,1169,1169,1280,26,62,149,161,173,473,485,533,545,557,644,698,710,800,812,847,952,994,1042,1147,1159,1171,1483,1495,1549,1561,1609,1681,1693,1705,1801,1813,1900,7,109,109,187,235,235,532,532,568,724,781,781,781,781,832,832,931,19,106,145,250,301,301,592,592,646,832,892,1243,5,86,86,185,278,278,371,407,457,508,508,805,805,850,904,954,13,63,150,200,299,383,434,434,539,539,587,587,875,875,911,116,167,217,247,247,331,388,481,531],"floor_reached":146,"playtime":7066,"items_purged":["Strike_B","Strike_B","Defend_B","Defend_B","Defend_B","Zap"],"score":4516,"play_id":"a6770b6e-7de9-4d1c-a6d1-bb5a25697593","local_time":"20180810172454","daily_mods":["Heirloom","Midas","Elite Swarm","Uncertain Future","Vintage"],"is_ascension_mode":false,"campfire_choices":[{"floor":6.0,"key":"REST"},{"floor":8.0,"key":"REST"},{"floor":15.0,"key":"REST"},{"floor":24.0,"key":"REST"},{"floor":29.0,"key":"REST"},{"floor":32.0,"key":"REST"},{"floor":40.0,"key":"REST"},{"floor":42.0,"key":"REST"},{"floor":49.0,"key":"REST"},{"floor":57.0,"key":"REST"},{"floor":59.0,"key":"REST"},{"floor":66.0,"key":"DIG"},{"floor":74.0,"key":"DIG"},{"floor":76.0,"key":"REST"},{"data":"1","floor":83.0,"key":"LIFT"},{"data":"2","floor":91.0,"key":"LIFT"},{"data":"3","floor":93.0,"key":"LIFT"},{"floor":100.0,"key":"DIG"},{"floor":109.0,"key":"DIG"},{"floor":117.0,"key":"DIG"},{"floor":130.0,"key":"DIG"},{"floor":132,"key":"DIG"},{"floor":134,"key":"DIG"},{"floor":142,"key":"DIG"}],"neow_cost":"","seed_source_timestamp":0,"circlet_count":26,"master_deck":["Dualcast+1","Zap","Jack Of All Trades","Capacitor","Electrodynamics","Machine Learning","Core Surge+1","Self Repair+1","Echo Form","Loop+1","Force Field+1","Echo Form","Buffer","Buffer","Amplify","Genetic Algorithm","Amplify","Panache+1","Meteor Strike+1","Madness","Madness","Thunder Strike+1","Creative AI+1","Thunder Strike+1","Storm+1","Capacitor+1","Static Discharge+1","Defragment+1","Self Repair+1","Storm+1","Static Discharge+1","Biased Cognition+1","Thunder Strike+1","Madness+1","Madness+1","Creative AI+1","Creative AI+1","Heatsinks+1","Defragment+1","Creative AI+1","Heatsinks+1","Storm+1","Defragment+1","Heatsinks+1","Storm+1","Loop+1","Self Repair+1","Heatsinks+1","Capacitor+1"],"special_seed":0,"relics":["FrozenCore","Prayer Wheel","Bag of Marbles","Orichalcum","Blood Vial","Ancient Tea Set","DataDisk","Pear","Happy Flower","Kunai","Incense Burner","Boot","Bottled Tornado","Bronze Scales","Runic Capacitor","Lantern","Pen Nib","Bottled Lightning","Strawberry","Molten Egg 2","Ginger","Oddly Smooth Stone","The Courier","Tiny House","Whetstone","Juzu Bracelet","Calipers","Frozen Egg 2","Thread and Needle","Sundial","Tiny Chest","Toolbox","Bottled Flame","Singing Bowl","Ice Cream","Potion Belt","Omamori","MawBank","Letter Opener","Black Star","Art of War","Symbiotic Virus","Vajra","Bag of Preparation","Shovel","Dodecahedron","Regal Pillow","Meat on the Bone","Darkstone Periapt","Question Card","Centennial Puzzle","Shuriken","Lee\u0027s Waffle","Blue Candle","Mango","War Paint","Anchor","Girya","Nunchaku","Cables","Toxic Egg 2","Lizard Tail","Bird Faced Urn","Du-Vu Doll","Ornamental Fan","Torii","Membership Card","StoneCalendar","Emotion Chip","Mercury Hourglass","Turnip","Circlet","Eternal Feather","Dream Catcher","Pantograph","Mummified Hand","Old Coin","OrangePellets","Matryoshka","Unceasing Top","Dead Branch","Gremlin Horn","SsserpentHead","White Beast Statue","HandDrill","Runic Pyramid","Strange Spoon"],"potions_floor_usage":[144],"damage_taken":[{"damage":3.0,"enemies":"Small Slimes","floor":1.0,"turns":3.0},{"damage":0.0,"enemies":"Cultist","floor":5.0,"turns":3.0},{"damage":38.0,"enemies":"Lagavulin","floor":7.0,"turns":6.0},{"damage":33.0,"enemies":"Gremlin Nob","floor":10.0,"turns":6.0},{"damage":5.0,"enemies":"Jaw Worm","floor":11.0,"turns":4.0},{"damage":16.0,"enemies":"Lagavulin","floor":12.0,"turns":5.0},{"damage":7.0,"enemies":"2 Fungi Beasts","floor":14.0,"turns":3.0},{"damage":20.0,"enemies":"Slime Boss","floor":16.0,"turns":7.0},{"damage":21.0,"enemies":"Shell Parasite","floor":18.0,"turns":8.0},{"damage":20.0,"enemies":"Spheric Guardian","floor":19.0,"turns":6.0},{"damage":14.0,"enemies":"Cultist and Chosen","floor":22.0,"turns":6.0},{"damage":30.0,"enemies":"Book of Stabbing","floor":23.0,"turns":6.0},{"damage":65.0,"enemies":"Slavers","floor":25.0,"turns":5.0},{"damage":15.0,"enemies":"Snake Plant","floor":27.0,"turns":4.0},{"damage":40.0,"enemies":"Book of Stabbing","floor":31.0,"turns":5.0},{"damage":32.0,"enemies":"Automaton","floor":33.0,"turns":9.0},{"damage":22.0,"enemies":"Flame Bruiser 1 Orb","floor":35.0,"turns":5.0},{"damage":29.0,"enemies":"3 Shapes","floor":36.0,"turns":3.0},{"damage":0.0,"floor":38.0,"turns":9.0},{"damage":10.0,"enemies":"Transient","floor":39.0,"turns":5.0},{"damage":0.0,"enemies":"Nemesis","floor":41.0,"turns":9.0},{"damage":31.0,"enemies":"2 Orb Walkers","floor":44.0,"turns":4.0},{"damage":4.0,"enemies":"Flame Bruiser 2 Orb","floor":46.0,"turns":7.0},{"damage":0.0,"enemies":"Nemesis","floor":47.0,"turns":7.0},{"damage":46.0,"enemies":"Awakened One","floor":50.0,"turns":10.0},{"damage":11.0,"enemies":"Jaw Worm","floor":52.0,"turns":3.0},{"damage":1.0,"enemies":"2 Louse","floor":56.0,"turns":2.0},{"damage":25.0,"enemies":"Lagavulin","floor":58.0,"turns":5.0},{"damage":27.0,"enemies":"Gremlin Nob","floor":61.0,"turns":4.0},{"damage":1.0,"enemies":"Cultist","floor":62.0,"turns":3.0},{"damage":12.0,"enemies":"Exordium Thugs","floor":63.0,"turns":3.0},{"damage":24.0,"enemies":"Lagavulin","floor":64.0,"turns":5.0},{"damage":14.0,"enemies":"Slime Boss","floor":67.0,"turns":4.0},{"damage":0.0,"enemies":"Shell Parasite","floor":69.0,"turns":4.0},{"damage":9.0,"enemies":"2 Thieves","floor":71.0,"turns":3.0},{"damage":11.0,"enemies":"Centurion and Healer","floor":72.0,"turns":5.0},{"damage":43.0,"enemies":"Gremlin Leader","floor":75.0,"turns":7.0},{"damage":26.0,"enemies":"Slavers","floor":77.0,"turns":3.0},{"damage":30.0,"enemies":"Book of Stabbing","floor":79.0,"turns":3.0},{"damage":43.0,"enemies":"Slavers","floor":81.0,"turns":3.0},{"damage":0.0,"enemies":"Snake Plant","floor":82.0,"turns":4.0},{"damage":0.0,"enemies":"Collector","floor":84.0,"turns":3.0},{"damage":0.0,"enemies":"3 Shapes","floor":86.0,"turns":3.0},{"damage":37.0,"floor":87.0,"turns":2.0},{"damage":13.0,"enemies":"Orb Walker","floor":88.0,"turns":3.0},{"damage":15.0,"enemies":"Transient","floor":92.0,"turns":5.0},{"damage":0.0,"enemies":"Giant Head","floor":94.0,"turns":4.0},{"damage":68.0,"enemies":"2 Orb Walkers","floor":96.0,"turns":3.0},{"damage":0.0,"enemies":"Sphere and 2 Shapes","floor":97.0,"turns":3.0},{"damage":0.0,"enemies":"Nemesis","floor":98.0,"turns":5.0},{"damage":43.0,"enemies":"Flame Bruiser 2 Orb","floor":99.0,"turns":3.0},{"damage":57.0,"enemies":"Time Eater","floor":101.0,"turns":3.0},{"damage":12.0,"enemies":"Jaw Worm","floor":103.0,"turns":2.0},{"damage":0.0,"enemies":"3 Sentries","floor":104.0,"turns":3.0},{"damage":0.0,"enemies":"Small Slimes","floor":105.0,"turns":2.0},{"damage":0.0,"enemies":"2 Louse","floor":106.0,"turns":2.0},{"damage":0.0,"enemies":"Gremlin Nob","floor":108.0,"turns":1.0},{"damage":0.0,"enemies":"Lagavulin","floor":110.0,"turns":2.0},{"damage":0.0,"enemies":"3 Sentries","floor":111.0,"turns":1.0},{"damage":0.0,"enemies":"Lagavulin","floor":113.0,"turns":2.0},{"damage":0.0,"enemies":"Gremlin Gang","floor":114.0,"turns":1.0},{"damage":0.0,"enemies":"Exordium Wildlife","floor":116.0,"turns":1.0},{"damage":0.0,"enemies":"The Guardian","floor":118.0,"turns":2.0},{"damage":0.0,"enemies":"2 Thieves","floor":120.0,"turns":1.0},{"damage":0.0,"enemies":"Spheric Guardian","floor":121.0,"turns":1.0},{"damage":0.0,"enemies":"Gremlin Leader","floor":125.0,"turns":2.0},{"damage":0.0,"enemies":"Slavers","floor":127.0,"turns":2.0},{"damage":0.0,"enemies":"Gremlin Leader","floor":128.0,"turns":2.0},{"damage":0.0,"enemies":"Centurion and Healer","floor":129.0,"turns":1.0},{"damage":0,"enemies":"Slavers","floor":131,"turns":1},{"damage":0,"enemies":"Snake Plant","floor":133,"turns":1},{"damage":0,"enemies":"Collector","floor":135,"turns":2},{"damage":0,"enemies":"3 Darklings","floor":137,"turns":1},{"damage":0,"enemies":"Flame Bruiser 1 Orb","floor":139,"turns":2},{"damage":0,"floor":140,"turns":1},{"damage":0,"enemies":"Spire Growth","floor":141,"turns":1},{"damage":0,"enemies":"2 Orb Walkers","floor":143,"turns":2},{"damage":0,"enemies":"Transient","floor":144,"turns":2},{"damage":0,"enemies":"Nemesis","floor":145,"turns":1},{"damage":0,"enemies":"Nemesis","floor":146,"turns":1}],"seed_played":"-5227514851272507213","potions_obtained":[{"floor":7.0,"key":"SmokeBomb"},{"floor":10.0,"key":"Explosive Potion"},{"floor":14.0,"key":"FearPotion"},{"floor":16.0,"key":"Energy Potion"},{"floor":19.0,"key":"EssenceOfSteel"},{"floor":20.0,"key":"EntropicBrew"},{"floor":22.0,"key":"AttackPotion"},{"floor":25.0,"key":"Fire Potion"},{"floor":31.0,"key":"Regen Potion"},{"floor":34.0,"key":"GamblersBrew"},{"floor":36.0,"key":"FearPotion"},{"floor":41.0,"key":"Swift Potion"},{"floor":47.0,"key":"Explosive Potion"},{"floor":53.0,"key":"FairyPotion"},{"floor":53.0,"key":"SpeedPotion"},{"floor":53.0,"key":"Fruit Juice"},{"floor":58.0,"key":"AttackPotion"},{"floor":62.0,"key":"Dexterity Potion"},{"floor":75.0,"key":"Explosive Potion"},{"floor":81.0,"key":"AttackPotion"},{"floor":84.0,"key":"Dexterity Potion"},{"floor":92.0,"key":"Swift Potion"},{"floor":97.0,"key":"Swift Potion"},{"floor":105.0,"key":"PowerPotion"},{"floor":108.0,"key":"PowerPotion"},{"floor":144,"key":"Dexterity Potion"}],"is_trial":true,"path_per_floor":["M","?","$","?","M","R","E","R","T","E","M","E","$","M","R","B",null,"M","M","?","$","M","E","R","E","T","M","?","R","?","E","R","B",null,"M","M","?","?","M","R","E","R","T","E","$","M","E","?","R","B",null,"M","?","$","?","M","R","E","R","T","E","M","M","E","?","R","B",null,"M","?","M","M","?","R","E","R","E","$","E","?","E","M","R","B",null,"M","?","M","?","?","R","M","R","E","$","E","M","E","M","R","B",null,"M","?","M","M","$","E","R","E","E","?","E","M","?","M","R","B",null,"M","M","?","$","?","E","?","E","E","M","R","E","R","M","R","B",null,"M","$","M","?","M","R","E","M","E"],"character_chosen":"DEFECT","items_purchased":["Capacitor","Self Repair","Kunai","Runic Capacitor","Loop","Force Field","Toolbox","Bottled Flame","Singing Bowl","Ice Cream","Potion Belt","Panache+1","Lee\u0027s Waffle","Blue Candle","Mango","Storm+1","Capacitor+1","Static Discharge+1","Defragment+1","Self Repair+1","Storm+1","War Paint","Anchor","Girya","Nunchaku","Static Discharge+1","Membership Card","StoneCalendar","Emotion Chip","Mercury Hourglass","OrangePellets","Matryoshka","Unceasing Top","Dead Branch","Gremlin Horn","Heatsinks+1","Defragment+1","HandDrill","Heatsinks+1","Storm+1","Defragment+1","Circlet","Heatsinks+1","Storm+1","Loop+1","Self Repair+1","Heatsinks+1","Capacitor+1","Strange Spoon","Circlet","Circlet"],"campfire_rested":12,"item_purchase_floors":[3,13,13,21,21,21,45,45,45,45,45,45,78,78,78,78,78,78,78,78,78,78,78,78,78,78,95,95,95,95,107,107,107,107,107,107,107,123,123,123,123,123,123,123,123,123,123,123,138,138,138],"current_hp_per_floor":[72,72,72,65,65,75,37,59,59,28,35,21,21,23,48,37,85,71,67,67,67,55,41,66,17,24,11,11,38,38,23,50,42,97,75,48,48,70,82,97,97,97,97,76,76,84,86,74,97,63,99,88,88,93,82,93,104,91,106,106,99,100,100,78,78,78,72,108,108,108,108,97,87,87,68,108,84,131,103,103,84,86,86,98,133,133,120,122,122,105,105,135,135,135,135,83,101,129,134,134,98,139,139,141,141,141,141,141,141,143,145,145,147,147,140,147,147,149,149,149,149,149,149,149,151,151,153,155,155,155,157,157,157,157,159,159,159,159,159,161,161,161,163,163,165,165],"gold":531,"neow_bonus":"","is_prod":false,"is_daily":false,"chose_seed":false,"campfire_upgraded":0,"win_rate":0,"timestamp":1533936294,"path_taken":["M","?","$","?","M","R","E","R","T","E","M","E","?","M","R","BOSS","M","M","?","$","M","E","R","E","T","M","?","R","?","E","R","BOSS","M","M","?","?","M","R","E","R","T","E","$","M","E","?","R","BOSS","M","?","$","?","M","R","E","R","T","E","M","M","E","?","R","BOSS","M","?","M","M","?","R","E","R","E","$","E","?","E","M","R","BOSS","M","?","M","?","?","R","M","R","E","$","E","M","E","M","R","BOSS","M","?","M","M","$","E","R","E","E","?","E","M","?","M","R","BOSS","M","M","?","$","?","E","?","E","E","M","R","E","R","M","R","BOSS","M","$","M","?","M","R","E","M","E","?"],"build_version":"2018-08-09","purchased_purges":6,"victory":false,"max_hp_per_floor":[75,75,75,75,75,75,75,75,75,75,85,85,85,85,85,85,85,85,85,85,85,85,85,85,85,92,92,92,92,92,92,92,92,97,97,97,97,97,97,97,97,97,97,97,97,97,97,97,97,99,99,99,99,104,104,104,104,106,106,106,106,106,106,106,106,106,108,108,108,108,108,108,108,108,108,108,110,131,133,133,133,133,133,133,133,133,135,135,135,135,135,135,135,135,135,137,137,139,139,139,139,139,139,141,141,141,141,141,141,143,145,145,147,147,147,147,147,149,149,149,149,149,149,149,151,151,153,155,155,155,157,157,157,157,159,159,159,159,159,161,161,161,163,163,165,165],"card_choices":[{"not_picked":["Fission","Core Surge"],"picked":"Electrodynamics","floor":7.0},{"not_picked":["Amplify","Electrodynamics"],"picked":"Machine Learning","floor":10.0},{"not_picked":["Seek","Hyperbeam"],"picked":"Core Surge","floor":12.0},{"not_picked":["Meteor Strike","Machine Learning"],"picked":"Echo Form","floor":16.0},{"not_picked":["Rainbow","Seek"],"picked":"Echo Form","floor":23.0},{"not_picked":["Hyperbeam","Seek"],"picked":"Buffer","floor":25.0},{"not_picked":["Machine Learning","Fission"],"picked":"Buffer","floor":31.0},{"not_picked":["Hyperbeam+1","Rainbow"],"picked":"Amplify","floor":33.0},{"not_picked":["Gash+1","Go for the Eyes+1"],"picked":"Genetic Algorithm","floor":34.0},{"not_picked":["Biased Cognition+1","Seek"],"picked":"Amplify","floor":41.0},{"not_picked":["Seek","Fission","Core Surge+1"],"picked":"SKIP","floor":44.0},{"not_picked":["Core Surge+1","Hyperbeam+1"],"picked":"Meteor Strike+1","floor":47.0},{"not_picked":["Seek","Multi-Cast","Reboot"],"picked":"Singing Bowl","floor":50.0},{"not_picked":["Meteor Strike+1","Amplify","Reboot"],"picked":"Singing Bowl","floor":58.0},{"not_picked":["All For One+1","Amplify"],"picked":"Thunder Strike+1","floor":61.0},{"not_picked":["Thunder Strike+1","Meteor Strike+1"],"picked":"Creative AI+1","floor":64.0},{"not_picked":["All For One+1","Reboot","Fission"],"picked":"Singing Bowl","floor":67.0},{"not_picked":["Amplify","All For One+1","Seek"],"picked":"Thunder Strike+1","floor":75.0},{"not_picked":["All For One+1","Machine Learning+1","Buffer+1","Meteor Strike+1"],"picked":"Singing Bowl","floor":77.0},{"not_picked":["Meteor Strike+1","Seek","Buffer+1","Fission"],"picked":"Singing Bowl","floor":79.0},{"not_picked":["Hyperbeam+1","All For One+1","Seek"],"picked":"Biased Cognition+1","floor":81.0},{"not_picked":["Multi-Cast","Meteor Strike+1","Biased Cognition+1"],"picked":"Thunder Strike+1","floor":84.0},{"not_picked":["BootSequence+1","Lockon+1","Go for the Eyes+1","Conserve Battery+1"],"picked":"Singing Bowl","floor":87.0},{"not_picked":["Biased Cognition+1","Hyperbeam+1","Electrodynamics+1"],"picked":"Creative AI+1","floor":94.0},{"not_picked":["Biased Cognition+1","Rainbow+1","Multi-Cast+1","Creative AI+1"],"picked":"Singing Bowl","floor":96.0},{"not_picked":["Core Surge+1","Rainbow+1","Buffer+1","Hyperbeam+1"],"picked":"Singing Bowl","floor":98.0},{"not_picked":["Hyperbeam+1","Reboot+1","Multi-Cast+1"],"picked":"Creative AI+1","floor":101.0},{"not_picked":["Compile Driver+1","Self Repair+1","Sweeping Beam+1","Hello World+1"],"picked":"Singing Bowl","floor":104.0},{"not_picked":["Machine Learning+1","Electrodynamics+1","Hyperbeam+1"],"picked":"Creative AI+1","floor":108.0},{"not_picked":["Electrodynamics+1","All For One+1","Biased Cognition+1","Creative AI+1"],"picked":"Singing Bowl","floor":110.0},{"not_picked":["Electrodynamics+1","Creative AI+1","Multi-Cast+1","Echo Form+1"],"picked":"Singing Bowl","floor":111.0},{"not_picked":["Reboot+1","Multi-Cast+1","Machine Learning+1","Biased Cognition+1"],"picked":"Singing Bowl","floor":113.0},{"not_picked":["Amplify+1","Core Surge+1","Multi-Cast+1","Machine Learning+1"],"picked":"Singing Bowl","floor":118.0},{"not_picked":["Thunder Strike+1","Amplify+1","All For One+1","Reboot+1"],"picked":"Singing Bowl","floor":125.0},{"not_picked":["Core Surge+1","Fission+1","Echo Form+1","Rainbow+1"],"picked":"Singing Bowl","floor":127.0},{"not_picked":["Creative AI+1","Meteor Strike+1","Biased Cognition+1","Echo Form+1"],"picked":"Singing Bowl","floor":128.0},{"not_picked":["All For One+1","Creative AI+1","Fission+1","Buffer+1"],"picked":"Singing Bowl","floor":131},{"not_picked":["Reboot+1","All For One+1","Hyperbeam+1","Buffer+1"],"picked":"Singing Bowl","floor":135},{"not_picked":["Rebound+1","Coolheaded+1","Beam Cell+1","Stack+1"],"picked":"Singing Bowl","floor":140},{"not_picked":["Amplify+1","Core Surge+1","Multi-Cast+1","Hyperbeam+1"],"picked":"Singing Bowl","floor":143},{"not_picked":["Creative AI+1","Core Surge+1","Echo Form+1","Meteor Strike+1"],"picked":"Singing Bowl","floor":145}],"player_experience":175963,"relics_obtained":[{"floor":1.0,"key":"Bag of Marbles"},{"floor":5.0,"key":"Orichalcum"},{"floor":7.0,"key":"Blood Vial"},{"floor":9.0,"key":"Ancient Tea Set"},{"floor":10.0,"key":"DataDisk"},{"floor":11.0,"key":"Pear"},{"floor":12.0,"key":"Happy Flower"},{"floor":14.0,"key":"Incense Burner"},{"floor":16.0,"key":"Boot"},{"floor":18.0,"key":"Bottled Tornado"},{"floor":19.0,"key":"Bronze Scales"},{"floor":22.0,"key":"Lantern"},{"floor":23.0,"key":"Pen Nib"},{"floor":25.0,"key":"Bottled Lightning"},{"floor":26.0,"key":"Strawberry"},{"floor":27.0,"key":"Molten Egg 2"},{"floor":31.0,"key":"Oddly Smooth Stone"},{"floor":33.0,"key":"The Courier"},{"floor":35.0,"key":"Whetstone"},{"floor":36.0,"key":"Juzu Bracelet"},{"floor":38.0,"key":"Calipers"},{"floor":39.0,"key":"Frozen Egg 2"},{"floor":41.0,"key":"Thread and Needle"},{"floor":43.0,"key":"Sundial"},{"floor":44.0,"key":"Tiny Chest"},{"floor":46.0,"key":"Omamori"},{"floor":47.0,"key":"MawBank"},{"floor":50.0,"key":"Letter Opener"},{"floor":52.0,"key":"Art of War"},{"floor":56.0,"key":"Symbiotic Virus"},{"floor":60.0,"key":"Vajra"},{"floor":62.0,"key":"Bag of Preparation"},{"floor":63.0,"key":"Shovel"},{"floor":66.0,"key":"Dodecahedron"},{"floor":67.0,"key":"Regal Pillow"},{"floor":69.0,"key":"Meat on the Bone"},{"floor":71.0,"key":"Question Card"},{"floor":72.0,"key":"Centennial Puzzle"},{"floor":74.0,"key":"Shuriken"},{"floor":82.0,"key":"Cables"},{"floor":84.0,"key":"Toxic Egg 2"},{"floor":86.0,"key":"Bird Faced Urn"},{"floor":87.0,"key":"Du-Vu Doll"},{"floor":88.0,"key":"Ornamental Fan"},{"floor":92.0,"key":"Torii"},{"floor":97.0,"key":"Turnip"},{"floor":99.0,"key":"Circlet"},{"floor":100.0,"key":"Circlet"},{"floor":101.0,"key":"Circlet"},{"floor":103.0,"key":"Dream Catcher"},{"floor":105.0,"key":"Mummified Hand"},{"floor":106.0,"key":"Old Coin"},{"floor":109.0,"key":"Circlet"},{"floor":114.0,"key":"Circlet"},{"floor":116.0,"key":"Circlet"},{"floor":117.0,"key":"Circlet"},{"floor":118.0,"key":"Circlet"},{"floor":120.0,"key":"Circlet"},{"floor":121.0,"key":"Circlet"},{"floor":129.0,"key":"Circlet"},{"floor":130.0,"key":"Circlet"},{"floor":132,"key":"Circlet"},{"floor":133,"key":"Circlet"},{"floor":134,"key":"Circlet"},{"floor":135,"key":"Circlet"},{"floor":137,"key":"Circlet"},{"floor":140,"key":"Circlet"},{"floor":141,"key":"Circlet"},{"floor":142,"key":"Circlet"},{"floor":144,"key":"Circlet"}],"event_choices":[{"event_name":"Match and Keep!","player_choice":"2 cards matched","floor":2.0,"damage_taken":0.0},{"event_name":"Golden Wing","player_choice":"Card Removal","floor":4.0,"damage_taken":0.0},{"event_name":"The Woman in Blue","player_choice":"Bought 1 Potion","floor":20.0,"damage_taken":0.0},{"event_name":"The Mausoleum","player_choice":"Yes","floor":28.0,"damage_taken":0.0},{"event_name":"Drug Dealer","player_choice":"Ignored","floor":30.0,"damage_taken":0.0},{"event_name":"Upgrade Shrine","player_choice":"Upgraded","floor":37.0,"damage_taken":0.0},{"event_name":"MindBloom","player_choice":"Fight","floor":38.0,"damage_taken":0.0},{"event_name":"Winding Halls","player_choice":"Embrace Madness","floor":48.0,"damage_taken":0.0},{"event_name":"The Lab","player_choice":"Got Potions","floor":53.0,"damage_taken":0.0},{"event_name":"World of Goop","player_choice":"Gather Gold","floor":55.0,"damage_taken":0.0},{"event_name":"Purifier","player_choice":"One Purge","floor":65.0,"damage_taken":0.0},{"event_name":"The Mausoleum","player_choice":"Yes","floor":70.0,"damage_taken":0.0},{"event_name":"Knowing Skull","player_choice":"","floor":73.0,"damage_taken":0.0},{"event_name":"Back to Basics","player_choice":"Elegance","floor":80.0,"damage_taken":0.0},{"event_name":"Mysterious Sphere","player_choice":"Fight","floor":87.0,"damage_taken":0.0},{"event_name":"Tomb of Lord Red Mask","player_choice":"Ignored","floor":89.0,"damage_taken":0.0},{"event_name":"Winding Halls","player_choice":"Embrace Madness","floor":90.0,"damage_taken":0.0},{"event_name":"Dead Adventurer","player_choice":"Searched \u00273\u0027 times","floor":104.0,"damage_taken":0.0},{"event_name":"FaceTrader","player_choice":"Trade","floor":112.0,"damage_taken":0.0},{"event_name":"Golden Wing","player_choice":"Card Removal","floor":115.0,"damage_taken":0.0},{"event_name":"Drug Dealer","player_choice":"Ignored","floor":122.0,"damage_taken":0.0},{"event_name":"The Mausoleum","player_choice":"Yes","floor":124.0,"damage_taken":0.0},{"event_name":"Wheel of Change","player_choice":"Relic","floor":126.0,"damage_taken":0.0},{"event_name":"MindBloom","player_choice":"Fight","floor":140,"damage_taken":0},{"event_name":"Mysterious Sphere","player_choice":"Ignore","floor":146,"damage_taken":0}],"is_beta":false,"boss_relics":[{"not_picked":["Busted Crown","Snecko Eye","Cursed Key"]},{"not_picked":["Pandora\u0027s Box","White Beast Statue"],"picked":"Tiny House"},{"not_picked":["Runic Dome","Empty Cage"],"picked":"Black Star"},{"not_picked":["Velvet Choker","Busted Crown"],"picked":"FrozenCore"},{"not_picked":["Snecko Eye","Coffee Dripper"],"picked":"Lizard Tail"},{"not_picked":["Cursed Key","Philosopher\u0027s Stone"],"picked":"Eternal Feather"},{"not_picked":["Sozu","Astrolabe"],"picked":"White Beast Statue"},{"not_picked":["Velvet Choker","Runic Dome"],"picked":"Runic Pyramid"}],"items_purged_floors":[13,45,95,107,123,138],"is_endless":true,"potions_floor_spawned":[7,10,14,16,19,22,25,31,36,41,44,47,58,62,67,69,75,81,84,88,92,97,105,108,110,114,116,120,121,125,127,128,129,131,133,135,137,139,140,141,143,144,145],"killed_by":"Nemesis","ascension_level":0}