{"gold_per_floor":[115,115,40,60,60,60,70,81,81,181,181,193,208,234,234,329,329,345,356,77,88,7,7],"floor_reached":23,"playtime":799,"items_purged":["Strike_R","Strike_R"],"score":183,"play_id":"587e3bbb-3a25-4022-bb56-ce826797f3f0","local_time":"20190927214108","is_ascension_mode":false,"campfire_choices":[{"data":"Armaments","floor":6.0,"key":"SMITH"},{"data":"Body Slam","floor":11.0,"key":"SMITH"},{"data":"Searing Blow","floor":15.0,"key":"SMITH"}],"neow_cost":"NONE","seed_source_timestamp":1149063858255300,"circlet_count":0,"master_deck":["Strike_R","Strike_R","Defend_R","Defend_R","Defend_R","Defend_R","Bash","Armaments+1","Body Slam+1","Iron Wave","Reckless Charge","Whirlwind","Searing Blow+1","Impervious","Metallicize+1","Ghostly Armor","The Bomb","Blood for Blood+1","Battle Trance"],"special_seed":0,"relics":["Philosopher\u0027s Stone"],"potions_floor_usage":[19,23],"damage_taken":[{"damage":6.0,"enemies":"2 Louse","floor":1.0,"turns":3.0},{"damage":0.0,"enemies":"Cultist","floor":4.0,"turns":3.0},{"damage":0.0,"enemies":"Jaw Worm","floor":7.0,"turns":3.0},{"damage":6.0,"enemies":"Exordium Wildlife","floor":8.0,"turns":3.0},{"damage":2.0,"enemies":"3 Louse","floor":12.0,"turns":3.0},{"damage":7.0,"enemies":"Large Slime","floor":13.0,"turns":4.0},{"damage":34.0,"enemies":"Hexaghost","floor":16.0,"turns":10.0},{"damage":16.0,"enemies":"3 Byrds","floor":18.0,"turns":4.0},{"damage":9,"enemies":"Shell Parasite","floor":19,"turns":6},{"damage":18,"enemies":"Snecko","floor":21,"turns":7},{"damage":60,"enemies":"Slavers","floor":23,"turns":4}],"seed_played":"-5028104432650430533","potions_obtained":[{"floor":8.0,"key":"PowerPotion"},{"floor":13.0,"key":"PowerPotion"},{"floor":16.0,"key":"Fruit Juice"},{"floor":18.0,"key":"BloodPotion"},{"floor":21,"key":"SpeedPotion"}],"is_trial":false,"path_per_floor":["M","?","$","M","?","R","M","M","T","?","R","M","M","T","R","B",null,"M","M","$","M","$","E"],"character_chosen":"IRONCLAD","items_purchased":["The Bomb","Battle Trance"],"campfire_rested":0,"item_purchase_floors":[20,22],"current_hp_per_floor":[74,74,74,74,74,74,74,68,68,68,68,66,59,59,59,30,85,69,60,60,42,42,0],"gold":7,"neow_bonus":"BOSS_RELIC","is_prod":false,"is_daily":false,"chose_seed":false,"campfire_upgraded":3,"win_rate":0,"timestamp":1569613268,"path_taken":["M","?","$","?","?","R","M","M","T","?","R","?","?","?","R","BOSS","M","M","$","M","$","E"],"build_version":"2019-09-27","purchased_purges":2,"victory":false,"max_hp_per_floor":[80,80,80,80,80,80,80,80,80,80,80,80,80,80,80,85,85,85,85,85,85,85,85],"card_choices":[{"not_picked":["Clothesline","Cleave"],"picked":"Armaments","floor":1.0},{"not_picked":["True Grit","Dual Wield"],"picked":"Body Slam","floor":4.0},{"not_picked":["Clothesline","Burning Pact"],"picked":"Iron Wave","floor":7.0},{"not_picked":["Thunderclap","Inflame"],"picked":"Reckless Charge","floor":8.0},{"not_picked":["Bloodletting","Spot Weakness"],"picked":"Whirlwind","floor":12.0},{"not_picked":["Infernal Blade","Headbutt"],"picked":"Searing Blow","floor":13.0},{"not_picked":["Exhume","Barricade"],"picked":"Impervious","floor":16.0},{"not_picked":["Iron Wave","True Grit"],"picked":"Metallicize+1","floor":18.0},{"not_picked":["Shrug It Off","Body Slam"],"picked":"Ghostly Armor","floor":19},{"not_picked":["Metallicize+1","Clash"],"picked":"Blood for Blood+1","floor":21}],"player_experience":310638,"relics_obtained":[],"event_choices":[{"cards_removed":["Strike_R"],"damage_healed":0.0,"max_hp_gain":0.0,"max_hp_loss":0.0,"gold_gain":0.0,"event_name":"Purifier","player_choice":"Purged","floor":2.0,"gold_loss":0.0,"damage_taken":0.0},{"damage_healed":0.0,"max_hp_gain":0.0,"max_hp_loss":0.0,"gold_gain":0.0,"event_name":"Scrap Ooze","player_choice":"Fled","floor":5.0,"gold_loss":0.0,"damage_taken":0.0},{"damage_healed":0.0,"max_hp_gain":0.0,"max_hp_loss":0.0,"gold_gain":100.0,"event_name":"Golden Shrine","player_choice":"Pray","floor":10.0,"gold_loss":0.0,"damage_taken":0.0}],"is_beta":true,"boss_relics":[{"not_picked":["Black Star","Calling Bell","Velvet Choker"]}],"items_purged_floors":[3,20],"is_endless":false,"potions_floor_spawned":[8,13,16,18,21],"killed_by":"Slavers","ascension_level":0}