{"gold_per_floor":[110,122,197,372,372,372,397,397,472,501,92,102,102,114,114,210,210,223,240,254,89,102,130,180,180,180,207,217,217,192,219,219,314,314,327,72,88,154,204,204,233,233,233,250,282,282,56,72,72,72],"floor_reached":51,"playtime":3753,"items_purged":["Defend_G","Strike_G","Strike_G"],"score":991,"play_id":"ee560f3b-4903-49db-9a62-51195eb5d397","local_time":"20190929212913","is_ascension_mode":true,"campfire_choices":[{"data":"Neutralize","floor":6.0,"key":"SMITH"},{"floor":8.0,"key":"REST"},{"data":"Malaise","floor":15.0,"key":"SMITH"},{"floor":25.0,"key":"REST"},{"data":"Barricade","floor":29.0,"key":"SMITH"},{"data":"Choke","floor":32.0,"key":"SMITH"},{"data":"Echo Form","floor":40.0,"key":"SMITH"},{"data":"Accuracy","floor":42.0,"key":"SMITH"},{"data":"Survivor","floor":46.0,"key":"SMITH"},{"data":"Acrobatics","floor":49,"key":"SMITH"}],"neow_cost":"NONE","seed_source_timestamp":1318160970779400,"circlet_count":0,"master_deck":["Defend_G","Defend_G","Defend_G","Defend_G","Survivor+1","Neutralize+1","Malaise+1","Heel Hook","Backflip","Acrobatics+1","Corpse Explosion+1","Cloak And Dagger+1","Anger","PanicButton+1","Barricade+1","Body Slam+1","Whirlwind+1","Protect+1","Accuracy+1","Cloak And Dagger+1","Choke+1","Crescendo+1","Devotion+1","PiercingWail+1","Echo Form+1","Dodge and Roll+1","Bouncing Flask+1","Catalyst+1","Clumsy","PiercingWail+1","Hologram+1","Well Laid Plans","Protect+1"],"special_seed":0,"relics":["Ring of the Snake","Pocketwatch","Toxic Egg 2","Blue Candle","Oddly Smooth Stone","PrismaticShard","SsserpentHead","Empty Cage","Bottled Lightning","Meat on the Bone","Vajra","Lizard Tail","Smiling Mask","Cursed Key","Paper Crane","The Courier","Bottled Tornado","Singing Bowl","OrangePellets"],"potions_floor_usage":[50],"damage_taken":[{"damage":5.0,"enemies":"Jaw Worm","floor":1.0,"turns":6.0},{"damage":0.0,"enemies":"Small Slimes","floor":2.0,"turns":6.0},{"damage":40.0,"enemies":"Lagavulin","floor":7.0,"turns":11.0},{"damage":21.0,"enemies":"3 Sentries","floor":10.0,"turns":16.0},{"damage":0.0,"enemies":"Cultist","floor":12.0,"turns":2.0},{"damage":1.0,"enemies":"Blue Slaver","floor":14.0,"turns":4.0},{"damage":8.0,"enemies":"Hexaghost","floor":16.0,"turns":12.0},{"damage":0.0,"enemies":"Shell Parasite","floor":18.0,"turns":6.0},{"damage":0.0,"enemies":"3 Byrds","floor":19.0,"turns":1.0},{"damage":0.0,"enemies":"3 Cultists","floor":20.0,"turns":2.0},{"damage":11.0,"enemies":"Centurion and Healer","floor":22.0,"turns":3.0},{"damage":19.0,"enemies":"Book of Stabbing","floor":23.0,"turns":8.0},{"damage":0.0,"enemies":"Gremlin Leader","floor":27.0,"turns":4.0},{"damage":3.0,"enemies":"Chosen and Byrds","floor":28.0,"turns":5.0},{"damage":15.0,"enemies":"Book of Stabbing","floor":31.0,"turns":4.0},{"damage":15.0,"enemies":"Champ","floor":33.0,"turns":10.0},{"damage":0.0,"enemies":"3 Darklings","floor":35.0,"turns":3.0},{"damage":7.0,"enemies":"3 Shapes","floor":37.0,"turns":3.0},{"damage":2.0,"enemies":"Sphere and 2 Shapes","floor":38.0,"turns":3.0},{"damage":23.0,"enemies":"Giant Head","floor":41.0,"turns":8.0},{"damage":4.0,"enemies":"3 Darklings","floor":44.0,"turns":5.0},{"damage":18.0,"enemies":"Reptomancer","floor":45.0,"turns":8.0},{"damage":0,"enemies":"Maw","floor":48,"turns":5},{"damage":14,"enemies":"Time Eater","floor":50,"turns":6}],"seed_played":"7460025603203314492","potions_obtained":[{"floor":7.0,"key":"Regen Potion"},{"floor":14.0,"key":"DuplicationPotion"},{"floor":19.0,"key":"AttackPotion"},{"floor":23.0,"key":"FearPotion"},{"floor":31.0,"key":"Swift Potion"},{"floor":35.0,"key":"AttackPotion"},{"floor":37.0,"key":"Poison Potion"},{"floor":41.0,"key":"SkillPotion"},{"floor":45.0,"key":"Fruit Juice"}],"is_trial":false,"path_per_floor":["M","M","?","?","?","R","E","R","T","E","$","M","?","M","R","B",null,"M","M","M","$","M","E","?","R","T","E","M","R","?","E","R","B",null,"M","$","M","M","?","R","E","R","T","M","E","R","$","M","R","B",null],"character_chosen":"THE_SILENT","items_purchased":["Oddly Smooth Stone","PrismaticShard","Cloak And Dagger+1","Accuracy","Cloak And Dagger+1","Choke","Paper Crane","OrangePellets","Well Laid Plans"],"campfire_rested":2,"item_purchase_floors":[11,11,11,21,21,21,36,47,47],"current_hp_per_floor":[65,65,54,54,47,47,7,28,28,22,22,22,22,21,21,13,56,56,56,56,56,45,26,26,47,47,47,44,44,44,41,41,38,62,62,62,55,53,53,53,42,42,42,38,37,37,37,49,49,47],"gold":72,"neow_bonus":"ONE_RANDOM_RARE_CARD","is_prod":false,"is_daily":false,"chose_seed":false,"campfire_upgraded":8,"win_rate":0,"timestamp":1569785353,"path_taken":["M","M","?","?","?","R","E","R","T","E","$","M","?","M","R","BOSS","M","M","M","$","M","E","?","R","T","E","M","R","?","E","R","BOSS","M","?","M","?","?","R","E","R","T","M","E","R","$","M","R","BOSS"],"build_version":"2019-09-27","purchased_purges":3,"victory":true,"max_hp_per_floor":[70,70,70,70,70,70,70,70,70,70,70,70,70,70,70,70,70,70,70,70,70,70,70,70,70,70,70,70,70,70,70,70,70,70,70,70,70,70,70,70,70,70,70,70,75,75,75,75,75,75],"card_choices":[{"not_picked":["Acrobatics","Reflex"],"picked":"Heel Hook","floor":1.0},{"not_picked":["PiercingWail","Underhanded Strike"],"picked":"Backflip","floor":2.0},{"not_picked":["Tactician","Concentrate"],"picked":"Acrobatics","floor":7.0},{"not_picked":["All Out Attack","Deflect+1"],"picked":"Corpse Explosion+1","floor":10.0},{"not_picked":["Loop","Reprogram+1"],"picked":"Anger","floor":12.0},{"not_picked":["Thunderclap","Rebound"],"picked":"PanicButton+1","floor":14.0},{"not_picked":["Berserk","Hyperbeam"],"picked":"Barricade","floor":16.0},{"not_picked":["Compile Driver","Sanctity+1"],"picked":"Body Slam+1","floor":18.0},{"not_picked":["Coolheaded+1","Clothesline"],"picked":"Whirlwind+1","floor":19.0},{"not_picked":["Sever Soul","Underhanded Strike"],"picked":"Protect+1","floor":20.0},{"not_picked":["Iron Wave","Sword Boomerang","Barrage"],"picked":"SKIP","floor":22.0},{"not_picked":["JustLucky","EmptyFist"],"picked":"Crescendo+1","floor":23.0},{"not_picked":["JustLucky","Corpse Explosion+1"],"picked":"Devotion+1","floor":27.0},{"not_picked":["Leap+1","Compile Driver"],"picked":"PiercingWail+1","floor":28.0},{"not_picked":["Defragment","Reprogram+1","InnerPeace+1"],"picked":"SKIP","floor":31.0},{"not_picked":["SignatureMove","Buffer"],"picked":"Echo Form","floor":33.0},{"not_picked":["Hello World+1","Clash"],"picked":"Dodge and Roll+1","floor":35.0},{"not_picked":["Gash","Eviscerate+1"],"picked":"Bouncing Flask+1","floor":37.0},{"not_picked":["Go for the Eyes+1","Seeing Red+1","Dropkick+1"],"picked":"SKIP","floor":38.0},{"not_picked":["Halt+1","CutThroughFate"],"picked":"Catalyst+1","floor":41.0},{"not_picked":["Go for the Eyes","Accuracy+1"],"picked":"PiercingWail+1","floor":44.0},{"not_picked":["Coolheaded+1","Body Slam"],"picked":"Hologram+1","floor":45.0},{"not_picked":["Warcry+1","Combust"],"picked":"Protect+1","floor":48}],"player_experience":325623,"relics_obtained":[{"floor":7.0,"key":"Pocketwatch"},{"floor":9.0,"key":"Toxic Egg 2"},{"floor":10.0,"key":"Blue Candle"},{"floor":23.0,"key":"Bottled Lightning"},{"floor":26.0,"key":"Meat on the Bone"},{"floor":27.0,"key":"Vajra"},{"floor":31.0,"key":"Smiling Mask"},{"floor":41.0,"key":"The Courier"},{"floor":43.0,"key":"Bottled Tornado"},{"floor":45.0,"key":"Singing Bowl"}],"event_choices":[{"damage_healed":0.0,"max_hp_gain":0.0,"max_hp_loss":0.0,"gold_gain":75.0,"event_name":"World of Goop","player_choice":"Gather Gold","floor":3.0,"gold_loss":0.0,"damage_taken":11.0},{"damage_healed":0.0,"max_hp_gain":0.0,"max_hp_loss":0.0,"gold_gain":175.0,"event_name":"Liars Game","player_choice":"AGREE","floor":4.0,"gold_loss":0.0,"damage_taken":0.0,"cards_obtained":["Doubt"]},{"cards_removed":["Doubt"],"damage_healed":0.0,"max_hp_gain":0.0,"max_hp_loss":0.0,"gold_gain":0.0,"event_name":"Golden Wing","player_choice":"Card Removal","floor":5.0,"gold_loss":0.0,"damage_taken":7.0},{"damage_healed":0.0,"max_hp_gain":0.0,"max_hp_loss":0.0,"gold_gain":0.0,"event_name":"FaceTrader","player_choice":"Trade","floor":13.0,"gold_loss":0.0,"damage_taken":0.0,"relics_obtained":["SsserpentHead"]},{"damage_healed":0.0,"max_hp_gain":0.0,"max_hp_loss":0.0,"gold_gain":0.0,"event_name":"Ghosts","player_choice":"Ignored","floor":24.0,"gold_loss":0.0,"damage_taken":0.0},{"damage_healed":0.0,"max_hp_gain":0.0,"max_hp_loss":0.0,"gold_gain":0.0,"event_name":"WeMeetAgain","player_choice":"Paid Gold","floor":30.0,"gold_loss":75.0,"damage_taken":0.0,"relics_obtained":["Lizard Tail"]},{"cards_removed":["Strike_G"],"damage_healed":0.0,"max_hp_gain":0.0,"max_hp_loss":0.0,"gold_gain":0.0,"event_name":"Purifier","player_choice":"Purged","floor":39.0,"gold_loss":0.0,"damage_taken":0.0}],"is_beta":true,"boss_relics":[{"not_picked":["Ectoplasm","HoveringKite"],"picked":"Empty Cage"},{"not_picked":["SacredBark","Astrolabe"],"picked":"Cursed Key"}],"items_purged_floors":[11,36,47],"is_endless":false,"potions_floor_spawned":[7,14,19,23,31,35,37,41,45],"ascension_level":5}