{"gold_per_floor":[118,118,136,152,170,170,205,221,221,247,306,324,324,337,337,435,435,453,552,563,158,158,183,201,232,303,303,403,403,420,440,440,543,543,562,580,580,104,104,138,0,0,0,29,39,39,55,71,71,71],"floor_reached":51,"playtime":7623,"items_purged":["Defend_B","Defend_B"],"score":855,"play_id":"a4580c92-54a4-4c8a-ac82-663187bb9782","local_time":"20190903031858","is_ascension_mode":true,"campfire_choices":[{"floor":6.0,"key":"REST"},{"floor":13.0,"key":"REST"},{"data":"Doom and Gloom","floor":15.0,"key":"SMITH"},{"data":"Defragment","floor":29.0,"key":"SMITH"},{"data":"Blizzard","floor":32.0,"key":"SMITH"},{"floor":42.0,"key":"REST"},{"data":"Ghostly","floor":49,"key":"SMITH"}],"neow_cost":"NONE","seed_source_timestamp":0,"circlet_count":0,"master_deck":["Strike_B+1","Strike_B","Strike_B","Defend_B","Defend_B","Zap+1","Dualcast","Beam Cell","Go for the Eyes","Compile Driver","Doom and Gloom+1","Thunder Strike","Steam","Ball Lightning","Leap","Defragment+1","Multi-Cast","Cold Snap","Redo","Self Repair","Turbo","Ghostly+1","Ghostly","Ghostly","Ghostly","Ghostly","Reinforced Body+1","Chill","Melter","Stack+1","Blizzard+1","Auto Shields+1","Seek+1","Coolheaded+1","Chaos+1","Apotheosis+1","Steam Power+1","Steam+1","Undo+1"],"special_seed":0,"relics":["Cracked Core","Strawberry","Symbiotic Virus","Smiling Mask","Juzu Bracelet","Sozu","Kunai","Question Card","Blue Candle","Meat on the Bone","Nilry\u0027s Codex","Ice Cream","Toxic Egg 2","Runic Pyramid","Cables","Bottled Tornado","Red Mask","Ornamental Fan","Blood Vial"],"potions_floor_usage":[],"damage_taken":[{"damage":7.0,"enemies":"Small Slimes","floor":1.0,"turns":4.0},{"damage":7.0,"enemies":"Jaw Worm","floor":3.0,"turns":2.0},{"damage":0.0,"enemies":"2 Louse","floor":4.0,"turns":2.0},{"damage":6.0,"enemies":"Looter","floor":5.0,"turns":2.0},{"damage":22.0,"enemies":"Lagavulin","floor":7.0,"turns":6.0},{"damage":8.0,"enemies":"Blue Slaver","floor":8.0,"turns":3.0},{"damage":4.0,"enemies":"Gremlin Nob","floor":10.0,"turns":3.0},{"damage":4.0,"enemies":"Red Slaver","floor":12.0,"turns":2.0},{"damage":5.0,"enemies":"Gremlin Gang","floor":14.0,"turns":4.0},{"damage":28.0,"enemies":"Slime Boss","floor":16.0,"turns":8.0},{"damage":0.0,"enemies":"Spheric Guardian","floor":18.0,"turns":3.0},{"damage":14.0,"enemies":"Shell Parasite","floor":20.0,"turns":4.0},{"damage":5.0,"enemies":"Gremlin Leader","floor":23.0,"turns":7.0},{"damage":6.0,"enemies":"Snake Plant","floor":24.0,"turns":3.0},{"damage":2.0,"enemies":"Book of Stabbing","floor":25.0,"turns":6.0},{"damage":2.0,"enemies":"Colosseum Slavers","floor":28.0,"turns":3.0},{"damage":17.0,"enemies":"Colosseum Nobs","floor":28.0,"turns":6.0},{"damage":0.0,"enemies":"Chosen and Byrds","floor":30.0,"turns":5.0},{"damage":1.0,"enemies":"Centurion and Healer","floor":31.0,"turns":6.0},{"damage":15.0,"enemies":"Automaton","floor":33.0,"turns":14.0},{"damage":7.0,"enemies":"Orb Walker","floor":35.0,"turns":4.0},{"damage":4.0,"enemies":"3 Shapes","floor":36.0,"turns":4.0},{"damage":20.0,"enemies":"Reptomancer","floor":40.0,"turns":9.0},{"damage":2,"enemies":"Giant Head","floor":44,"turns":10},{"damage":2,"enemies":"Transient","floor":45,"turns":5},{"damage":0,"enemies":"Maw","floor":47,"turns":4},{"damage":2,"enemies":"Sphere and 2 Shapes","floor":48,"turns":3},{"damage":22,"enemies":"Awakened One","floor":50,"turns":17}],"seed_played":"8821020126019993193","potions_obtained":[{"floor":1.0,"key":"Ancient Potion"},{"floor":4.0,"key":"Dexterity Potion"},{"floor":10.0,"key":"SkillPotion"},{"floor":16.0,"key":"Ancient Potion"}],"is_trial":false,"path_per_floor":["M","?","M","M","M","R","E","M","T","E","?","M","R","M","R","B",null,"M","?","M","$","?","E","M","E","T","?","?","R","M","M","R","B",null,"M","M","?","$","?","E","?","R","T","E","M","$","M","M","R","B",null],"character_chosen":"DEFECT","items_purchased":["Kunai","Self Repair","Turbo","Apotheosis+1","Cables"],"campfire_rested":3,"item_purchase_floors":[21,21,21,38,38],"current_hp_per_floor":[75,59,52,52,46,70,48,40,40,36,36,32,56,51,51,23,82,82,82,68,68,41,41,35,40,40,24,31,31,31,37,37,29,41,41,37,37,37,37,39,39,41,41,41,41,41,41,39,39,31],"gold":71,"neow_bonus":"RANDOM_COMMON_RELIC","is_prod":false,"is_daily":false,"chose_seed":false,"campfire_upgraded":4,"win_rate":0,"timestamp":1567498738,"path_taken":["M","?","M","M","M","R","E","M","T","E","?","M","R","M","R","BOSS","M","?","M","$","?","E","M","E","T","?","?","R","M","M","R","BOSS","M","M","?","$","?","E","?","R","T","E","M","?","M","M","R","BOSS"],"build_version":"2019-08-26","purchased_purges":2,"victory":true,"max_hp_per_floor":[82,82,82,82,82,82,82,82,82,82,82,82,82,82,82,82,82,82,82,82,82,41,41,41,41,41,41,41,41,41,41,41,41,41,41,41,41,41,41,41,41,41,41,41,41,41,41,41,41,41],"card_choices":[{"not_picked":["Undo","Defragment"],"picked":"Beam Cell","floor":1.0},{"not_picked":["Glacier","Ball Lightning"],"picked":"Go for the Eyes","floor":3.0},{"not_picked":["Redo","Double Energy"],"picked":"Compile Driver","floor":4.0},{"not_picked":["Rebound","Glacier"],"picked":"Doom and Gloom","floor":5.0},{"not_picked":["Rebound","Reprogram"],"picked":"Thunder Strike","floor":7.0},{"not_picked":["Turbo","Redo"],"picked":"Steam","floor":8.0},{"not_picked":["Double Energy","Aggregate"],"picked":"Ball Lightning","floor":10.0},{"not_picked":["Go for the Eyes","Steam"],"picked":"Leap","floor":12.0},{"not_picked":["Skim","Loop"],"picked":"Defragment","floor":14.0},{"not_picked":["Thunder Strike","Machine Learning"],"picked":"Multi-Cast","floor":16.0},{"not_picked":["Loop","Hello World+1"],"picked":"Cold Snap","floor":18.0},{"not_picked":["Beam Cell","Defragment"],"picked":"Redo","floor":20.0},{"not_picked":["Loop","Rip and Tear"],"picked":"Reinforced Body+1","floor":23.0},{"not_picked":["Redo","Blizzard","Coolheaded"],"picked":"Chill","floor":24.0},{"not_picked":["Rebound+1","Biased Cognition","Recycle"],"picked":"Melter","floor":25.0},{"not_picked":["Compile Driver","Defragment","Aggregate"],"picked":"Stack","floor":28.0},{"not_picked":["Coolheaded+1","Turbo+1","Hologram+1"],"picked":"Blizzard","floor":30.0},{"not_picked":["Self Repair+1","Blizzard","Beam Cell"],"picked":"Auto Shields+1","floor":31.0},{"not_picked":["Biased Cognition","Hyperbeam","Core Surge"],"picked":"Seek+1","floor":33.0},{"not_picked":["Compile Driver+1","Steam+1","Aggregate+1"],"picked":"Coolheaded+1","floor":35.0},{"not_picked":["Stack+1","Go for the Eyes","Cold Snap"],"picked":"Chaos+1","floor":36.0},{"not_picked":["Compile Driver","Barrage+1","Ball Lightning+1","Gash+1"],"picked":"SKIP","floor":40.0},{"not_picked":["Leap+1","Gash+1","Compile Driver","Beam Cell+1"],"picked":"SKIP","floor":44},{"not_picked":["Auto Shields+1","Blizzard","Genetic Algorithm+1"],"picked":"Steam Power+1","floor":45},{"not_picked":["Streamline","Hello World","Sunder"],"picked":"Steam+1","floor":47},{"not_picked":["Compile Driver","Scrape","Redo+1"],"picked":"Undo+1","floor":48}],"player_experience":508221,"relics_obtained":[{"floor":7.0,"key":"Symbiotic Virus"},{"floor":9.0,"key":"Smiling Mask"},{"floor":10.0,"key":"Juzu Bracelet"},{"floor":23.0,"key":"Question Card"},{"floor":25.0,"key":"Blue Candle"},{"floor":26.0,"key":"Meat on the Bone"},{"floor":27.0,"key":"Nilry\u0027s Codex"},{"floor":28.0,"key":"Ice Cream"},{"floor":28.0,"key":"Toxic Egg 2"},{"floor":40.0,"key":"Bottled Tornado"},{"floor":43.0,"key":"Ornamental Fan"},{"floor":44,"key":"Blood Vial"}],"event_choices":[{"damage_healed":0.0,"max_hp_gain":0.0,"max_hp_loss":0.0,"gold_gain":0.0,"event_name":"Shining Light","player_choice":"Entered Light","floor":2.0,"gold_loss":0.0,"damage_taken":16.0,"cards_upgraded":["Zap","Strike_B"]},{"damage_healed":0.0,"max_hp_gain":0.0,"max_hp_loss":0.0,"gold_gain":59.0,"event_name":"Golden Wing","player_choice":"Gained Gold","floor":11.0,"gold_loss":0.0,"damage_taken":0.0},{"damage_healed":0.0,"max_hp_gain":0.0,"max_hp_loss":0.0,"gold_gain":99.0,"event_name":"Nest","player_choice":"Stole From Cult","floor":19.0,"gold_loss":0.0,"damage_taken":0.0},{"damage_healed":0.0,"max_hp_gain":0.0,"max_hp_loss":41.0,"gold_gain":0.0,"event_name":"Ghosts","player_choice":"Became a Ghost","floor":22.0,"gold_loss":0.0,"damage_taken":0.0,"cards_obtained":["Ghostly","Ghostly","Ghostly","Ghostly","Ghostly"]},{"damage_healed":0.0,"max_hp_gain":0.0,"max_hp_loss":0.0,"gold_gain":0.0,"event_name":"Cursed Tome","player_choice":"Obtained Book","floor":27.0,"gold_loss":0.0,"damage_taken":16.0},{"damage_healed":0.0,"max_hp_gain":0.0,"max_hp_loss":0.0,"gold_gain":0.0,"event_name":"Colosseum","player_choice":"Fight","floor":28.0,"gold_loss":0.0,"damage_taken":0.0},{"damage_healed":0.0,"max_hp_gain":0.0,"max_hp_loss":0.0,"gold_gain":0.0,"event_name":"Colosseum","player_choice":"Fought Nobs","floor":28.0,"gold_loss":0.0,"damage_taken":0.0},{"damage_healed":0.0,"max_hp_gain":0.0,"max_hp_loss":0.0,"gold_gain":0.0,"event_name":"Mysterious Sphere","player_choice":"Ignored","floor":37.0,"gold_loss":0.0,"damage_taken":0.0},{"cards_removed":["Strike_B"],"damage_healed":0.0,"max_hp_gain":0.0,"max_hp_loss":0.0,"gold_gain":0.0,"event_name":"Falling","player_choice":"Removed Attack","floor":39.0,"gold_loss":0.0,"damage_taken":0.0},{"damage_healed":0.0,"max_hp_gain":0.0,"max_hp_loss":0.0,"gold_gain":0.0,"event_name":"Tomb of Lord Red Mask","player_choice":"Paid","floor":41.0,"gold_loss":138.0,"damage_taken":0.0,"relics_obtained":["Red Mask"]}],"is_beta":true,"boss_relics":[{"not_picked":["Snecko Eye","Cursed Key"],"picked":"Sozu"},{"not_picked":["Astrolabe","Empty Cage"],"picked":"Runic Pyramid"}],"items_purged_floors":[21,38],"is_endless":false,"potions_floor_spawned":[1,4,10,16,18,20,28,28,30,36,40,44],"ascension_level":2}