{"gold_per_floor":[161,178,198,214,179,179,213,213,213,213,80,96,38,51,51,126,126,104,104,115,115,131,131],"floor_reached":23,"playtime":1621,"items_purged":[],"score":367,"play_id":"c3c2004d-c27c-499a-ab5f-9cb29e622ab3","local_time":"20190929194230","is_ascension_mode":true,"campfire_choices":[{"data":"Noxious Fumes","floor":6.0,"key":"SMITH"},{"floor":8.0,"key":"REST"},{"floor":15.0,"key":"REST"}],"neow_cost":"NONE","seed_source_timestamp":1137780555135000,"circlet_count":0,"master_deck":["AscendersBane","Strike_G","Strike_G","Strike_G","Strike_G","Strike_G","Defend_G","Defend_G","Defend_G+1","Defend_G","Defend_G","Survivor","Neutralize","Noxious Fumes+1","Leg Sweep","Deadly Poison","Endless Agony","Poisoned Stab","Envenom","PiercingWail","Bane","After Image","Escape Plan","Catalyst","Cloak And Dagger"],"special_seed":0,"relics":["Tiny House","Turnip","Bird Faced Urn","Torii","HoveringKite"],"potions_floor_usage":[22,22],"damage_taken":[{"damage":8.0,"enemies":"Small Slimes","floor":1.0,"turns":6.0},{"damage":11.0,"enemies":"Cultist","floor":2.0,"turns":4.0},{"damage":8.0,"enemies":"2 Louse","floor":3.0,"turns":4.0},{"damage":14.0,"enemies":"Gremlin Gang","floor":4.0,"turns":6.0},{"damage":34.0,"enemies":"Gremlin Nob","floor":7.0,"turns":5.0},{"damage":10.0,"enemies":"Blue Slaver","floor":12.0,"turns":5.0},{"damage":2.0,"enemies":"2 Fungi Beasts","floor":14.0,"turns":6.0},{"damage":26.0,"enemies":"The Guardian","floor":16.0,"turns":11.0},{"damage":7.0,"enemies":"2 Thieves","floor":18.0,"turns":4.0},{"damage":17.0,"enemies":"Spheric Guardian","floor":20.0,"turns":5.0},{"damage":26,"enemies":"Shelled Parasite and Fungi","floor":22,"turns":7},{"damage":41,"enemies":"Gremlin Leader","floor":23,"turns":5}],"seed_played":"7774386391166633031","potions_obtained":[{"floor":0.0,"key":"Weak Potion"},{"floor":2.0,"key":"Swift Potion"},{"floor":12.0,"key":"Weak Potion"},{"floor":14.0,"key":"EssenceOfSteel"},{"floor":18.0,"key":"Poison Potion"},{"floor":20.0,"key":"AttackPotion"}],"is_trial":false,"path_per_floor":["M","M","M","M","?","R","E","R","T","?","?","M","$","M","R","B",null,"M","?","M","?","M","E"],"character_chosen":"THE_SILENT","items_purchased":["PiercingWail"],"campfire_rested":2,"item_purchase_floors":[13],"current_hp_per_floor":[56,45,37,23,40,40,6,27,27,27,27,21,21,23,44,22,59,54,54,43,43,21,0],"gold":131,"neow_bonus":"BOSS_RELIC","is_prod":false,"is_daily":false,"chose_seed":false,"campfire_upgraded":1,"win_rate":0,"timestamp":1569811350,"path_taken":["M","M","M","M","?","R","E","R","T","?","?","M","$","?","R","BOSS","M","?","M","?","M","E"],"build_version":"2019-09-27","purchased_purges":0,"victory":false,"max_hp_per_floor":[71,71,71,71,71,71,71,71,71,71,71,71,71,71,71,71,71,71,71,71,71,71,71],"card_choices":[{"not_picked":["Dagger Throw","Heel Hook"],"picked":"Noxious Fumes","floor":0.0},{"not_picked":["Deflect","Backflip"],"picked":"Leg Sweep","floor":1.0},{"not_picked":["Flechettes","Bane"],"picked":"Deadly Poison","floor":2.0},{"not_picked":["Dodge and Roll","Finisher"],"picked":"Endless Agony","floor":3.0},{"not_picked":["Quick Slash","Cloak And Dagger"],"picked":"Poisoned Stab","floor":4.0},{"not_picked":["Dodge and Roll","Finisher"],"picked":"Envenom","floor":7.0},{"not_picked":["Deflect","Underhanded Strike","Acrobatics"],"picked":"SKIP","floor":12.0},{"not_picked":["Endless Agony","Flying Knee"],"picked":"Bane","floor":14.0},{"not_picked":["Burst","Unload"],"picked":"After Image","floor":16.0},{"not_picked":["Masterful Stab","Bane"],"picked":"Escape Plan","floor":18.0},{"not_picked":["Skewer","Bane"],"picked":"Catalyst","floor":20.0},{"not_picked":["Underhanded Strike","Blade Dance"],"picked":"Cloak And Dagger","floor":22}],"player_experience":1503576,"relics_obtained":[{"floor":7.0,"key":"Turnip"},{"floor":9.0,"key":"Bird Faced Urn"}],"event_choices":[{"damage_healed":17.0,"max_hp_gain":0.0,"max_hp_loss":0.0,"gold_gain":0.0,"event_name":"The Cleric","player_choice":"Healed","floor":5.0,"gold_loss":35.0,"damage_taken":0.0},{"damage_healed":0.0,"max_hp_gain":0.0,"max_hp_loss":0.0,"gold_gain":0.0,"event_name":"Liars Game","player_choice":"Ignored","floor":10.0,"gold_loss":0.0,"damage_taken":0.0},{"damage_healed":0.0,"max_hp_gain":0.0,"max_hp_loss":0.0,"gold_gain":0.0,"event_name":"WeMeetAgain","player_choice":"Paid Gold","floor":11.0,"gold_loss":133.0,"damage_taken":0.0,"relics_obtained":["Torii"]},{"damage_healed":0.0,"max_hp_gain":0.0,"max_hp_loss":0.0,"gold_gain":0.0,"event_name":"Ghosts","player_choice":"Ignored","floor":19.0,"gold_loss":0.0,"damage_taken":0.0},{"damage_healed":0.0,"max_hp_gain":0.0,"max_hp_loss":0.0,"gold_gain":0.0,"event_name":"Lab","player_choice":"Got Potions","floor":21.0,"gold_loss":0.0,"damage_taken":0.0}],"is_beta":true,"boss_relics":[{"not_picked":["Pandora\u0027s Box","Coffee Dripper"],"picked":"HoveringKite"}],"items_purged_floors":[],"is_endless":false,"potions_floor_spawned":[2,3,12,14,18,20],"killed_by":"Gremlin Leader","ascension_level":18}