{"gold_per_floor":[119,119,130,140,140,166,166,192,192,204,40,40,55,55,55,150,150,130,140,154,171,76,103,103,103],"floor_reached":25,"playtime":1766,"items_purged":["Pain"],"score":291,"play_id":"b868a73b-0668-46fa-9370-9ac9081b6835","local_time":"20190926000934","is_ascension_mode":true,"campfire_choices":[{"floor":7.0,"key":"REST"},{"data":"Blur","floor":15,"key":"SMITH"},{"floor":24,"key":"REST"}],"neow_cost":"NONE","seed_source_timestamp":0,"circlet_count":0,"master_deck":["Strike_G","Strike_G","Strike_G","Strike_G+1","Strike_G","Defend_G","Defend_G","Defend_G","Defend_G","Defend_G","Survivor+1","Neutralize","Sucker Punch","Backstab","Noxious Fumes","Prepared","Distraction","Burst","Backflip","Bandage Up","Blur+1","Night Terror","Dagger Spray+1","Noxious Fumes+1","Footwork","Finesse"],"special_seed":0,"relics":["Ring of the Snake","WarpedTongs","CaptainsWheel","Ginger","TungstenRod","Philosopher\u0027s Stone","Unceasing Top"],"potions_floor_usage":[18,18,18,23,25],"damage_taken":[{"damage":6.0,"enemies":"Small Slimes","floor":1.0,"turns":6.0},{"damage":4.0,"enemies":"Cultist","floor":3.0,"turns":3.0},{"damage":1.0,"enemies":"2 Louse","floor":4.0,"turns":4.0},{"damage":16.0,"enemies":"3 Sentries","floor":6.0,"turns":8.0},{"damage":22.0,"enemies":"Gremlin Nob","floor":8.0,"turns":5.0},{"damage":3.0,"enemies":"Blue Slaver","floor":10.0,"turns":3.0},{"damage":0.0,"enemies":"3 Louse","floor":13.0,"turns":3.0},{"damage":5,"enemies":"Hexaghost","floor":16,"turns":16},{"damage":21,"enemies":"2 Thieves","floor":18,"turns":4},{"damage":0,"enemies":"3 Byrds","floor":19,"turns":5},{"damage":42,"enemies":"3 Cultists","floor":20,"turns":7},{"damage":28,"enemies":"Chosen and Byrds","floor":21,"turns":5},{"damage":30,"enemies":"Book of Stabbing","floor":23,"turns":6},{"damage":36,"enemies":"Slavers","floor":25,"turns":4}],"seed_played":"7108316483518477805","potions_obtained":[{"floor":4.0,"key":"SteroidPotion"},{"floor":13.0,"key":"Poison Potion"},{"floor":16,"key":"FearPotion"},{"floor":20,"key":"Energy Potion"},{"floor":21,"key":"SteroidPotion"}],"is_trial":false,"path_per_floor":["M","?","M","M","?","E","R","E","T","M","$","?","M","$","R","B",null,"M","M","M","M","$","E","R","E"],"character_chosen":"THE_SILENT","items_purchased":["Bandage Up","Finesse"],"campfire_rested":2,"item_purchase_floors":[11,22],"current_hp_per_floor":[64,64,60,59,45,29,50,28,28,25,25,30,34,34,34,33,65,48,72,54,32,32,6,28,0],"gold":103,"neow_bonus":"THREE_CARDS","is_prod":false,"is_daily":false,"chose_seed":false,"campfire_upgraded":1,"win_rate":0,"timestamp":1569449374,"path_taken":["M","?","?","M","?","E","R","E","T","M","$","?","M","?","R","BOSS","M","M","M","M","$","E","R","E"],"build_version":"2019-09-25","purchased_purges":1,"victory":false,"max_hp_per_floor":[70,70,70,70,70,70,70,70,70,70,70,75,75,75,75,75,75,75,75,75,75,75,75,75,75],"card_choices":[{"not_picked":["Deflect","Flying Knee"],"picked":"Sucker Punch","floor":0.0},{"not_picked":["Flying Knee","PiercingWail"],"picked":"Backstab","floor":1.0},{"not_picked":["Sucker Punch","Expertise"],"picked":"Noxious Fumes","floor":3.0},{"not_picked":["Dodge and Roll","Catalyst"],"picked":"Prepared","floor":4.0},{"not_picked":["Poisoned Stab","Skewer"],"picked":"Distraction","floor":6.0},{"not_picked":["Prepared","Expertise"],"picked":"Burst","floor":8.0},{"not_picked":["Outmaneuver","Poisoned Stab"],"picked":"Backflip","floor":10.0},{"not_picked":["Caltrops","Quick Slash"],"picked":"Blur","floor":13.0},{"not_picked":["Die Die Die","Unload"],"picked":"Night Terror","floor":16},{"not_picked":["Escape Plan+1","Infinite Blades"],"picked":"Dagger Spray+1","floor":18},{"not_picked":["Blade Dance","Concentrate","Outmaneuver"],"picked":"SKIP","floor":19},{"not_picked":["Deadly Poison","Blade Dance+1"],"picked":"Noxious Fumes+1","floor":20},{"not_picked":["Quick Slash","Dagger Spray"],"picked":"Footwork","floor":21},{"not_picked":["Caltrops","Bullet Time","Dagger Spray"],"picked":"SKIP","floor":23}],"player_experience":276314,"relics_obtained":[{"floor":6.0,"key":"CaptainsWheel"},{"floor":8.0,"key":"Ginger"},{"floor":9.0,"key":"TungstenRod"},{"floor":23,"key":"Unceasing Top"}],"event_choices":[{"damage_healed":0.0,"max_hp_gain":0.0,"max_hp_loss":0.0,"gold_gain":0.0,"event_name":"Accursed Blacksmith","player_choice":"Rummage","floor":2.0,"gold_loss":0.0,"damage_taken":0.0,"relics_obtained":["WarpedTongs"],"cards_obtained":["Pain"]},{"damage_healed":0.0,"max_hp_gain":0.0,"max_hp_loss":0.0,"gold_gain":0.0,"event_name":"Shining Light","player_choice":"Entered Light","floor":5.0,"gold_loss":0.0,"damage_taken":14.0,"cards_upgraded":["Survivor","Strike_G"]},{"damage_healed":0.0,"max_hp_gain":5.0,"max_hp_loss":0.0,"gold_gain":0.0,"event_name":"Big Fish","player_choice":"Donut","floor":12.0,"gold_loss":0.0,"damage_taken":0.0}],"is_beta":true,"boss_relics":[{"not_picked":["WristBlade","Fusion Hammer"],"picked":"Philosopher\u0027s Stone"}],"items_purged_floors":[11],"is_endless":false,"potions_floor_spawned":[4,13,16,20,21],"killed_by":"Slavers","ascension_level":5}