{"gold_per_floor":[361,22,33,43,19,44,44,64,90,90,121,141,153,153,153,255,255,275,303,303,303,315,315,344,359,359],"floor_reached":26,"playtime":9459,"items_purged":[],"score":238,"play_id":"a0eece95-e5f3-42a0-a753-55409d6158a1","local_time":"20190808223616","is_ascension_mode":false,"campfire_choices":[{"floor":7.0,"key":"REST"},{"floor":10.0,"key":"REST"},{"data":"Sadistic Nature","floor":15.0,"key":"SMITH"},{"floor":23,"key":"REST"}],"neow_cost":"CURSE","seed_source_timestamp":0,"circlet_count":0,"master_deck":["Strike_B","Strike_B","Strike_B","Strike_B","Defend_B","Defend_B","Defend_B","Defend_B","Zap","Dualcast","Heatsinks","White Noise","Sadistic Nature+1","Lockon","Static Discharge","Conserve Battery","Go for the Eyes","Ball Lightning","Barrage","Melter","Redo","Hello World","Buffer","Beam Cell+1","Consume+1","RitualDagger","Redo","Scrape","Streamline+1"],"special_seed":0,"relics":["Cracked Core","Potion Belt","Juzu Bracelet","Anchor","Philosopher\u0027s Stone","Red Mask","Shovel","Shuriken"],"potions_floor_usage":[25,25],"damage_taken":[{"damage":1.0,"enemies":"Cultist","floor":1.0,"turns":3.0},{"damage":8.0,"enemies":"Small Slimes","floor":3.0,"turns":3.0},{"damage":11.0,"enemies":"Jaw Worm","floor":4.0,"turns":4.0},{"damage":28.0,"enemies":"Gremlin Nob","floor":6.0,"turns":4.0},{"damage":7.0,"enemies":"Looter","floor":8.0,"turns":2.0},{"damage":14.0,"enemies":"Lagavulin","floor":11.0,"turns":6.0},{"damage":0.0,"enemies":"Exordium Wildlife","floor":12.0,"turns":2.0},{"damage":0.0,"enemies":"3 Louse","floor":13.0,"turns":2.0},{"damage":26.0,"enemies":"The Guardian","floor":16.0,"turns":8.0},{"damage":9.0,"enemies":"Shell Parasite","floor":18.0,"turns":4.0},{"damage":44,"enemies":"Masked Bandits","floor":19,"turns":4},{"damage":0,"enemies":"Chosen","floor":22,"turns":5},{"damage":43,"enemies":"Book of Stabbing","floor":24,"turns":5},{"damage":28,"enemies":"Centurion and Healer","floor":25,"turns":3}],"seed_played":"6233462360242104525","potions_obtained":[{"floor":1.0,"key":"SteroidPotion"},{"floor":3.0,"key":"Swift Potion"},{"floor":8.0,"key":"SteroidPotion"},{"floor":11.0,"key":"PowerPotion"},{"floor":12.0,"key":"Poison Potion"},{"floor":22,"key":"Regen Potion"},{"floor":24,"key":"GamblersBrew"}],"is_trial":false,"path_per_floor":["M","$","M","M","$","E","R","M","T","R","E","M","M","?","R","B",null,"M","?","?","?","M","R","E","M","T"],"character_chosen":"DEFECT","items_purchased":["White Noise","Sadistic Nature","Lockon","Go for the Eyes"],"campfire_rested":3,"item_purchase_floors":[2,2,2,5],"current_hp_per_floor":[74,74,66,55,55,27,49,42,42,64,50,50,50,50,50,24,75,66,22,16,41,41,63,20,1,1],"gold":359,"neow_bonus":"TWO_FIFTY_GOLD","is_prod":false,"is_daily":false,"chose_seed":false,"campfire_upgraded":1,"win_rate":0,"timestamp":1565321776,"path_taken":["M","$","M","M","?","E","R","M","T","R","E","M","M","?","R","BOSS","M","?","?","?","M","R","E","M","T"],"build_version":"2019-07-05","purchased_purges":0,"victory":false,"max_hp_per_floor":[75,75,75,75,75,75,75,75,75,75,75,75,75,75,75,75,75,75,75,75,75,75,75,75,75,75],"card_choices":[{"not_picked":["Streamline","Hologram"],"picked":"Heatsinks","floor":1.0},{"not_picked":["Coolheaded","Skim"],"picked":"Static Discharge","floor":3.0},{"not_picked":["Scrape","Stack"],"picked":"Conserve Battery","floor":4.0},{"not_picked":["Leap","Coolheaded"],"picked":"Ball Lightning","floor":6.0},{"not_picked":["Heatsinks","Gash"],"picked":"Barrage","floor":8.0},{"not_picked":["Cold Snap","Compile Driver"],"picked":"Melter","floor":11.0},{"not_picked":["Go for the Eyes","Recycle"],"picked":"Redo","floor":12.0},{"not_picked":["Cold Snap","Multi-Cast"],"picked":"Hello World","floor":13.0},{"not_picked":["Biased Cognition","Echo Form"],"picked":"Buffer","floor":16.0},{"not_picked":["Turbo","Consume"],"picked":"Beam Cell+1","floor":18.0},{"not_picked":["Steam","Rebound"],"picked":"Consume+1","floor":19},{"not_picked":["Barrage+1","Stack+1"],"picked":"Redo","floor":22},{"not_picked":["Capacitor","Leap"],"picked":"Scrape","floor":24},{"not_picked":["Steam","Rebound"],"picked":"Streamline+1","floor":25}],"player_experience":197044,"relics_obtained":[{"floor":6.0,"key":"Potion Belt"},{"floor":9.0,"key":"Juzu Bracelet"},{"floor":11.0,"key":"Anchor"},{"floor":19,"key":"Red Mask"},{"floor":24,"key":"Shovel"},{"floor":26,"key":"Shuriken"}],"event_choices":[{"cards_removed":["Doubt"],"damage_healed":0.0,"max_hp_gain":0.0,"max_hp_loss":0.0,"gold_gain":0.0,"event_name":"Fountain of Cleansing","player_choice":"Removed Curses","floor":14.0,"gold_loss":0.0,"damage_taken":0.0},{"damage_healed":0,"gold_gain":0,"player_choice":"Fought Bandits","damage_taken":0,"max_hp_gain":0,"max_hp_loss":0,"event_name":"Masked Bandits","floor":19,"gold_loss":0},{"damage_healed":0,"gold_gain":0,"player_choice":"Joined the Cult","damage_taken":6,"max_hp_gain":0,"max_hp_loss":0,"event_name":"Nest","floor":20,"gold_loss":0,"cards_obtained":["RitualDagger"]},{"damage_healed":25,"gold_gain":0,"player_choice":"Heal","damage_taken":0,"max_hp_gain":0,"max_hp_loss":0,"event_name":"The Library","floor":21,"gold_loss":0}],"is_beta":false,"boss_relics":[{"not_picked":["Empty Cage","Snecko Eye"],"picked":"Philosopher\u0027s Stone"}],"items_purged_floors":[],"is_endless":false,"potions_floor_spawned":[1,3,8,11,12,22,24],"ascension_level":0}