{"gold_per_floor":[359,372,257,257,257,257,275,288,288,306,306,326,326,344,344,447,447,464,389,389,389,409,409,423,439,462,475,495,495,507,169,169,169],"floor_reached":33,"playtime":4304,"items_purged":["Injury","Defend_R"],"score":243,"play_id":"33c0f8a8-4ab8-4d2e-962a-1007a52a9549","local_time":"20190803063247","is_ascension_mode":false,"campfire_choices":[{"floor":6,"key":"REST"},{"data":"Uppercut","floor":11,"key":"SMITH"},{"data":"Reaper","floor":15,"key":"SMITH"},{"floor":23,"key":"REST"},{"data":"Corruption","floor":32,"key":"SMITH"}],"neow_cost":"CURSE","seed_source_timestamp":103383448955600,"circlet_count":0,"master_deck":["Strike_R","Strike_R+1","Strike_R","Strike_R","Strike_R","Defend_R+1","Bash","Armaments","Uppercut+1","Second Wind","True Grit+1","Reaper+1","Power Through+1","Offering+1","Carnage","Entrench+1","Shrug It Off+1","Corruption+1","Master of Strategy+1","Shrug It Off+1"],"relics":["Burning Blood","Toxic Egg 2","Darkstone Periapt","White Beast Statue","Happy Flower","PreservedInsect"],"potions_floor_usage":[16,16,16,25,27,28,33,33],"damage_taken":[{"damage":8,"enemies":"Small Slimes","floor":1,"turns":3},{"damage":9,"enemies":"2 Louse","floor":2,"turns":3},{"damage":3,"enemies":"Jaw Worm","floor":7,"turns":3},{"damage":19,"enemies":"3 Louse","floor":8,"turns":4},{"damage":0,"enemies":"Exordium Wildlife","floor":10,"turns":4},{"damage":7,"enemies":"Looter","floor":12,"turns":3},{"damage":4,"enemies":"2 Fungi Beasts","floor":14,"turns":5},{"damage":18,"enemies":"The Guardian","floor":16,"turns":10},{"damage":72,"enemies":"3 Byrds","floor":18,"turns":12},{"damage":16,"enemies":"Spheric Guardian","floor":22,"turns":4},{"damage":7,"enemies":"Snake Plant","floor":24,"turns":3},{"damage":15,"enemies":"Snecko","floor":25,"turns":6},{"damage":21,"enemies":"Centurion and Healer","floor":27,"turns":5},{"damage":8,"enemies":"Snake Plant","floor":28,"turns":4},{"damage":17,"enemies":"Chosen and Byrds","floor":30,"turns":7},{"damage":116,"enemies":"Collector","floor":33,"turns":6}],"seed_played":"-2330954989471880071","potions_obtained":[{"floor":7,"key":"PowerPotion"},{"floor":8,"key":"BloodPotion"},{"floor":10,"key":"Energy Potion"},{"floor":14,"key":"GamblersBrew"},{"floor":18,"key":"SneckoOil"},{"floor":22,"key":"Explosive Potion"},{"floor":24,"key":"SkillPotion"},{"floor":25,"key":"AttackPotion"},{"floor":27,"key":"SkillPotion"},{"floor":28,"key":"BloodPotion"},{"floor":30,"key":"Energy Potion"}],"is_trial":false,"path_per_floor":["M","M","$","?","?","R","M","M","T","M","R","M","?","M","R","B",null,"M","?","?","?","M","R","M","M","T","M","M","?","M","$","R","B"],"character_chosen":"IRONCLAD","items_purchased":["Second Wind","Master of Strategy+1","Shrug It Off+1"],"campfire_rested":2,"item_purchase_floors":[3,31,31],"current_hp_per_floor":[78,75,75,68,52,76,79,66,66,72,72,71,64,70,70,68,80,20,20,46,46,36,60,59,55,55,40,38,80,74,74,74,0],"gold":169,"neow_bonus":"TWO_FIFTY_GOLD","is_prod":false,"is_daily":false,"chose_seed":false,"campfire_upgraded":3,"win_rate":0.0,"timestamp":1564831967,"path_taken":["M","M","$","?","?","R","M","M","T","M","R","M","?","M","R","BOSS","M","?","?","?","M","R","M","M","T","M","M","?","?","$","R","BOSS"],"build_version":"2019-07-05","purchased_purges":2,"victory":false,"max_hp_per_floor":[80,80,80,80,80,80,80,80,80,80,80,80,80,80,80,80,80,80,80,80,80,80,80,80,80,80,80,80,80,80,80,80,80],"card_choices":[{"not_picked":["Perfected Strike","Thunderclap"],"picked":"Armaments","floor":1},{"not_picked":["Power Through","Pommel Strike"],"picked":"Uppercut","floor":2},{"not_picked":["Thunderclap","Bloodletting+1","Heavy Blade"],"picked":"SKIP","floor":7},{"not_picked":["Twin Strike","Sword Boomerang"],"picked":"True Grit+1","floor":8},{"not_picked":["Iron Wave","Thunderclap","Sword Boomerang"],"picked":"SKIP","floor":10},{"not_picked":["Dropkick","Headbutt"],"picked":"Reaper","floor":12},{"not_picked":["Sword Boomerang","Clash"],"picked":"Power Through+1","floor":14},{"not_picked":["Juggernaut","Impervious+1"],"picked":"Offering+1","floor":16},{"not_picked":["Pommel Strike","Perfected Strike"],"picked":"Carnage","floor":18},{"not_picked":["Twin Strike","Flex+1","Iron Wave"],"picked":"SKIP","floor":22},{"not_picked":["Clash","Sword Boomerang"],"picked":"Intimidate+1","floor":24},{"not_picked":["Iron Wave","Cleave","Searing Blow"],"picked":"SKIP","floor":25},{"not_picked":["Anger","Dual Wield+1"],"picked":"Entrench+1","floor":27},{"not_picked":["Fire Breathing+1","Rage+1"],"picked":"Shrug It Off+1","floor":28},{"not_picked":["Clash","Entrench+1"],"picked":"Corruption","floor":30}],"player_experience":36852,"relics_obtained":[{"floor":9,"key":"Darkstone Periapt"},{"floor":26,"key":"PreservedInsect"}],"event_choices":[{"damage_healed":0,"gold_gain":0,"player_choice":"Success","damage_taken":7,"relics_obtained":["Toxic Egg 2"],"max_hp_gain":0,"max_hp_loss":0,"event_name":"Scrap Ooze","floor":4,"gold_loss":0},{"damage_healed":0,"gold_gain":0,"player_choice":"Entered Light","damage_taken":16,"max_hp_gain":0,"max_hp_loss":0,"event_name":"Shining Light","floor":5,"gold_loss":0,"cards_upgraded":["Strike_R","Defend_R"]},{"cards_removed":["Defend_R"],"damage_healed":0,"gold_gain":0,"player_choice":"Card Removal","damage_taken":7,"max_hp_gain":0,"max_hp_loss":0,"event_name":"Golden Wing","floor":13,"gold_loss":0},{"cards_removed":["Defend_R"],"damage_healed":0,"gold_gain":0,"player_choice":"Gave Gold","damage_taken":0,"max_hp_gain":0,"max_hp_loss":0,"event_name":"Beggar","floor":19,"gold_loss":75},{"damage_healed":26,"gold_gain":0,"player_choice":"Heal","damage_taken":0,"max_hp_gain":0,"max_hp_loss":0,"event_name":"The Library","floor":20,"gold_loss":0},{"damage_healed":0,"gold_gain":0,"player_choice":"Opened","damage_taken":0,"relics_obtained":["Happy Flower"],"max_hp_gain":0,"max_hp_loss":0,"event_name":"The Mausoleum","floor":21,"gold_loss":0},{"cards_removed":["Intimidate"],"damage_healed":42,"gold_gain":0,"player_choice":"Offered Uncommon","damage_taken":0,"max_hp_gain":0,"max_hp_loss":0,"event_name":"Bonfire Elementals","floor":29,"gold_loss":0}],"is_beta":false,"boss_relics":[{"not_picked":["Runic Pyramid","Sozu"],"picked":"White Beast Statue"}],"items_purged_floors":[3,31],"is_endless":false,"potions_floor_spawned":[7,8,10,14,18,22,24,25,27,28,30],"killed_by":"Collector","ascension_level":0}