{"gold_per_floor":[115,115,134,148,148,182,182,28,98,109,134,156,168],"floor_reached":13,"playtime":545,"items_purged":[],"score":114,"play_id":"86e28d06-575b-42dc-ba7c-206f1eaae5e5","local_time":"20190917221741","is_ascension_mode":true,"campfire_choices":[{"data":"Echo Form","floor":7,"key":"SMITH"}],"neow_cost":"NONE","seed_source_timestamp":287643855379800,"circlet_count":0,"master_deck":["Strike_B","Strike_B","Strike_B","Strike_B","Defend_B","Defend_B","Defend_B","Defend_B","Zap","Dualcast","Core Surge","Sweeping Beam","Go for the Eyes","Echo Form+1","Defragment","Melter","Glacier"],"relics":["Cracked Core","NlothsMask","Dream Catcher","DataDisk","MawBank"],"potions_floor_usage":[11,12,13,13],"damage_taken":[{"damage":1,"enemies":"Cultist","floor":1,"turns":3},{"damage":2,"enemies":"Jaw Worm","floor":3,"turns":2},{"damage":1,"enemies":"2 Louse","floor":4,"turns":2},{"damage":42,"enemies":"3 Sentries","floor":6,"turns":7},{"damage":6,"enemies":"Exordium Wildlife","floor":10,"turns":3},{"damage":25,"enemies":"Lagavulin","floor":11,"turns":5},{"damage":0,"enemies":"2 Fungi Beasts","floor":12,"turns":2},{"damage":4,"enemies":"Gremlin Nob","floor":13,"turns":3}],"seed_played":"-7253829080161132","potions_obtained":[{"floor":1,"key":"EssenceOfSteel"},{"floor":4,"key":"Fire Potion"},{"floor":10,"key":"PowerPotion"},{"floor":11,"key":"Dexterity Potion"}],"is_trial":false,"path_per_floor":["M","?","M","M","?","E","R","$","T","M","E","M","E"],"character_chosen":"DEFECT","items_purchased":["DataDisk"],"campfire_rested":0,"item_purchase_floors":[8],"current_hp_per_floor":[74,79,77,76,76,34,34,34,34,28,3,3,0],"gold":168,"neow_bonus":"ONE_RANDOM_RARE_CARD","is_prod":false,"is_daily":false,"chose_seed":false,"campfire_upgraded":1,"win_rate":0,"timestamp":1568751461,"path_taken":["M","?","M","M","?","E","R","$","T","?","E","M","E"],"build_version":"2019-09-17","purchased_purges":0,"victory":false,"max_hp_per_floor":[75,80,80,80,80,80,80,80,80,80,80,80,80],"card_choices":[{"not_picked":["Chaos","Force Field","Beam Cell"],"picked":"SKIP","floor":1},{"not_picked":["Static Discharge","Turbo"],"picked":"Sweeping Beam","floor":3},{"not_picked":["Ball Lightning","Redo"],"picked":"Go for the Eyes","floor":4},{"not_picked":["Skim","Doom and Gloom"],"picked":"Echo Form","floor":6},{"not_picked":["Coolheaded","Barrage"],"picked":"Defragment","floor":10},{"not_picked":["Sweeping Beam","Loop"],"picked":"Melter","floor":11},{"not_picked":["Auto Shields","Coolheaded"],"picked":"Glacier","floor":12}],"player_experience":251558,"relics_obtained":[{"floor":6,"key":"Dream Catcher"},{"floor":11,"key":"MawBank"}],"event_choices":[{"damage_healed":0,"gold_gain":0,"player_choice":"Donut","damage_taken":0,"max_hp_gain":5,"max_hp_loss":0,"event_name":"Big Fish","floor":2,"gold_loss":0},{"damage_healed":0,"gold_gain":0,"player_choice":"Trade","damage_taken":0,"relics_obtained":["NlothsMask"],"max_hp_gain":0,"max_hp_loss":0,"event_name":"FaceTrader","floor":5,"gold_loss":0}],"is_beta":true,"boss_relics":[],"items_purged_floors":[],"is_endless":false,"potions_floor_spawned":[1,4,10,11],"killed_by":"Gremlin Nob","ascension_level":4}