{"gold_per_floor":[111,111,186,197,213,213,238,238,238,47,57,70,95,95,95,172,172,185,199,199,114,127,127,160,180,180,18,28,28,44,62,62,139,139,153,153,173,190,208,208,226,448,474,474,58,83,83,93,93,93],"floor_reached":51,"playtime":4598,"items_purged":["Doubt"],"score":1211,"play_id":"b5045642-1bfc-4ab8-ad0a-8e85d0da4f36","local_time":"20190929133351","is_ascension_mode":true,"campfire_choices":[{"data":"Envenom","floor":6.0,"key":"SMITH"},{"data":"Dagger Spray","floor":8.0,"key":"SMITH"},{"data":"Apotheosis","floor":15.0,"key":"SMITH"},{"floor":23.0,"key":"REST"},{"floor":29.0,"key":"REST"},{"floor":32.0,"key":"REST"},{"data":"Night Terror","floor":40.0,"key":"SMITH"},{"floor":44.0,"key":"REST"},{"data":"Secret Technique","floor":49.0,"key":"SMITH"}],"neow_cost":"NONE","seed_source_timestamp":1112004892230999,"circlet_count":0,"master_deck":["AscendersBane","Strike_G","Strike_G","Strike_G","Strike_G","Strike_G","Defend_G","Defend_G","Defend_G","Defend_G","Defend_G","Survivor","Neutralize+1","Dagger Throw","Dagger Spray+1","Envenom+1","Backstab","Apotheosis+1","Bouncing Flask","Corpse Explosion","Wraith Form v2","Deadly Poison","Decay","PiercingWail","Blur","Doubt","Backstab+1","Cloak And Dagger","After Image","Night Terror+1","CurseOfTheBell","Crippling Poison+1","Backstab+1","Adrenaline","Secret Technique+1","Dark Shackles","PanicButton"],"special_seed":0,"relics":["SacredBark","Matryoshka","Happy Flower","Blue Candle","Ginger","Cursed Key","Gambling Chip","Red Mask","Molten Egg 2","HornCleat","Potion Belt","Calling Bell","Toy Ornithopter","White Beast Statue","Ice Cream","InkBottle","Bag of Marbles","FossilizedHelix"],"potions_floor_usage":[50,50,50],"damage_taken":[{"damage":2.0,"enemies":"Jaw Worm","floor":1.0,"turns":8.0},{"damage":0.0,"enemies":"2 Louse","floor":4.0,"turns":2.0},{"damage":7.0,"enemies":"Small Slimes","floor":5.0,"turns":4.0},{"damage":37.0,"enemies":"3 Sentries","floor":7.0,"turns":9.0},{"damage":0.0,"enemies":"2 Fungi Beasts","floor":11.0,"turns":2.0},{"damage":7.0,"enemies":"Exordium Wildlife","floor":12.0,"turns":5.0},{"damage":14.0,"enemies":"Gremlin Nob","floor":13.0,"turns":4.0},{"damage":16.0,"enemies":"Hexaghost","floor":16.0,"turns":6.0},{"damage":14.0,"enemies":"2 Thieves","floor":18.0,"turns":2.0},{"damage":30.0,"enemies":"Spheric Guardian","floor":19.0,"turns":6.0},{"damage":12.0,"enemies":"Snake Plant","floor":22.0,"turns":3.0},{"damage":2.0,"enemies":"Masked Bandits","floor":24.0,"turns":3.0},{"damage":12.0,"enemies":"Centurion and Healer","floor":25.0,"turns":5.0},{"damage":2.0,"enemies":"Sentry and Sphere","floor":28.0,"turns":5.0},{"damage":0.0,"enemies":"Snecko","floor":30.0,"turns":5.0},{"damage":49.0,"enemies":"Shelled Parasite and Fungi","floor":31.0,"turns":5.0},{"damage":15.0,"enemies":"Automaton","floor":33.0,"turns":9.0},{"damage":0.0,"enemies":"3 Darklings","floor":35.0,"turns":2.0},{"damage":19.0,"enemies":"Orb Walker","floor":37.0,"turns":4.0},{"damage":1.0,"enemies":"Sphere and 2 Shapes","floor":38.0,"turns":6.0},{"damage":6.0,"enemies":"Spire Growth","floor":39.0,"turns":5.0},{"damage":11.0,"enemies":"4 Shapes","floor":41.0,"turns":9.0},{"damage":4.0,"enemies":"Reptomancer","floor":46.0,"turns":6.0},{"damage":0.0,"enemies":"3 Darklings","floor":48.0,"turns":3.0},{"damage":42,"enemies":"Awakened One","floor":50,"turns":16}],"seed_played":"1348530816126742962","potions_obtained":[{"floor":4.0,"key":"Regen Potion"},{"floor":7.0,"key":"EntropicBrew"},{"floor":11.0,"key":"Weak Potion"},{"floor":18.0,"key":"LiquidBronze"},{"floor":25.0,"key":"Strength Potion"},{"floor":28.0,"key":"Regen Potion"},{"floor":33.0,"key":"PowerPotion"},{"floor":35.0,"key":"CunningPotion"},{"floor":37.0,"key":"SteroidPotion"},{"floor":39.0,"key":"PowerPotion"},{"floor":41.0,"key":"FearPotion"},{"floor":46.0,"key":"Fire Potion"},{"floor":48.0,"key":"SpeedPotion"}],"is_trial":false,"path_per_floor":["M","?","?","M","M","R","E","R","T","$","M","M","E","?","R","B",null,"M","M","?","?","M","R","?","M","T","$","M","R","M","M","R","B",null,"M","?","M","M","M","R","M","?","T","R","$","E","?","M","R","B",null],"character_chosen":"THE_SILENT","items_purchased":["Apotheosis","Potion Belt","Bag of Marbles","Adrenaline"],"campfire_rested":4,"item_purchase_floors":[10,27,45,45],"current_hp_per_floor":[57,57,46,46,39,39,54,54,54,54,54,47,33,38,38,22,59,45,15,15,15,3,24,22,10,10,10,8,29,29,20,41,26,60,60,60,41,40,44,44,33,33,33,53,53,54,44,49,49,22],"gold":93,"neow_bonus":"BOSS_RELIC","is_prod":false,"is_daily":false,"chose_seed":false,"campfire_upgraded":5,"win_rate":0,"timestamp":1569789231,"path_taken":["M","?","?","M","M","R","E","R","T","$","M","M","E","?","R","BOSS","M","M","?","?","M","R","?","M","T","$","?","R","?","M","R","BOSS","M","?","M","M","M","R","M","?","T","R","$","E","?","M","R","BOSS"],"build_version":"2019-09-27","purchased_purges":1,"victory":true,"max_hp_per_floor":[66,66,66,66,66,66,66,66,66,66,66,66,66,71,71,71,71,71,71,71,71,71,71,71,71,71,71,71,71,71,71,71,71,71,71,67,67,67,67,67,67,67,67,67,67,67,67,67,67,67],"card_choices":[{"not_picked":["Deflect","Dodge and Roll"],"picked":"Dagger Throw","floor":1.0},{"not_picked":["Dodge and Roll","Accuracy"],"picked":"Dagger Spray","floor":4.0},{"not_picked":["Dagger Spray","Prepared"],"picked":"Envenom","floor":5.0},{"not_picked":["Acrobatics","Eviscerate"],"picked":"Backstab","floor":7.0},{"not_picked":["Dagger Spray","Masterful Stab","Choke"],"picked":"SKIP","floor":11.0},{"not_picked":["Acrobatics","Blade Dance"],"picked":"Bouncing Flask","floor":12.0},{"not_picked":["Distraction","Riddle With Holes"],"picked":"Corpse Explosion","floor":13.0},{"not_picked":["Adrenaline","Storm of Steel"],"picked":"Wraith Form v2","floor":16.0},{"not_picked":["Sucker Punch","Dagger Spray","Dodge and Roll"],"picked":"SKIP","floor":18.0},{"not_picked":["Sucker Punch+1","Underhanded Strike"],"picked":"Deadly Poison","floor":19.0},{"not_picked":["Acrobatics","Distraction"],"picked":"PiercingWail","floor":22.0},{"not_picked":["Prepared","Dodge and Roll"],"picked":"Blur","floor":24.0},{"not_picked":["Quick Slash","Underhanded Strike","Outmaneuver"],"picked":"SKIP","floor":25.0},{"not_picked":["Underhanded Strike+1","Dagger Throw+1"],"picked":"Backstab+1","floor":28.0},{"not_picked":["Sucker Punch+1","Dagger Spray+1"],"picked":"Cloak And Dagger","floor":30.0},{"not_picked":["Dagger Spray+1","Quick Slash+1"],"picked":"After Image","floor":31.0},{"not_picked":["Storm of Steel","A Thousand Cuts"],"picked":"Night Terror","floor":33.0},{"not_picked":["Dagger Throw+1","Finisher+1","Tactician"],"picked":"SKIP","floor":35.0},{"not_picked":["Bane+1","Dagger Spray+1","Acrobatics"],"picked":"SKIP","floor":37.0},{"not_picked":["Dagger Throw+1","Acrobatics+1"],"picked":"Crippling Poison+1","floor":38.0},{"not_picked":["Blade Dance","Outmaneuver","Dagger Spray+1"],"picked":"SKIP","floor":39.0},{"not_picked":["PiercingWail","Cloak And Dagger"],"picked":"Backstab+1","floor":41.0},{"not_picked":["After Image","Cloak And Dagger","Concentrate+1"],"picked":"SKIP","floor":46.0},{"not_picked":["Finesse","Apotheosis"],"picked":"Secret Technique","floor":47.0},{"not_picked":["Jack Of All Trades","Discovery"],"picked":"Dark Shackles","floor":47.0},{"not_picked":["Blind","Bandage Up"],"picked":"PanicButton","floor":47.0},{"not_picked":["Poisoned Stab+1","Blade Dance","Flying Knee+1"],"picked":"SKIP","floor":48.0}],"player_experience":1494990,"relics_obtained":[{"floor":7.0,"key":"Matryoshka"},{"floor":9.0,"key":"Happy Flower"},{"floor":9.0,"key":"Blue Candle"},{"floor":13.0,"key":"Ginger"},{"floor":24.0,"key":"Red Mask"},{"floor":26.0,"key":"Molten Egg 2"},{"floor":26.0,"key":"HornCleat"},{"floor":34.0,"key":"Toy Ornithopter"},{"floor":34.0,"key":"White Beast Statue"},{"floor":34.0,"key":"Ice Cream"},{"floor":43.0,"key":"InkBottle"},{"floor":46.0,"key":"FossilizedHelix"}],"event_choices":[{"damage_healed":0.0,"max_hp_gain":0.0,"max_hp_loss":0.0,"gold_gain":0.0,"event_name":"Living Wall","player_choice":"Grow","floor":2.0,"gold_loss":0.0,"damage_taken":0.0,"cards_upgraded":["Neutralize"]},{"damage_healed":0.0,"max_hp_gain":0.0,"max_hp_loss":0.0,"gold_gain":75.0,"event_name":"World of Goop","player_choice":"Gather Gold","floor":3.0,"gold_loss":0.0,"damage_taken":11.0},{"damage_healed":0.0,"max_hp_gain":5.0,"max_hp_loss":0.0,"gold_gain":0.0,"event_name":"Big Fish","player_choice":"Donut","floor":14.0,"gold_loss":0.0,"damage_taken":0.0},{"damage_healed":0.0,"max_hp_gain":0.0,"max_hp_loss":0.0,"gold_gain":0.0,"event_name":"Forgotten Altar","player_choice":"Smashed Altar","floor":20.0,"gold_loss":0.0,"damage_taken":0.0,"cards_obtained":["Decay"]},{"damage_healed":0.0,"max_hp_gain":0.0,"max_hp_loss":0.0,"gold_gain":0.0,"event_name":"Addict","player_choice":"Obtained Relic","floor":21.0,"gold_loss":85.0,"damage_taken":0.0,"relics_obtained":["Gambling Chip"]},{"damage_healed":0.0,"max_hp_gain":0.0,"max_hp_loss":0.0,"gold_gain":0.0,"event_name":"Masked Bandits","player_choice":"Fought Bandits","floor":24.0,"gold_loss":0.0,"damage_taken":0.0},{"damage_healed":0.0,"max_hp_gain":0.0,"max_hp_loss":4.0,"gold_gain":0.0,"event_name":"Winding Halls","player_choice":"Max HP","floor":36.0,"gold_loss":0.0,"damage_taken":0.0},{"damage_healed":0.0,"max_hp_gain":0.0,"max_hp_loss":0.0,"gold_gain":222.0,"event_name":"Tomb of Lord Red Mask","player_choice":"Wore Mask","floor":42.0,"gold_loss":0.0,"damage_taken":0.0},{"damage_healed":0.0,"max_hp_gain":0.0,"max_hp_loss":0.0,"gold_gain":0.0,"event_name":"SensoryStone","player_choice":"Memory 3","floor":47.0,"gold_loss":0.0,"damage_taken":10.0}],"is_beta":true,"boss_relics":[{"not_picked":["Runic Dome","Pandora\u0027s Box"],"picked":"Cursed Key"},{"not_picked":["WristBlade","HoveringKite"],"picked":"Calling Bell"}],"items_purged_floors":[45],"is_endless":false,"potions_floor_spawned":[4,7,11,12,18,25,28,33,35,37,38,39,41,46,48],"ascension_level":17}