{"gold_per_floor":[110,110,126,142,159,159,173,173,173,173,192,157,157,82,82,182,182,198,216,116,116,128,128],"floor_reached":23,"playtime":761,"items_purged":["Strike_B","Strike_B"],"score":210,"play_id":"8775796d-a107-406f-adb1-205772fb6b9f","local_time":"20181122103343","is_ascension_mode":true,"campfire_choices":[{"floor":6,"key":"REST"},{"floor":8,"key":"REST"},{"data":"Blizzard","floor":13,"key":"SMITH"},{"data":"Double Energy","floor":15,"key":"SMITH"}],"neow_cost":"NONE","seed_source_timestamp":939057820615464,"circlet_count":0,"master_deck":["Strike_B","Strike_B+1","Defend_B","Defend_B","Defend_B","Defend_B","Zap+1","Dualcast","Blizzard+1","Double Energy+1","Leap","Cold Snap","BootSequence","Coolheaded"],"relics":["Cracked Core","Mercury Hourglass","Sozu"],"potions_floor_usage":[5,16,16,22],"damage_taken":[{"damage":7,"enemies":"Jaw Worm","floor":1,"turns":4},{"damage":1,"enemies":"Cultist","floor":3,"turns":4},{"damage":7,"enemies":"2 Louse","floor":4,"turns":2},{"damage":37,"enemies":"Exordium Wildlife","floor":5,"turns":5},{"damage":11,"enemies":"Looter","floor":7,"turns":4},{"damage":15,"enemies":"Lots of Slimes","floor":11,"turns":3},{"damage":53,"enemies":"Hexaghost","floor":16,"turns":13},{"damage":34,"enemies":"3 Byrds","floor":18,"turns":4},{"damage":22,"enemies":"2 Thieves","floor":19,"turns":4},{"damage":10,"enemies":"Centurion and Healer","floor":22,"turns":11},{"damage":20,"enemies":"Gremlin Leader","floor":23,"turns":2}],"seed_played":"-8763504419425018815","potions_obtained":[{"floor":1,"key":"GamblersBrew"},{"floor":4,"key":"SteroidPotion"},{"floor":5,"key":"Block Potion"},{"floor":10,"key":"PowerPotion"},{"floor":10,"key":"Block Potion"},{"floor":11,"key":"FocusPotion"}],"is_trial":false,"path_per_floor":["M","?","M","M","M","R","M","R","T","?","M","?","R","$","R","B",null,"M","M","$","?","M","E"],"character_chosen":"DEFECT","items_purchased":[],"campfire_rested":2,"item_purchase_floors":[],"current_hp_per_floor":[75,59,58,51,14,38,27,51,51,51,36,56,56,56,56,3,82,48,26,26,26,16,0],"gold":128,"neow_bonus":"TEN_PERCENT_HP_BONUS","is_prod":false,"is_daily":false,"chose_seed":false,"campfire_upgraded":2,"win_rate":0,"timestamp":1542900823,"path_taken":["M","?","M","M","M","R","M","R","T","?","?","?","R","?","R","BOSS","M","M","$","?","M","E"],"build_version":"2018-11-15","purchased_purges":2,"victory":false,"max_hp_per_floor":[82,82,82,82,82,82,82,82,82,82,82,82,82,82,82,82,82,82,82,82,82,82,82],"card_choices":[{"not_picked":["Auto Shields","Glacier"],"picked":"Blizzard","floor":1},{"not_picked":["Scrape","FTL"],"picked":"Double Energy","floor":3},{"not_picked":["FTL","Steam","Redo"],"picked":"SKIP","floor":4},{"not_picked":["Streamline","Stack","Compile Driver"],"picked":"SKIP","floor":5},{"not_picked":["Aggregate","Darkness","Streamline"],"picked":"SKIP","floor":7},{"not_picked":["Machine Learning","Steam Power"],"picked":"Leap","floor":11},{"not_picked":["Barrage","Ball Lightning+1"],"picked":"Cold Snap","floor":18},{"not_picked":["Tempest","Rebound+1"],"picked":"BootSequence","floor":19},{"not_picked":["Rip and Tear+1","Auto Shields","Turbo"],"picked":"SKIP","floor":22}],"player_experience":267681,"relics_obtained":[{"floor":9,"key":"Mercury Hourglass"}],"event_choices":[{"damage_healed":0,"gold_gain":0,"player_choice":"Entered Light","damage_taken":16,"max_hp_gain":0,"max_hp_loss":0,"event_name":"Shining Light","floor":2,"gold_loss":0,"cards_upgraded":["Zap","Strike_B"]},{"damage_healed":0,"gold_gain":0,"player_choice":"Got Potions","damage_taken":0,"max_hp_gain":0,"max_hp_loss":0,"event_name":"Lab","floor":10,"gold_loss":0},{"damage_healed":20,"gold_gain":0,"player_choice":"Healed","damage_taken":0,"max_hp_gain":0,"max_hp_loss":0,"event_name":"The Cleric","floor":12,"gold_loss":35},{"damage_healed":0,"gold_gain":0,"player_choice":"Read","damage_taken":0,"max_hp_gain":0,"max_hp_loss":0,"event_name":"The Library","floor":21,"gold_loss":0,"cards_obtained":["Coolheaded"]}],"is_beta":false,"boss_relics":[{"not_picked":["Runic Pyramid","Fusion Hammer"],"picked":"Sozu"}],"items_purged_floors":[14,20],"is_endless":false,"potions_floor_spawned":[1,4,5,11,18,19],"killed_by":"Gremlin Leader","ascension_level":3}