{"gold_per_floor":[118,118,118,133,18,18,32,64,135,152,170,188,188,12,12,113,113,126,126,114,47,47,47],"floor_reached":23,"playtime":4712,"items_purged":[],"score":191,"play_id":"f596f20d-c5a6-41a8-bc34-46a0e67a3ae4","local_time":"20190802170052","is_ascension_mode":false,"campfire_choices":[{"data":"Zap","floor":6.0,"key":"SMITH"},{"data":"Dualcast","floor":15.0,"key":"SMITH"}],"neow_cost":"NONE","seed_source_timestamp":0,"circlet_count":0,"master_deck":["Strike_B","Strike_B","Defend_B","Defend_B","Defend_B","Zap+1","Dualcast+1","Stack","Reinforced Body","Cold Snap","Self Repair","Coolheaded","BootSequence","Reprogram","Auto Shields","Ball Lightning","Tempest","Panache","Rainbow","Barrage+1","Redo","Go for the Eyes","All For One","Coolheaded"],"special_seed":0,"relics":["Cracked Core","Vajra","Gremlin Horn","Bottled Lightning","Inserter"],"potions_floor_usage":[20,23],"damage_taken":[{"damage":1.0,"enemies":"Cultist","floor":1.0,"turns":3.0},{"damage":1.0,"enemies":"Jaw Worm","floor":4.0,"turns":3.0},{"damage":0.0,"enemies":"Small Slimes","floor":7.0,"turns":3.0},{"damage":15.0,"enemies":"3 Sentries","floor":8.0,"turns":12.0},{"damage":2.0,"enemies":"Exordium Wildlife","floor":10.0,"turns":6.0},{"damage":16.0,"enemies":"Gremlin Gang","floor":11.0,"turns":6.0},{"damage":0.0,"enemies":"Looter","floor":12.0,"turns":3.0},{"damage":23.0,"enemies":"Slime Boss","floor":16.0,"turns":12.0},{"damage":19,"enemies":"3 Byrds","floor":18,"turns":5},{"damage":3,"enemies":"2 Thieves","floor":20,"turns":4},{"damage":78,"enemies":"Gremlin Leader","floor":23,"turns":4}],"seed_played":"9088741946530312619","potions_obtained":[{"floor":4.0,"key":"SteroidPotion"},{"floor":11.0,"key":"LiquidBronze"},{"floor":12.0,"key":"Fire Potion"},{"floor":16.0,"key":"Dexterity Potion"},{"floor":20,"key":"Explosive Potion"}],"is_trial":false,"path_per_floor":["M","?","?","M","$","R","M","E","T","M","M","M","?","$","R","B",null,"M","?","M","$","?","E"],"character_chosen":"DEFECT","items_purchased":["Self Repair","Coolheaded","Panache","All For One"],"campfire_rested":0,"item_purchase_floors":[5,5,14,21],"current_hp_per_floor":[81,78,78,77,77,77,82,74,74,79,70,77,70,70,70,54,82,70,70,74,74,74,0],"gold":47,"neow_bonus":"TEN_PERCENT_HP_BONUS","is_prod":false,"is_daily":false,"chose_seed":false,"campfire_upgraded":2,"win_rate":0.0,"timestamp":1564783252,"path_taken":["M","?","?","M","$","R","M","E","T","M","M","M","?","$","R","BOSS","M","?","?","$","?","E"],"build_version":"2019-07-05","purchased_purges":0,"victory":false,"max_hp_per_floor":[82,82,82,82,82,82,82,82,82,82,82,82,82,82,82,82,82,82,82,82,82,82,82],"card_choices":[{"not_picked":["Force Field","Sweeping Beam"],"picked":"Stack","floor":1.0},{"not_picked":["Steam","Compile Driver"],"picked":"Cold Snap","floor":4.0},{"not_picked":["Chill","Hologram"],"picked":"BootSequence","floor":7.0},{"not_picked":["Loop","Hologram"],"picked":"Reprogram","floor":8.0},{"not_picked":["Conserve Battery","Cold Snap"],"picked":"Auto Shields","floor":10.0},{"not_picked":["Hologram","White Noise"],"picked":"Ball Lightning","floor":11.0},{"not_picked":["Aggregate","Leap"],"picked":"Tempest","floor":12.0},{"not_picked":["Reboot","Electrodynamics"],"picked":"Rainbow","floor":16.0},{"not_picked":["Compile Driver","Lockon"],"picked":"Barrage+1","floor":18},{"not_picked":["Hello World+1","Leap"],"picked":"Go for the Eyes","floor":20}],"player_experience":8686,"relics_obtained":[{"floor":8.0,"key":"Gremlin Horn"},{"floor":9.0,"key":"Bottled Lightning"}],"event_choices":[{"damage_healed":0.0,"max_hp_gain":0.0,"max_hp_loss":0.0,"gold_gain":0.0,"event_name":"Scrap Ooze","player_choice":"Success","floor":2.0,"gold_loss":0.0,"damage_taken":3.0,"relics_obtained":["Vajra"]},{"damage_healed":0.0,"max_hp_gain":0.0,"max_hp_loss":0.0,"gold_gain":0.0,"cards_transformed":["Strike_B"],"event_name":"Living Wall","player_choice":"Change","floor":3.0,"gold_loss":0.0,"damage_taken":0.0,"cards_obtained":["Reinforced Body"]},{"cards_removed":["Strike_B"],"damage_healed":0.0,"max_hp_gain":0.0,"max_hp_loss":0.0,"gold_gain":0.0,"event_name":"Golden Wing","player_choice":"Card Removal","floor":13.0,"gold_loss":0.0,"damage_taken":7.0},{"damage_healed":0,"gold_gain":0,"cards_transformed":["Defend_B"],"player_choice":"Transformed","damage_taken":0,"max_hp_gain":0,"max_hp_loss":0,"event_name":"Transmorgrifier","floor":19,"gold_loss":0,"cards_obtained":["Redo"]},{"damage_healed":0,"gold_gain":0,"player_choice":"Copied","damage_taken":0,"max_hp_gain":0,"max_hp_loss":0,"event_name":"Duplicator","floor":22,"gold_loss":0,"cards_obtained":["Coolheaded"]}],"is_beta":false,"boss_relics":[{"not_picked":["Eternal Feather","Runic Dome"],"picked":"Inserter"}],"items_purged_floors":[],"is_endless":false,"potions_floor_spawned":[4,11,12,16,20],"killed_by":"Gremlin Leader","ascension_level":0}