{"gold_per_floor":[117,117,67,78,88,123,134,134,158,191,206,233,248,277,277,381,381,393,69,69,80,96,96],"floor_reached":23,"playtime":3721,"items_purged":[],"score":249,"play_id":"6c3898fc-6585-49ce-8c0f-e8b771874a13","local_time":"20190815234837","is_ascension_mode":true,"campfire_choices":[{"floor":8,"key":"RECALL"},{"floor":15,"key":"REST"}],"neow_cost":"NONE","seed_source_timestamp":113753826640500,"circlet_count":0,"master_deck":["Defend_R","Defend_R","Bash","Iron Wave","Infernal Blade","Carnage","Thunderclap","Clothesline","Immolate","Shrug It Off","Armaments","Uppercut","Havoc","Sentinel","Anger","Demon Form","Panacea","Bite","Bite","Bite","Bite","Bite"],"relics":["Burning Blood","Art of War","Bag of Preparation","Odd Mushroom","Omamori","Cursed Key","Singing Bowl"],"potions_floor_usage":[14,14,16],"damage_taken":[{"damage":10,"enemies":"2 Louse","floor":1,"turns":3},{"damage":5,"enemies":"Small Slimes","floor":4,"turns":3},{"damage":0,"enemies":"Cultist","floor":5,"turns":2},{"damage":7,"enemies":"Gremlin Nob","floor":6,"turns":3},{"damage":0,"enemies":"2 Fungi Beasts","floor":7,"turns":2},{"damage":33,"enemies":"Lagavulin","floor":10,"turns":7},{"damage":6,"enemies":"Exordium Wildlife","floor":11,"turns":2},{"damage":2,"enemies":"The Mushroom Lair","floor":12,"turns":2},{"damage":7,"enemies":"3 Louse","floor":13,"turns":3},{"damage":13,"enemies":"3 Sentries","floor":14,"turns":4},{"damage":65,"enemies":"The Guardian","floor":16,"turns":11},{"damage":29,"enemies":"2 Thieves","floor":18,"turns":4},{"damage":2,"enemies":"Chosen","floor":21,"turns":4},{"damage":21,"enemies":"Snecko","floor":22,"turns":4},{"damage":55,"enemies":"Gremlin Leader","floor":23,"turns":4}],"seed_played":"5502120758810398207","potions_obtained":[{"floor":5,"key":"AttackPotion"},{"floor":6,"key":"Fire Potion"},{"floor":10,"key":"SkillPotion"},{"floor":13,"key":"AttackPotion"},{"floor":21,"key":"Dexterity Potion"}],"is_trial":false,"path_per_floor":["M","?","?","M","M","E","M","R","T","E","M","?","M","E","R","B",null,"M","$","?","M","M","E"],"character_chosen":"IRONCLAD","items_purchased":["Singing Bowl","Panacea"],"campfire_rested":1,"item_purchase_floors":[19,19],"current_hp_per_floor":[76,76,76,77,80,79,80,80,80,53,53,57,56,49,73,14,80,57,57,56,58,51,0],"gold":96,"neow_bonus":"TRANSFORM_CARD","is_prod":false,"is_daily":false,"chose_seed":false,"campfire_upgraded":0,"win_rate":0,"timestamp":1565930917,"path_taken":["M","?","?","M","M","E","M","R","T","E","M","?","M","E","R","BOSS","M","$","?","M","M","E"],"build_version":"2019-07-05","purchased_purges":0,"victory":false,"max_hp_per_floor":[80,80,80,80,80,80,80,80,80,80,80,80,80,80,80,80,80,80,80,56,58,60,60],"card_choices":[{"not_picked":["Wild Strike","Corruption"],"picked":"Infernal Blade","floor":1},{"not_picked":["Rupture","Sword Boomerang"],"picked":"Thunderclap","floor":4},{"not_picked":["Combust","Searing Blow"],"picked":"Clothesline","floor":5},{"not_picked":["Battle Trance","Reckless Charge"],"picked":"Immolate","floor":6},{"not_picked":["Iron Wave","Cleave"],"picked":"Shrug It Off","floor":7},{"not_picked":["Warcry","Pummel"],"picked":"Armaments","floor":10},{"not_picked":["Twin Strike","Wild Strike"],"picked":"Uppercut","floor":11},{"not_picked":["Iron Wave","Clothesline"],"picked":"Havoc","floor":12},{"not_picked":["Limit Break","Flex"],"picked":"Sentinel","floor":13},{"not_picked":["Shrug It Off","Dropkick"],"picked":"Anger","floor":14},{"not_picked":["Double Tap","Offering"],"picked":"Demon Form","floor":16},{"not_picked":["Perfected Strike","Clash","Body Slam"],"picked":"SKIP","floor":18},{"not_picked":["Heavy Blade","Carnage+1","Body Slam"],"picked":"Singing Bowl","floor":21},{"not_picked":["Cleave+1","Wild Strike+1","Carnage"],"picked":"Singing Bowl","floor":22}],"player_experience":362387,"relics_obtained":[{"floor":6,"key":"Art of War"},{"floor":10,"key":"Bag of Preparation"},{"floor":12,"key":"Odd Mushroom"},{"floor":14,"key":"Omamori"}],"event_choices":[{"damage_healed":0,"gold_gain":0,"cards_transformed":["Strike_R"],"player_choice":"Change","damage_taken":0,"max_hp_gain":0,"max_hp_loss":0,"event_name":"Living Wall","floor":2,"gold_loss":0,"cards_obtained":["Carnage"]},{"cards_removed":["Defend_R"],"damage_healed":0,"gold_gain":0,"player_choice":"Card Removal","damage_taken":0,"max_hp_gain":0,"max_hp_loss":0,"event_name":"The Cleric","floor":3,"gold_loss":50},{"damage_healed":0,"gold_gain":0,"player_choice":"Fought Mushrooms","damage_taken":0,"max_hp_gain":0,"max_hp_loss":0,"event_name":"Mushrooms","floor":12,"gold_loss":0},{"damage_healed":0,"gold_gain":0,"player_choice":"Became a vampire","damage_taken":0,"max_hp_gain":0,"max_hp_loss":24,"event_name":"Vampires","floor":20,"gold_loss":0,"cards_obtained":["Bite","Bite","Bite","Bite","Bite"]}],"is_beta":false,"boss_relics":[{"not_picked":["Velvet Choker","Empty Cage"],"picked":"Cursed Key"}],"items_purged_floors":[],"is_endless":false,"potions_floor_spawned":[5,6,10,12,13,21],"killed_by":"Gremlin Leader","ascension_level":1}