{"gold_per_floor":[114,24,24,37,37,37,71,89,112,112,146,146,2,13,13,115,115,125,25,38,50,69,69],"floor_reached":23,"playtime":985,"items_purged":["Strike_R","Strike_R"],"score":193,"play_id":"6b21d198-043e-4b53-9c63-7edb74fb60fb","local_time":"20181013154515","daily_mods":["Allstar","ControlledChaos","Terminal"],"is_ascension_mode":false,"campfire_choices":[{"data":"Apotheosis","floor":6,"key":"SMITH"},{"data":"Madness","floor":12,"key":"SMITH"},{"data":"Disarm","floor":15,"key":"SMITH"}],"neow_cost":"","seed_source_timestamp":0,"circlet_count":0,"master_deck":["Strike_R","Strike_R","Strike_R","Defend_R","Defend_R","Defend_R","Defend_R","Bash","Madness+1","Sadistic Nature","Madness","Apotheosis+1","HandOfGreed","Shrug It Off","True Grit+1","Spot Weakness","Disarm+1"],"relics":["Burning Blood","Frozen Eye","Art of War","Potion Belt","Bronze Scales","Eternal Feather"],"potions_floor_usage":[14,23],"damage_taken":[{"damage":0,"enemies":"Cultist","floor":1,"turns":4},{"damage":0,"enemies":"Small Slimes","floor":4,"turns":4},{"damage":0,"enemies":"2 Louse","floor":7,"turns":3},{"damage":5,"enemies":"Gremlin Gang","floor":8,"turns":5},{"damage":21,"enemies":"Gremlin Nob","floor":11,"turns":5},{"damage":4,"enemies":"Blue Slaver","floor":14,"turns":4},{"damage":21,"enemies":"Slime Boss","floor":16,"turns":9},{"damage":3,"enemies":"Shell Parasite","floor":18,"turns":6},{"damage":15,"enemies":"Spheric Guardian","floor":20,"turns":5},{"damage":26,"enemies":"3 Cultists","floor":21,"turns":7},{"damage":9,"enemies":"Centurion and Healer","floor":22,"turns":6},{"damage":42,"enemies":"Gremlin Leader","floor":23,"turns":7}],"seed_played":"-5897150244602894446","potions_obtained":[{"floor":7,"key":"Ancient Potion"},{"floor":8,"key":"LiquidBronze"},{"floor":11,"key":"Explosive Potion"},{"floor":16,"key":"Weak Potion"}],"is_trial":true,"path_per_floor":["M","?","$","M","?","R","M","M","T","?","E","R","$","M","R","B",null,"M","$","M","M","M"],"character_chosen":"IRONCLAD","items_purchased":["Disarm"],"campfire_rested":0,"item_purchase_floors":[13],"current_hp_per_floor":[78,77,76,75,74,73,72,71,70,74,59,59,59,61,61,46,67,66,65,56,36,33,0],"gold":69,"neow_bonus":"","is_prod":false,"is_daily":false,"chose_seed":false,"campfire_upgraded":3,"win_rate":0,"timestamp":1539459915,"path_taken":["M","?","?","M","?","R","M","M","T","?","E","R","$","?","R","BOSS","M","?","M","M","M","E"],"build_version":"2018-10-11","purchased_purges":2,"victory":false,"max_hp_per_floor":[78,77,76,75,74,73,72,71,70,74,73,72,71,70,69,68,67,66,65,64,63,62,62],"card_choices":[{"not_picked":["Infernal Blade","Intimidate"],"picked":"Shrug It Off","floor":1},{"not_picked":["Cleave","Heavy Blade"],"picked":"True Grit","floor":4},{"not_picked":["Clash","Burning Pact"],"picked":"Spot Weakness","floor":7},{"not_picked":["Clash","Wild Strike","Searing Blow"],"picked":"SKIP","floor":8},{"not_picked":["Iron Wave","Shockwave","Immolate"],"picked":"SKIP","floor":11},{"not_picked":["Thunderclap","Heavy Blade","Infernal Blade"],"picked":"SKIP","floor":14},{"not_picked":["Reckless Charge","Sword Boomerang","Wild Strike+1"],"picked":"SKIP","floor":18},{"not_picked":["Rupture","Flex","Searing Blow+1"],"picked":"SKIP","floor":20},{"not_picked":["Spot Weakness","Corruption","Flex"],"picked":"SKIP","floor":21},{"not_picked":["Perfected Strike","Rage+1","Offering"],"picked":"SKIP","floor":22}],"player_experience":241965,"relics_obtained":[{"floor":9,"key":"Potion Belt"},{"floor":11,"key":"Bronze Scales"}],"event_choices":[{"event_name":"WeMeetAgain","player_choice":"Gold","floor":2,"damage_taken":0},{"event_name":"Upgrade Shrine","player_choice":"Upgraded","floor":5,"damage_taken":0},{"event_name":"Big Fish","player_choice":"Donut","floor":10,"damage_taken":0}],"is_beta":false,"boss_relics":[{"not_picked":["Ectoplasm","Philosopher\u0027s Stone"],"picked":"Eternal Feather"}],"items_purged_floors":[13,19],"is_endless":false,"potions_floor_spawned":[7,8,11,16],"killed_by":"Gremlin Leader","ascension_level":0}