{"gold_per_floor":[112,112,40,50,50,78,98,130,153,153,153,103,103,103,103,205,205,219,219,309,324,341,341,341],"floor_reached":24,"playtime":1806,"items_purged":[],"score":202,"play_id":"7cd10ac2-90cb-4ee6-9572-7148c2bd56e6","local_time":"20190627221842","is_ascension_mode":false,"campfire_choices":[{"floor":11.0,"key":"REST"},{"data":"Feel No Pain","floor":13.0,"key":"SMITH"},{"data":"Inflame","floor":15.0,"key":"SMITH"}],"neow_cost":"","seed_source_timestamp":0,"circlet_count":0,"master_deck":["Strike_R","Strike_R","Strike_R","Strike_R","Defend_R","Defend_R","Bash","Inflame+1","Iron Wave","Feel No Pain+1","Pommel Strike","Shrug It Off","Uppercut","Seeing Red","Decay","Feed","Ghostly Armor","Good Instincts","Ghostly Armor+1"],"special_seed":0,"relics":["Burning Blood","Oddly Smooth Stone","Juzu Bracelet","Boot","White Beast Statue","MutagenicStrength"],"potions_floor_usage":[24,24],"damage_taken":[{"damage":0.0,"enemies":"2 Louse","floor":1.0,"turns":3.0},{"damage":4.0,"enemies":"Cultist","floor":4.0,"turns":4.0},{"damage":41.0,"enemies":"Lagavulin","floor":6.0,"turns":9.0},{"damage":1.0,"enemies":"Jaw Worm","floor":7.0,"turns":4.0},{"damage":12.0,"enemies":"Gremlin Nob","floor":8.0,"turns":5.0},{"damage":59.0,"enemies":"The Guardian","floor":16.0,"turns":10.0},{"damage":6.0,"enemies":"Chosen","floor":18.0,"turns":6.0},{"damage":17.0,"enemies":"Shell Parasite","floor":21.0,"turns":7.0},{"damage":33.0,"enemies":"Chosen and Byrds","floor":22.0,"turns":13.0},{"damage":24,"enemies":"Cultist and Chosen","floor":24,"turns":4}],"seed_played":"-7214992925607485815","potions_obtained":[{"floor":1.0,"key":"PowerPotion"},{"floor":16.0,"key":"SkillPotion"},{"floor":18.0,"key":"BloodPotion"},{"floor":21.0,"key":"Block Potion"},{"floor":22.0,"key":"Explosive Potion"}],"is_trial":false,"path_per_floor":["M","?","$","M","$","E","M","E","T","?","R","?","R","?","R","B",null,"M","?","?","M","M","?","M"],"character_chosen":"IRONCLAD","items_purchased":["Feel No Pain"],"campfire_rested":1,"item_purchase_floors":[3],"current_hp_per_floor":[80,80,80,80,80,45,50,44,44,44,68,68,68,61,61,8,80,80,80,48,45,21,21,0],"gold":341,"neow_bonus":"","is_prod":false,"is_daily":false,"chose_seed":false,"campfire_upgraded":2,"win_rate":0.0,"timestamp":1561688322,"path_taken":["M","?","$","M","?","E","M","E","T","?","R","?","R","?","R","BOSS","M","?","?","M","M","?","M"],"build_version":"2019-01-23","purchased_purges":0,"victory":false,"max_hp_per_floor":[80,80,80,80,80,80,80,80,80,80,80,80,80,80,80,80,80,80,80,80,80,83,83,83],"card_choices":[{"not_picked":["Burning Pact","Iron Wave"],"picked":"Inflame","floor":1.0},{"not_picked":["Sword Boomerang","Body Slam"],"picked":"Pommel Strike","floor":4.0},{"not_picked":["Berserk","Second Wind"],"picked":"Shrug It Off","floor":6.0},{"not_picked":["Headbutt","Thunderclap"],"picked":"Uppercut","floor":7.0},{"not_picked":["Bludgeon","Second Wind"],"picked":"Seeing Red","floor":8.0},{"not_picked":["Berserk","Dark Embrace"],"picked":"Feed","floor":16.0},{"not_picked":["Rampage+1","Combust"],"picked":"Ghostly Armor","floor":18.0},{"not_picked":["Sword Boomerang","Anger","Headbutt+1"],"picked":"SKIP","floor":21.0},{"not_picked":["Headbutt+1","True Grit"],"picked":"Ghostly Armor+1","floor":22.0}],"player_experience":0,"relics_obtained":[{"floor":6.0,"key":"Oddly Smooth Stone"},{"floor":8.0,"key":"Juzu Bracelet"},{"floor":9.0,"key":"Boot"}],"event_choices":[{"cards_removed":["Defend_R"],"damage_healed":0.0,"max_hp_gain":0.0,"max_hp_loss":0.0,"gold_gain":0.0,"event_name":"NoteForYourself","player_choice":"Took Card","floor":2.0,"gold_loss":0.0,"damage_taken":0.0,"cards_obtained":["Iron Wave"]},{"damage_healed":0.0,"max_hp_gain":0.0,"max_hp_loss":0.0,"gold_gain":0.0,"event_name":"Wheel of Change","player_choice":"Cursed","floor":10.0,"gold_loss":0.0,"damage_taken":0.0,"cards_obtained":["Decay"]},{"cards_removed":["Strike_R"],"damage_healed":0.0,"max_hp_gain":0.0,"max_hp_loss":0.0,"gold_gain":0.0,"event_name":"The Cleric","player_choice":"Card Removal","floor":12.0,"gold_loss":50.0,"damage_taken":0.0},{"cards_removed":["Defend_R"],"damage_healed":0.0,"max_hp_gain":0.0,"max_hp_loss":0.0,"gold_gain":0.0,"event_name":"Golden Wing","player_choice":"Card Removal","floor":14.0,"gold_loss":0.0,"damage_taken":7.0},{"damage_healed":0.0,"max_hp_gain":0.0,"max_hp_loss":0.0,"gold_gain":0.0,"event_name":"Drug Dealer","player_choice":"Inject Mutagens","floor":19.0,"gold_loss":0.0,"damage_taken":0.0,"relics_obtained":["MutagenicStrength"]},{"damage_healed":0.0,"max_hp_gain":0.0,"max_hp_loss":0.0,"gold_gain":90.0,"event_name":"Knowing Skull","player_choice":"POTION CARD GOLD ","floor":20.0,"potions_obtained":["LiquidBronze"],"gold_loss":0.0,"damage_taken":32.0,"cards_obtained":["Good Instincts"]},{"damage_healed":0.0,"max_hp_gain":0.0,"max_hp_loss":0.0,"gold_gain":0.0,"event_name":"Ghosts","player_choice":"Ignored","floor":23.0,"gold_loss":0.0,"damage_taken":0.0}],"is_beta":false,"boss_relics":[{"not_picked":["Ectoplasm","Calling Bell"],"picked":"White Beast Statue"}],"items_purged_floors":[],"is_endless":false,"potions_floor_spawned":[1,16,18,21,22],"killed_by":"Cultist and Chosen","ascension_level":0}