{"gold_per_floor":[116,136,211,229,248,280,280,134,160,187,220,271,283,295,307,448,460,487,499,511,544,576,627,639,576,615,752,777,345,345,140,140,269,269,288,311,324,393,393,427,442,458,458,474,488,504,248,83,83,83,83,83,11,45,45],"floor_reached":55,"playtime":6731,"items_purged":["Strike_B","Strike_B","Defend_B"],"score":781,"play_id":"8119fdd3-5352-4af5-9f2c-f95bfd98a23a","local_time":"20190620204823","is_ascension_mode":false,"campfire_choices":[{"data":"Rainbow","floor":13,"key":"SMITH"},{"data":"Zap","floor":15,"key":"SMITH"},{"data":"Chill","floor":24,"key":"SMITH"},{"data":"Creative AI","floor":32,"key":"SMITH"},{"floor":49,"key":"RECALL"},{"data":"Consume","floor":52,"key":"SMITH"}],"neow_cost":"NONE","seed_source_timestamp":11810366678287,"circlet_count":0,"master_deck":["Defend_B","Defend_B","Defend_B","Zap+1","Dualcast","Deep Breath","Coolheaded","BootSequence","Consume+1","Rainbow+1","Sunder","Force Field","Gash","Coolheaded","Compile Driver","Creative AI+1","Leap","Redo","Cold Snap","Chill+1","Go for the Eyes+1","Cold Snap+1","Heatsinks+1","Barrage","Hello World+1","All For One","Loop+1","Gash","Conserve Battery","Ball Lightning+1","Coolheaded","Reinforced Body+1","Conserve Battery+1","Ball Lightning+1","Chill+1","Aggregate+1","Defragment+1","Self Repair+1","Barrage+1","Chaos+1","Leap+1","Glacier","All For One"],"relics":["Cracked Core","Bag of Preparation","Golden Idol","MawBank","Art of War","Coffee Dripper","Regal Pillow","Gambling Chip","Frozen Egg 2","Lantern","Strawberry","Orrery","StoneCalendar","Oddly Smooth Stone","Mummified Hand","Mercury Hourglass","DataDisk"],"potions_floor_usage":[6,12,23,27,27,33,36,38,38,38,40,41,41,54,54],"damage_taken":[{"damage":0,"enemies":"Small Slimes","floor":1,"turns":2},{"damage":2,"enemies":"2 Louse","floor":2,"turns":2},{"damage":0,"enemies":"Jaw Worm","floor":4,"turns":3},{"damage":5,"enemies":"Looter","floor":5,"turns":3},{"damage":22,"enemies":"Lagavulin","floor":6,"turns":7},{"damage":0,"enemies":"Lots of Slimes","floor":10,"turns":4},{"damage":0,"enemies":"2 Fungi Beasts","floor":11,"turns":4},{"damage":0,"enemies":"3 Sentries","floor":12,"turns":5},{"damage":9,"enemies":"Slime Boss","floor":16,"turns":11},{"damage":20,"enemies":"Chosen","floor":18,"turns":5},{"damage":2,"enemies":"Spheric Guardian","floor":21,"turns":4},{"damage":2,"enemies":"Snecko","floor":22,"turns":6},{"damage":5,"enemies":"Book of Stabbing","floor":23,"turns":7},{"damage":5,"enemies":"Colosseum Slavers","floor":27,"turns":6},{"damage":5,"enemies":"Colosseum Nobs","floor":27,"turns":5},{"damage":0,"enemies":"Centurion and Healer","floor":28,"turns":7},{"damage":8,"enemies":"Automaton","floor":33,"turns":12},{"damage":0,"enemies":"3 Shapes","floor":35,"turns":4},{"damage":0,"enemies":"3 Darklings","floor":36,"turns":8},{"damage":0,"enemies":"Maw","floor":37,"turns":9},{"damage":2,"enemies":"2 Orb Walkers","floor":38,"turns":7},{"damage":0,"enemies":"Giant Head","floor":40,"turns":9},{"damage":35,"enemies":"Writhing Mass","floor":41,"turns":7},{"damage":16,"enemies":"Jaw Worm Horde","floor":42,"turns":5},{"damage":0,"enemies":"Sphere and 2 Shapes","floor":44,"turns":5},{"damage":0,"enemies":"4 Shapes","floor":45,"turns":6},{"damage":0,"enemies":"Transient","floor":46,"turns":5},{"damage":29,"enemies":"Time Eater","floor":50,"turns":13},{"damage":14,"enemies":"Shield and Spear","floor":54,"turns":8},{"damage":75,"enemies":"The Heart","floor":55,"turns":5}],"seed_played":"-2327170995669816173","potions_obtained":[{"floor":5,"key":"Energy Potion"},{"floor":6,"key":"Energy Potion"},{"floor":16,"key":"Strength Potion"},{"floor":21,"key":"SkillPotion"},{"floor":23,"key":"Strength Potion"},{"floor":27,"key":"GamblersBrew"},{"floor":28,"key":"GamblersBrew"},{"floor":33,"key":"AttackPotion"},{"floor":36,"key":"Fire Potion"},{"floor":39,"key":"Fire Potion"},{"floor":39,"key":"EssenceOfSteel"},{"floor":39,"key":"AttackPotion"},{"floor":42,"key":"PowerPotion"},{"floor":45,"key":"Block Potion"}],"is_trial":false,"path_per_floor":["M","M","?","M","M","E","?","$","T","M","M","E","R","?","R","B",null,"M","$","?","M","M","E","R","?","T","?","M","$","?","$","R","B",null,"M","M","M","?","?","E","M","M","T","M","M","M","$","$","R","B",null,"R","$","E","B"],"character_chosen":"DEFECT","items_purchased":["Force Field","Lantern","Heatsinks+1","Strawberry","Barrage","Hello World+1","FocusPotion","Mercury Hourglass","Glacier","Ancient Potion"],"campfire_rested":0,"item_purchase_floors":[8,29,29,29,31,31,31,47,48,53],"current_hp_per_floor":[75,73,62,62,57,35,35,35,35,35,35,35,35,35,35,26,69,49,49,49,47,45,40,40,40,40,30,30,37,37,37,37,29,76,76,76,76,74,74,74,39,23,23,33,43,53,53,53,53,34,76,76,76,72,0],"gold":45,"neow_bonus":"RANDOM_COLORLESS","is_prod":false,"is_daily":false,"chose_seed":false,"campfire_upgraded":5,"win_rate":0,"timestamp":1561060103,"path_taken":["M","M","?","M","M","E","?","$","T","?","M","E","R","?","R","BOSS","M","$","?","M","M","E","R","?","T","?","M","$","?","$","R","BOSS","M","M","M","?","?","E","M","?","T","M","M","M","?","$","R","BOSS","R","$","E","BOSS"],"build_version":"2019-01-23","purchased_purges":3,"victory":false,"max_hp_per_floor":[75,75,75,75,75,75,69,69,69,69,69,69,69,69,69,69,69,69,69,69,69,69,69,69,69,69,69,69,76,76,76,76,76,76,76,76,76,76,76,76,76,76,76,76,76,76,76,76,76,76,76,76,76,76,76],"card_choices":[{"not_picked":["Hologram","Self Repair"],"picked":"Coolheaded","floor":1},{"not_picked":["Ball Lightning","Turbo"],"picked":"BootSequence","floor":2},{"not_picked":["Darkness","Steam"],"picked":"Consume","floor":4},{"not_picked":["Sweeping Beam","Reprogram"],"picked":"Rainbow","floor":5},{"not_picked":["Leap","Hello World"],"picked":"Sunder","floor":6},{"not_picked":["Sunder","Double Energy"],"picked":"Gash","floor":10},{"not_picked":["Rebound","Melter"],"picked":"Coolheaded","floor":11},{"not_picked":["Steam","Undo"],"picked":"Compile Driver","floor":12},{"not_picked":["Meteor Strike","Reboot"],"picked":"Creative AI","floor":16},{"not_picked":["Beam Cell","Hologram+1"],"picked":"Leap","floor":18},{"not_picked":["Stack","Tempest+1"],"picked":"Redo","floor":21},{"not_picked":["Redo","Steam"],"picked":"Cold Snap","floor":22},{"not_picked":["Coolheaded","Hello World"],"picked":"Chill","floor":23},{"not_picked":["Turbo+1","Loop"],"picked":"Go for the Eyes+1","floor":27},{"not_picked":["Beam Cell","Redo"],"picked":"Cold Snap+1","floor":28},{"not_picked":["Seek","Meteor Strike"],"picked":"All For One","floor":33},{"not_picked":["FTL+1","Lockon"],"picked":"Loop+1","floor":34},{"not_picked":["Hologram","Leap"],"picked":"Gash","floor":34},{"not_picked":["Hello World+1","Hologram"],"picked":"Conserve Battery","floor":34},{"not_picked":["Tempest+1","Redo+1"],"picked":"Ball Lightning+1","floor":34},{"not_picked":["Steam","Steam Power"],"picked":"Coolheaded","floor":34},{"not_picked":["Skim+1","Hello World+1"],"picked":"Reinforced Body+1","floor":35},{"not_picked":["Ball Lightning","Hologram"],"picked":"Conserve Battery+1","floor":36},{"not_picked":["Scrape+1","Steam Power+1"],"picked":"Ball Lightning+1","floor":37},{"not_picked":["Coolheaded","Double Energy+1"],"picked":"Chill+1","floor":38},{"not_picked":["Sweeping Beam","Compile Driver"],"picked":"Aggregate+1","floor":40},{"not_picked":["Rebound","All For One"],"picked":"Defragment+1","floor":41},{"not_picked":["Conserve Battery","Lockon+1"],"picked":"Self Repair+1","floor":42},{"not_picked":["Hologram+1","Conserve Battery+1"],"picked":"Barrage+1","floor":44},{"not_picked":["Sweeping Beam","Undo+1"],"picked":"Chaos+1","floor":45},{"not_picked":["Beam Cell+1","Steam"],"picked":"Leap+1","floor":46},{"not_picked":["Streamline+1","Meteor Strike"],"picked":"All For One","floor":54}],"player_experience":743722,"relics_obtained":[{"floor":6,"key":"Bag of Preparation"},{"floor":9,"key":"MawBank"},{"floor":12,"key":"Art of War"},{"floor":23,"key":"Regal Pillow"},{"floor":27,"key":"Gambling Chip"},{"floor":27,"key":"Frozen Egg 2"},{"floor":38,"key":"StoneCalendar"},{"floor":40,"key":"Oddly Smooth Stone"},{"floor":43,"key":"Mummified Hand"},{"floor":54,"key":"DataDisk"}],"event_choices":[{"damage_healed":0,"gold_gain":75,"player_choice":"Gather Gold","damage_taken":11,"max_hp_gain":0,"max_hp_loss":0,"event_name":"World of Goop","floor":3,"gold_loss":0},{"damage_healed":0,"gold_gain":0,"player_choice":"Lose Max HP","damage_taken":0,"relics_obtained":["Golden Idol"],"max_hp_gain":0,"max_hp_loss":6,"event_name":"Golden Idol","floor":7,"gold_loss":0},{"cards_removed":["Strike_B"],"damage_healed":0,"gold_gain":0,"player_choice":"Purged","damage_taken":0,"max_hp_gain":0,"max_hp_loss":0,"event_name":"Purifier","floor":14,"gold_loss":0},{"damage_healed":0,"gold_gain":0,"player_choice":"Ignored","damage_taken":0,"max_hp_gain":0,"max_hp_loss":0,"event_name":"Vampires","floor":20,"gold_loss":0},{"cards_removed":["Strike_B"],"damage_healed":0,"gold_gain":0,"player_choice":"Gave Gold","damage_taken":0,"max_hp_gain":0,"max_hp_loss":0,"event_name":"Beggar","floor":25,"gold_loss":75},{"damage_healed":0,"gold_gain":0,"player_choice":"Fight","damage_taken":0,"max_hp_gain":0,"max_hp_loss":0,"event_name":"Colosseum","floor":27,"gold_loss":0},{"damage_healed":0,"gold_gain":0,"player_choice":"Fought Nobs","damage_taken":0,"max_hp_gain":0,"max_hp_loss":0,"event_name":"Colosseum","floor":27,"gold_loss":0},{"damage_healed":0,"gold_gain":0,"player_choice":"Ignored","damage_taken":0,"max_hp_gain":0,"max_hp_loss":0,"event_name":"Ghosts","floor":30,"gold_loss":0},{"damage_healed":0,"gold_gain":0,"player_choice":"Fight","damage_taken":0,"max_hp_gain":0,"max_hp_loss":0,"event_name":"Mysterious Sphere","floor":38,"gold_loss":0},{"damage_healed":0,"gold_gain":0,"player_choice":"Got Potions","damage_taken":0,"max_hp_gain":0,"max_hp_loss":0,"event_name":"Lab","floor":39,"gold_loss":0}],"is_beta":false,"boss_relics":[{"not_picked":["Snecko Eye","Tiny House"],"picked":"Coffee Dripper"},{"not_picked":["Pandora\u0027s Box","White Beast Statue"],"picked":"Orrery"}],"items_purged_floors":[8,29,48],"is_endless":false,"potions_floor_spawned":[5,6,16,21,23,27,28,33,36,37,42,45],"killed_by":"The Heart","ascension_level":0}