{"gold_per_floor":[361,378,72,83,258,258,292,309,309,320,335,351,21,36,36,135,135,123,134,49,63,10,10,25,25],"floor_reached":25,"playtime":1302,"items_purged":["Strike_B"],"score":209,"play_id":"9a1154b3-9afe-4bf1-8b9a-c26b6f7fc571","local_time":"20190613194954","is_ascension_mode":false,"campfire_choices":[{"data":"Zap","floor":6,"key":"SMITH"},{"floor":15,"key":"REST"},{"data":"Consume","floor":23,"key":"SMITH"}],"neow_cost":"PERCENT_DAMAGE","seed_source_timestamp":3234440636487,"circlet_count":0,"master_deck":["Strike_B","Strike_B","Strike_B","Defend_B","Defend_B","Defend_B","Defend_B","Zap+1","Dualcast","Ball Lightning","Self Repair","White Noise","Doubt","Consume+1","Loop","Static Discharge","Barrage","Go for the Eyes","Go for the Eyes","Creative AI","Stack+1","Blizzard","Leap"],"relics":["Cracked Core","Ice Cream","Bottled Tornado","Mercury Hourglass","Letter Opener","Busted Crown","Torii"],"potions_floor_usage":[7,8,10,25],"damage_taken":[{"damage":5,"enemies":"Small Slimes","floor":1,"turns":3},{"damage":6,"enemies":"Jaw Worm","floor":2,"turns":2},{"damage":0,"enemies":"Cultist","floor":4,"turns":4},{"damage":21,"enemies":"Lagavulin","floor":7,"turns":6},{"damage":13,"enemies":"2 Fungi Beasts","floor":8,"turns":3},{"damage":10,"enemies":"Looter","floor":10,"turns":2},{"damage":12,"enemies":"3 Louse","floor":11,"turns":2},{"damage":2,"enemies":"2 Fungi Beasts","floor":12,"turns":3},{"damage":15,"enemies":"Gremlin Gang","floor":14,"turns":3},{"damage":12,"enemies":"Hexaghost","floor":16,"turns":8},{"damage":25,"enemies":"2 Thieves","floor":18,"turns":4},{"damage":5,"enemies":"3 Byrds","floor":19,"turns":3},{"damage":23,"enemies":"Snake Plant","floor":21,"turns":4},{"damage":22,"enemies":"Sentry and Sphere","floor":24,"turns":5},{"damage":32,"enemies":"Slavers","floor":25,"turns":1}],"seed_played":"8036436200000301987","potions_obtained":[{"floor":1,"key":"PowerPotion"},{"floor":2,"key":"Explosive Potion"},{"floor":7,"key":"Energy Potion"},{"floor":21,"key":"Explosive Potion"}],"is_trial":false,"path_per_floor":["M","M","$","M","?","R","E","M","T","M","M","M","$","M","R","B",null,"M","M","?","M","$","R","M","E"],"character_chosen":"DEFECT","items_purchased":["Ice Cream","Letter Opener","Leap"],"campfire_rested":1,"item_purchase_floors":[3,13,22],"current_hp_per_floor":[49,43,43,50,50,50,36,30,30,27,22,27,27,12,34,29,75,57,59,59,43,43,43,28,0],"gold":25,"neow_bonus":"TWO_FIFTY_GOLD","is_prod":false,"is_daily":false,"chose_seed":false,"campfire_upgraded":2,"win_rate":0,"timestamp":1560451794,"path_taken":["M","M","$","M","?","R","E","M","T","M","M","M","$","M","R","BOSS","M","M","?","M","$","R","M","E"],"build_version":"2019-01-23","purchased_purges":1,"victory":false,"max_hp_per_floor":[75,75,75,75,75,75,75,75,75,75,75,75,75,75,75,75,75,75,75,75,75,75,75,75,75],"card_choices":[{"not_picked":["Capacitor","Tempest"],"picked":"Ball Lightning","floor":1},{"not_picked":["Coolheaded","Gash"],"picked":"Self Repair","floor":2},{"not_picked":["Ball Lightning","Leap"],"picked":"White Noise","floor":4},{"not_picked":["All For One","Doom and Gloom"],"picked":"Consume","floor":7},{"not_picked":["Stack","FTL"],"picked":"Loop","floor":8},{"not_picked":["Hologram","Turbo"],"picked":"Static Discharge","floor":10},{"not_picked":["Steam","Compile Driver"],"picked":"Barrage","floor":11},{"not_picked":["Ball Lightning","Meteor Strike"],"picked":"Go for the Eyes","floor":12},{"not_picked":["Rebound","Streamline"],"picked":"Go for the Eyes","floor":14},{"not_picked":["Biased Cognition","Reboot"],"picked":"Creative AI","floor":16},{"not_picked":[],"picked":"Stack+1","floor":18},{"not_picked":["Consume"],"picked":"SKIP","floor":19},{"not_picked":[],"picked":"Blizzard","floor":21},{"not_picked":["Blizzard"],"picked":"SKIP","floor":24}],"player_experience":712521,"relics_obtained":[{"floor":7,"key":"Bottled Tornado"},{"floor":9,"key":"Mercury Hourglass"}],"event_choices":[{"damage_healed":0,"gold_gain":175,"player_choice":"AGREE","damage_taken":0,"max_hp_gain":0,"max_hp_loss":0,"event_name":"Liars Game","floor":5,"gold_loss":0,"cards_obtained":["Doubt"]},{"damage_healed":0,"gold_gain":0,"player_choice":"Obtained Relic","damage_taken":0,"relics_obtained":["Torii"],"max_hp_gain":0,"max_hp_loss":0,"event_name":"Addict","floor":20,"gold_loss":85}],"is_beta":false,"boss_relics":[{"not_picked":["Velvet Choker","Tiny House"],"picked":"Busted Crown"}],"items_purged_floors":[13],"is_endless":false,"potions_floor_spawned":[1,2,7,21],"killed_by":"Slavers","ascension_level":0}