{"gold_per_floor":[117,131,81,96,96,123,123,123,148,148,148,148,189,214,214,337,337,362,287,331,37,56,56,90,90,141,172,217,229,265,292,304,444,456,487,567,579,326,347,347,30,30,30,30],"floor_reached":44,"playtime":3449,"items_purged":["Strike_B","Strike_B"],"score":477,"play_id":"40bcb170-c130-458e-92b0-a532f9632845","local_time":"20190606225324","is_ascension_mode":false,"campfire_choices":[{"floor":10.0,"key":"REST"},{"data":"Zap","floor":12.0,"key":"SMITH"},{"data":"Dualcast","floor":15.0,"key":"SMITH"},{"data":"Blizzard","floor":23,"key":"SMITH"},{"floor":25,"key":"REST"},{"data":"Barrage","floor":29,"key":"SMITH"},{"floor":32,"key":"REST"},{"floor":40,"key":"REST"},{"floor":42,"key":"RECALL"}],"neow_cost":"CURSE","seed_source_timestamp":0,"circlet_count":0,"master_deck":["Defend_B","Defend_B","Defend_B","Defend_B","Zap+1","Dualcast+1","Melter","Capacitor","Leap","Sunder+1","Coolheaded","Compile Driver","Creative AI+1","Cold Snap","Blizzard+1","Glacier+1","Lockon+1","Reprogram","Barrage+1","Reinforced Body","Static Discharge+1","Rebound+1","Doom and Gloom","Machine Learning+1","BootSequence+1","Conserve Battery","Skim+1","All For One","Stack","Barrage"],"special_seed":0,"relics":["Cracked Core","Mango","Frozen Egg 2","Bag of Marbles","Golden Idol","Regal Pillow","Dream Catcher","Runic Dome","Red Mask","Calipers","Matryoshka","Pantograph","MawBank","Orichalcum","Sozu","Pocketwatch","Bag of Preparation","Vajra","Boot","Kunai"],"potions_floor_usage":[18,18,30,31,33],"damage_taken":[{"damage":0.0,"enemies":"2 Louse","floor":1.0,"turns":1.0},{"damage":5.0,"enemies":"Small Slimes","floor":2.0,"turns":3.0},{"damage":8.0,"enemies":"Jaw Worm","floor":4.0,"turns":3.0},{"damage":24.0,"enemies":"Lagavulin","floor":6.0,"turns":9.0},{"damage":0.0,"enemies":"Gremlin Nob","floor":13.0,"turns":2.0},{"damage":0.0,"enemies":"Large Slime","floor":14.0,"turns":4.0},{"damage":32.0,"enemies":"The Guardian","floor":16.0,"turns":12.0},{"damage":1,"enemies":"2 Thieves","floor":18,"turns":2},{"damage":20,"enemies":"Masked Bandits","floor":20,"turns":5},{"damage":8,"enemies":"Chosen","floor":22,"turns":6},{"damage":12,"enemies":"Gremlin Leader","floor":24,"turns":11},{"damage":11,"enemies":"Shelled Parasite and Fungi","floor":27,"turns":4},{"damage":31,"enemies":"Slavers","floor":28,"turns":6},{"damage":8,"enemies":"3 Cultists","floor":30,"turns":6},{"damage":5,"enemies":"Chosen and Byrds","floor":31,"turns":6},{"damage":54,"enemies":"Collector","floor":33,"turns":12},{"damage":20,"enemies":"3 Darklings","floor":35,"turns":4},{"damage":59,"enemies":"2 Orb Walkers","floor":36,"turns":5},{"damage":0,"enemies":"Orb Walker","floor":39,"turns":4},{"damage":44,"enemies":"Nemesis","floor":44,"turns":4}],"seed_played":"-3100609180840032008","potions_obtained":[{"floor":2.0,"key":"GamblersBrew"},{"floor":6.0,"key":"SkillPotion"},{"floor":13.0,"key":"SteroidPotion"},{"floor":27,"key":"SteroidPotion"},{"floor":28,"key":"PowerPotion"},{"floor":31,"key":"Weak Potion"}],"is_trial":false,"path_per_floor":["M","M","?","M","?","E","?","T","T","R","?","R","E","M","R","B",null,"M","?","?","$","M","R","E","R","T","M","E","R","M","M","R","B",null,"M","?","?","$","M","R","$","R","T","E"],"character_chosen":"DEFECT","items_purchased":["Calipers","Conserve Battery","Bag of Preparation","Stack","Barrage","Vajra"],"campfire_rested":4,"item_purchase_floors":[21,38,38,41,41,41],"current_hp_per_floor":[89,84,84,76,58,34,34,34,34,73,73,73,73,73,73,41,82,81,81,61,61,53,53,41,80,80,69,38,38,30,25,64,28,82,62,3,3,3,3,42,42,42,42,0],"gold":30,"neow_bonus":"ONE_RARE_RELIC","is_prod":false,"is_daily":false,"chose_seed":false,"campfire_upgraded":4,"win_rate":0,"timestamp":1559858004,"path_taken":["M","M","?","M","?","E","?","?","T","R","?","R","E","M","R","BOSS","M","?","?","$","M","R","E","R","T","M","E","R","M","M","R","BOSS","M","?","?","$","M","R","$","R","T","E"],"build_version":"2019-01-23","purchased_purges":2,"victory":false,"max_hp_per_floor":[89,89,89,89,89,89,82,82,82,82,82,82,82,82,82,82,82,82,82,82,82,82,82,82,82,82,82,82,82,82,82,82,82,82,82,82,82,82,82,82,82,82,82,82],"card_choices":[{"not_picked":["Turbo","Hologram"],"picked":"Melter","floor":1.0},{"not_picked":["FTL","Beam Cell"],"picked":"Capacitor","floor":2.0},{"not_picked":["Sweeping Beam","Beam Cell"],"picked":"Leap","floor":4.0},{"not_picked":["Heatsinks+1","Turbo"],"picked":"Sunder","floor":6.0},{"not_picked":["Consume","Capacitor+1"],"picked":"Coolheaded","floor":13.0},{"not_picked":["Rip and Tear","Sunder"],"picked":"Compile Driver","floor":14.0},{"not_picked":["Biased Cognition+1","Electrodynamics+1"],"picked":"Creative AI+1","floor":16.0},{"not_picked":["Capacitor+1","Double Energy"],"picked":"Cold Snap","floor":18},{"not_picked":["Turbo","Gash"],"picked":"Blizzard","floor":20},{"not_picked":["Heatsinks+1","Leap+1"],"picked":"Glacier+1","floor":22},{"not_picked":["Streamline","Sweeping Beam"],"picked":"Lockon+1","floor":24},{"not_picked":["Steam Power","Double Energy+1"],"picked":"Reprogram","floor":25},{"not_picked":["Capacitor+1","Conserve Battery"],"picked":"Barrage","floor":27},{"not_picked":["Rebound+1","Rip and Tear"],"picked":"Reinforced Body","floor":28},{"not_picked":["Compile Driver","Go for the Eyes"],"picked":"Static Discharge+1","floor":30},{"not_picked":["Streamline","All For One"],"picked":"Rebound+1","floor":31},{"not_picked":["Redo","Steam"],"picked":"Doom and Gloom","floor":32},{"not_picked":["All For One","Reboot"],"picked":"Machine Learning+1","floor":33},{"not_picked":["Rebound+1","Ball Lightning+1","Aggregate+1"],"picked":"SKIP","floor":35},{"not_picked":["Ball Lightning+1","Steam"],"picked":"BootSequence+1","floor":36},{"not_picked":["Beam Cell","Turbo"],"picked":"Skim+1","floor":39},{"not_picked":["Go for the Eyes","Lockon"],"picked":"All For One","floor":40}],"player_experience":638263,"relics_obtained":[{"floor":6.0,"key":"Bag of Marbles"},{"floor":9.0,"key":"Regal Pillow"},{"floor":13.0,"key":"Dream Catcher"},{"floor":20,"key":"Red Mask"},{"floor":24,"key":"Matryoshka"},{"floor":26,"key":"Pantograph"},{"floor":26,"key":"MawBank"},{"floor":28,"key":"Orichalcum"},{"floor":36,"key":"Pocketwatch"},{"floor":43,"key":"Boot"},{"floor":43,"key":"Kunai"}],"event_choices":[{"cards_removed":["Writhe"],"damage_healed":0.0,"max_hp_gain":0.0,"max_hp_loss":0.0,"gold_gain":0.0,"event_name":"The Cleric","player_choice":"Card Removal","floor":3.0,"gold_loss":50.0,"damage_taken":0.0},{"damage_healed":0.0,"max_hp_gain":0.0,"max_hp_loss":0.0,"gold_gain":0.0,"event_name":"Scrap Ooze","player_choice":"Success","floor":5.0,"gold_loss":0.0,"damage_taken":18.0,"relics_obtained":["Frozen Egg 2"]},{"damage_healed":0.0,"max_hp_gain":0.0,"max_hp_loss":7.0,"gold_gain":0.0,"event_name":"Golden Idol","player_choice":"Lose Max HP","floor":7.0,"gold_loss":0.0,"damage_taken":0.0,"relics_obtained":["Golden Idol"]},{"damage_healed":0.0,"max_hp_gain":0.0,"max_hp_loss":0.0,"gold_gain":0.0,"event_name":"Living Wall","player_choice":"Grow","floor":11.0,"gold_loss":0.0,"damage_taken":0.0,"cards_upgraded":["Sunder"]},{"cards_removed":["Strike_B"],"damage_healed":0,"gold_gain":0,"player_choice":"Gave Gold","damage_taken":0,"max_hp_gain":0,"max_hp_loss":0,"event_name":"Beggar","floor":19,"gold_loss":75},{"damage_healed":0,"gold_gain":0,"player_choice":"Fought Bandits","damage_taken":0,"max_hp_gain":0,"max_hp_loss":0,"event_name":"Masked Bandits","floor":20,"gold_loss":0},{"damage_healed":0,"gold_gain":0,"player_choice":"Fight","damage_taken":0,"max_hp_gain":0,"max_hp_loss":0,"event_name":"Mysterious Sphere","floor":36,"gold_loss":0},{"cards_removed":["Strike_B"],"damage_healed":0,"gold_gain":0,"player_choice":"Removed Attack","damage_taken":0,"max_hp_gain":0,"max_hp_loss":0,"event_name":"Falling","floor":37,"gold_loss":0}],"is_beta":false,"boss_relics":[{"not_picked":["Snecko Eye","Calling Bell"],"picked":"Runic Dome"},{"not_picked":["Philosopher\u0027s Stone","Black Star"],"picked":"Sozu"}],"items_purged_floors":[38,41],"is_endless":false,"potions_floor_spawned":[2,6,13,14,27,28,31,36],"killed_by":"Nemesis","ascension_level":0}