{"gold_per_floor":[117,217,235,235,248,248,274,274,274,174,186,199,199,209,209,304,304,322,322,322,340,358,358,66,66,66,98,116,145,165,180,180,284,284,297,308,308,328,328,74,105,105,151,151,151,82,111,211,211,211,211,211,144,172,172],"floor_reached":55,"playtime":5690,"items_purged":["Strike_B"],"score":765,"play_id":"57c325e7-83d8-4d31-b02a-1a5ba8ffdf92","local_time":"20190618015200","is_ascension_mode":false,"campfire_choices":[{"data":"Zap","floor":6,"key":"SMITH"},{"data":"Dualcast","floor":8,"key":"SMITH"},{"data":"Chill","floor":13,"key":"SMITH"},{"data":"Hologram","floor":15,"key":"SMITH"},{"data":"Defragment","floor":23,"key":"SMITH"},{"floor":25,"key":"RECALL"},{"data":"Consume","floor":32,"key":"SMITH"},{"data":"Conserve Battery","floor":42,"key":"SMITH"},{"data":"Coolheaded","floor":45,"key":"SMITH"},{"data":"Madness","floor":49,"key":"SMITH"},{"data":"Madness","floor":52,"key":"SMITH"}],"neow_cost":"NONE","seed_source_timestamp":130226952159701,"circlet_count":0,"master_deck":["Defend_B","Defend_B","Defend_B","Zap+1","Dualcast+1","Hologram+1","Coolheaded+1","Chill+1","Capacitor","Self Repair","Conserve Battery+1","Glacier","Streamline+1","Go for the Eyes+1","Fission+1","Creative AI+1","Rainbow+1","Echo Form+1","Defragment+1","Ball Lightning+1","Compile Driver+1","Darkness+1","Barrage+1","Consume+1","Core Surge+1","Stack+1","Redo+1","Glacier","Barrage+1","Madness+1","Madness+1","Electrodynamics","Glacier","Cold Snap+1","Fusion"],"relics":["Cracked Core","Shuriken","Molten Egg 2","Astrolabe","Bird Faced Urn","Cables","Bottled Flame","Pen Nib","Busted Crown","Bottled Lightning","Dodecahedron","Potion Belt","Ginger","Du-Vu Doll"],"potions_floor_usage":[4,16,27,30,31,41,50,55,55,55],"damage_taken":[{"damage":1,"enemies":"Jaw Worm","floor":1,"turns":3},{"damage":0,"enemies":"Cultist","floor":3,"turns":4},{"damage":0,"enemies":"2 Louse","floor":5,"turns":2},{"damage":8,"enemies":"3 Sentries","floor":7,"turns":12},{"damage":0,"enemies":"Exordium Thugs","floor":11,"turns":5},{"damage":0,"enemies":"Blue Slaver","floor":12,"turns":6},{"damage":0,"enemies":"Lots of Slimes","floor":14,"turns":4},{"damage":17,"enemies":"Slime Boss","floor":16,"turns":18},{"damage":1,"enemies":"3 Byrds","floor":18,"turns":7},{"damage":7,"enemies":"Shell Parasite","floor":21,"turns":6},{"damage":0,"enemies":"Centurion and Healer","floor":22,"turns":7},{"damage":14,"enemies":"Gremlin Leader","floor":27,"turns":7},{"damage":0,"enemies":"Sentry and Sphere","floor":28,"turns":5},{"damage":6,"enemies":"Book of Stabbing","floor":29,"turns":6},{"damage":21,"enemies":"Shelled Parasite and Fungi","floor":30,"turns":6},{"damage":14,"enemies":"Snake Plant","floor":31,"turns":4},{"damage":8,"enemies":"Automaton","floor":33,"turns":8},{"damage":0,"enemies":"3 Shapes","floor":35,"turns":5},{"damage":10,"enemies":"Orb Walker","floor":36,"turns":4},{"damage":0,"enemies":"Maw","floor":38,"turns":7},{"damage":11,"enemies":"Nemesis","floor":41,"turns":5},{"damage":0,"enemies":"Giant Head","floor":47,"turns":8},{"damage":0,"enemies":"Mind Bloom Boss Battle","floor":48,"turns":3},{"damage":19,"enemies":"Time Eater","floor":50,"turns":10},{"damage":52,"enemies":"Shield and Spear","floor":54,"turns":7},{"damage":78,"enemies":"The Heart","floor":55,"turns":6}],"seed_played":"7268313107241228012","potions_obtained":[{"floor":3,"key":"SteroidPotion"},{"floor":4,"key":"Fruit Juice"},{"floor":4,"key":"Regen Potion"},{"floor":4,"key":"FairyPotion"},{"floor":12,"key":"Regen Potion"},{"floor":18,"key":"Regen Potion"},{"floor":27,"key":"Strength Potion"},{"floor":30,"key":"EssenceOfSteel"},{"floor":31,"key":"Poison Potion"},{"floor":33,"key":"Ancient Potion"},{"floor":41,"key":"Strength Potion"},{"floor":48,"key":"Fruit Juice"},{"floor":54,"key":"Fire Potion"}],"is_trial":false,"path_per_floor":["M","?","M","?","M","R","E","R","T","$","M","M","R","M","R","B",null,"M","?","?","M","M","R","$","R","T","E","M","E","M","M","R","B",null,"M","M","?","M","?","$","E","R","T","?","R","$","E","?","R","B",null,"R","$","E","B"],"character_chosen":"DEFECT","items_purchased":["Conserve Battery","Bird Faced Urn","Bottled Lightning","Electrodynamics","Fusion"],"campfire_rested":0,"item_purchase_floors":[10,24,40,46,53],"current_hp_per_floor":[74,74,74,79,79,79,71,71,71,71,78,80,80,80,80,70,80,80,80,80,80,80,80,80,80,80,80,80,80,80,80,80,80,80,80,80,80,80,80,80,80,80,80,70,70,70,80,80,80,85,85,85,85,68,0],"gold":172,"neow_bonus":"TRANSFORM_CARD","is_prod":false,"is_daily":false,"chose_seed":false,"campfire_upgraded":10,"win_rate":0,"timestamp":1560819120,"path_taken":["M","?","?","?","M","R","E","R","T","$","?","M","R","M","R","BOSS","M","?","?","M","M","R","$","R","T","E","M","E","M","M","R","BOSS","M","?","?","?","?","$","E","R","T","?","R","$","E","?","R","BOSS","R","$","E","BOSS"],"build_version":"2019-01-23","purchased_purges":1,"victory":false,"max_hp_per_floor":[75,75,75,80,80,80,80,80,80,80,80,80,80,80,80,80,80,80,80,80,80,80,80,80,80,80,80,80,80,80,80,80,80,80,80,80,80,80,80,80,80,80,80,80,80,80,80,80,80,85,85,85,85,85,85],"card_choices":[{"not_picked":["Compile Driver","Gash"],"picked":"Coolheaded","floor":1},{"not_picked":["Ball Lightning","Redo"],"picked":"Chill","floor":3},{"not_picked":["Steam","Stack"],"picked":"Capacitor","floor":5},{"not_picked":["Recycle","Seek"],"picked":"Self Repair","floor":7},{"not_picked":["Storm","Doom and Gloom+1"],"picked":"Glacier","floor":11},{"not_picked":["Auto Shields","Sunder+1"],"picked":"Streamline+1","floor":12},{"not_picked":["FTL+1","Reprogram"],"picked":"Go for the Eyes+1","floor":14},{"not_picked":["Amplify","Echo Form"],"picked":"Fission","floor":16},{"not_picked":["Steam","Consume"],"picked":"Defragment","floor":18},{"not_picked":["Beam Cell+1","Sweeping Beam+1","Hologram"],"picked":"SKIP","floor":21},{"not_picked":["Beam Cell+1","Leap"],"picked":"Compile Driver+1","floor":22},{"not_picked":["Auto Shields","Multi-Cast"],"picked":"Darkness+1","floor":27},{"not_picked":["Ball Lightning+1","Double Energy"],"picked":"Beam Cell+1","floor":28},{"not_picked":["Aggregate","Beam Cell+1","Leap"],"picked":"SKIP","floor":29},{"not_picked":["Beam Cell+1","Lockon+1"],"picked":"Barrage+1","floor":30},{"not_picked":["Scrape+1","Undo"],"picked":"Consume","floor":31},{"not_picked":["Fission","Thunder Strike+1"],"picked":"Core Surge+1","floor":33},{"not_picked":[],"picked":"Stack+1","floor":35},{"not_picked":[],"picked":"Redo+1","floor":36},{"not_picked":["Consume+1"],"picked":"SKIP","floor":38},{"not_picked":[],"picked":"Barrage+1","floor":41},{"not_picked":[],"picked":"Glacier","floor":47},{"not_picked":[],"picked":"Cold Snap+1","floor":48},{"not_picked":["Cold Snap+1"],"picked":"SKIP","floor":54}],"player_experience":723614,"relics_obtained":[{"floor":7,"key":"Shuriken"},{"floor":9,"key":"Molten Egg 2"},{"floor":26,"key":"Cables"},{"floor":27,"key":"Bottled Flame"},{"floor":29,"key":"Pen Nib"},{"floor":41,"key":"Dodecahedron"},{"floor":47,"key":"Potion Belt"},{"floor":48,"key":"Ginger"},{"floor":54,"key":"Du-Vu Doll"}],"event_choices":[{"damage_healed":0,"gold_gain":100,"player_choice":"Pray","damage_taken":0,"max_hp_gain":0,"max_hp_loss":0,"event_name":"Golden Shrine","floor":2,"gold_loss":0},{"damage_healed":0,"gold_gain":0,"player_choice":"Got Potions","damage_taken":0,"max_hp_gain":0,"max_hp_loss":0,"event_name":"Lab","floor":4,"gold_loss":0},{"damage_healed":0,"gold_gain":0,"player_choice":"Read","damage_taken":0,"max_hp_gain":0,"max_hp_loss":0,"event_name":"The Library","floor":19,"gold_loss":0,"cards_obtained":["Ball Lightning"]},{"damage_healed":0,"gold_gain":0,"player_choice":"Upgraded","damage_taken":0,"max_hp_gain":0,"max_hp_loss":0,"event_name":"Upgrade Shrine","floor":20,"gold_loss":0,"cards_upgraded":["Fission"]},{"damage_healed":0,"gold_gain":0,"player_choice":"Copied","damage_taken":0,"max_hp_gain":0,"max_hp_loss":0,"event_name":"Duplicator","floor":37,"gold_loss":0,"cards_obtained":["Glacier"]},{"cards_removed":["Beam Cell"],"damage_healed":0,"gold_gain":0,"player_choice":"Removed Attack","damage_taken":0,"max_hp_gain":0,"max_hp_loss":0,"event_name":"Falling","floor":39,"gold_loss":0},{"damage_healed":0,"gold_gain":0,"player_choice":"Embrace Madness","damage_taken":10,"max_hp_gain":0,"max_hp_loss":0,"event_name":"Winding Halls","floor":44,"gold_loss":0,"cards_obtained":["Madness","Madness"]},{"damage_healed":0,"gold_gain":0,"player_choice":"Fight","damage_taken":0,"max_hp_gain":0,"max_hp_loss":0,"event_name":"MindBloom","floor":48,"gold_loss":0}],"is_beta":false,"boss_relics":[{"not_picked":["Philosopher\u0027s Stone","Snecko Eye"],"picked":"Astrolabe"},{"not_picked":["Orrery","Tiny House"],"picked":"Busted Crown"}],"items_purged_floors":[10],"is_endless":false,"potions_floor_spawned":[3,12,14,18,27,30,31,33,36,38,41,48,54],"killed_by":"The Heart","ascension_level":0}