{"gold_per_floor":[110,110,127,2,15,15,30,30,30,30,64,77,77,109,109,204,204,222,242,63,63,75,109,121,147,185,197,209,221,248,210,210,306,306,325,23,123,73,85,85,114,128,128,128,145,159,28,46,46,46,46,46,0,28,28],"floor_reached":55,"playtime":4511,"items_purged":["Strike_B","Strike_B","Writhe","Strike_B","Defend_B","Defend_B"],"score":677,"play_id":"b7305492-2868-46f5-9714-268958e4532e","local_time":"20190605195854","is_ascension_mode":false,"campfire_choices":[{"data":"Consume","floor":8.0,"key":"SMITH"},{"data":"Dualcast","floor":10.0,"key":"SMITH"},{"floor":15.0,"key":"REST"},{"data":"Chill","floor":24.0,"key":"SMITH"},{"data":"Rainbow","floor":29.0,"key":"SMITH"},{"data":"Blizzard","floor":32.0,"key":"SMITH"},{"data":"Rainbow","floor":40,"key":"SMITH"},{"floor":44,"key":"RECALL"},{"data":"Fusion","floor":49,"key":"SMITH"},{"data":"Storm","floor":52,"key":"SMITH"}],"neow_cost":"NONE","seed_source_timestamp":0,"circlet_count":0,"master_deck":["Strike_B+1","Defend_B","Defend_B","Zap","Dualcast+1","Dramatic Entrance","Darkness","Consume+1","Compile Driver+1","Self Repair","Coolheaded","Coolheaded","Leap","Conserve Battery","Rainbow+1","Blizzard+1","Barrage+1","Cold Snap","Stack","Storm+1","Chill+1","Stack+1","Rainbow+1","Barrage+1","FTL+1","Cold Snap+1","Lockon+1","Fusion+1","Static Discharge+1","Rebound","Conserve Battery+1"],"special_seed":0,"relics":["Cracked Core","Letter Opener","Bottled Lightning","Vajra","Eternal Feather","MawBank","Smiling Mask","StoneCalendar","Busted Crown","Cables","Ornamental Fan","Centennial Puzzle"],"potions_floor_usage":[33,50,54],"damage_taken":[{"damage":1.0,"enemies":"Cultist","floor":1.0,"turns":3.0},{"damage":0.0,"enemies":"2 Louse","floor":3.0,"turns":1.0},{"damage":6.0,"enemies":"Jaw Worm","floor":5.0,"turns":3.0},{"damage":6.0,"enemies":"Large Slime","floor":7.0,"turns":5.0},{"damage":33.0,"enemies":"Gremlin Nob","floor":11.0,"turns":4.0},{"damage":1.0,"enemies":"2 Fungi Beasts","floor":12.0,"turns":3.0},{"damage":2.0,"enemies":"Lagavulin","floor":14.0,"turns":5.0},{"damage":33.0,"enemies":"Hexaghost","floor":16.0,"turns":10.0},{"damage":19.0,"enemies":"2 Thieves","floor":18.0,"turns":5.0},{"damage":4.0,"enemies":"Shell Parasite","floor":19.0,"turns":5.0},{"damage":5.0,"enemies":"Sentry and Sphere","floor":22.0,"turns":6.0},{"damage":41.0,"enemies":"Gremlin Leader","floor":23.0,"turns":8.0},{"damage":5.0,"enemies":"Chosen and Byrds","floor":25.0,"turns":4.0},{"damage":5.0,"enemies":"Colosseum Slavers","floor":27.0,"turns":4.0},{"damage":1.0,"enemies":"Cultist and Chosen","floor":30.0,"turns":7.0},{"damage":64,"enemies":"Automaton","floor":33,"turns":14},{"damage":0,"enemies":"3 Shapes","floor":35,"turns":5},{"damage":2,"enemies":"Orb Walker","floor":39,"turns":3},{"damage":24,"enemies":"Reptomancer","floor":41,"turns":8},{"damage":0,"enemies":"3 Darklings","floor":42,"turns":4},{"damage":2,"enemies":"Sphere and 2 Shapes","floor":45,"turns":4},{"damage":1,"enemies":"Transient","floor":46,"turns":5},{"damage":0,"enemies":"3 Darklings","floor":48,"turns":4},{"damage":81,"enemies":"Time Eater","floor":50,"turns":11},{"damage":71,"enemies":"Shield and Spear","floor":54,"turns":7},{"damage":13,"enemies":"The Heart","floor":55,"turns":2}],"seed_played":"-2779625885316598440","potions_obtained":[{"floor":3.0,"key":"SpeedPotion"},{"floor":11.0,"key":"SpeedPotion"},{"floor":12.0,"key":"Strength Potion"},{"floor":14.0,"key":"Explosive Potion"},{"floor":16.0,"key":"PowerPotion"},{"floor":18.0,"key":"AttackPotion"},{"floor":23.0,"key":"Explosive Potion"},{"floor":25.0,"key":"SteroidPotion"},{"floor":39,"key":"Dexterity Potion"},{"floor":42,"key":"Regen Potion"},{"floor":45,"key":"Energy Potion"},{"floor":54,"key":"Energy Potion"}],"is_trial":false,"path_per_floor":["M","?","M","$","M","$","M","R","T","R","E","M","?","E","R","B",null,"M","M","$","?","M","E","R","M","T","?","?","R","M","$","R","B",null,"M","$","?","$","M","R","E","M","T","R","M","M","$","M","R","B",null,"R","$","E","B"],"character_chosen":"DEFECT","items_purchased":["Compile Driver","Cold Snap","Stack","Cables","Fusion","Rebound"],"campfire_rested":1,"item_purchase_floors":[4,20,20,36,47,53],"current_hp_per_floor":[74,74,74,74,68,68,69,69,69,69,43,49,34,39,61,35,75,56,59,59,59,61,27,39,41,41,43,43,58,64,64,75,11,75,75,75,75,75,75,75,58,65,65,75,75,75,75,75,75,16,75,75,75,11,0],"gold":28,"neow_bonus":"RANDOM_COLORLESS","is_prod":false,"is_daily":false,"chose_seed":false,"campfire_upgraded":8,"win_rate":0,"timestamp":1559761134,"path_taken":["M","?","M","$","M","$","M","R","T","R","E","M","?","E","R","BOSS","M","M","$","?","M","E","R","M","T","?","?","R","M","$","R","BOSS","M","$","?","$","M","R","E","M","T","R","M","M","$","M","R","BOSS","R","$","E","BOSS"],"build_version":"2019-01-23","purchased_purges":6,"victory":false,"max_hp_per_floor":[75,75,75,75,75,75,75,75,75,75,75,75,75,75,75,75,75,75,75,75,75,75,75,75,75,75,75,75,75,75,75,75,75,75,75,75,75,75,75,75,75,75,75,75,75,75,75,75,75,75,75,75,75,75,75],"card_choices":[{"not_picked":["Steam Power","Redo"],"picked":"Darkness","floor":1.0},{"not_picked":["Storm","Capacitor"],"picked":"Consume","floor":3.0},{"not_picked":["Gash","White Noise"],"picked":"Self Repair","floor":5.0},{"not_picked":["Stack","Auto Shields"],"picked":"Coolheaded","floor":7.0},{"not_picked":["Steam","Turbo"],"picked":"Coolheaded","floor":11.0},{"not_picked":["Sweeping Beam","Steam"],"picked":"Leap","floor":12.0},{"not_picked":["Aggregate","Redo"],"picked":"Conserve Battery","floor":14.0},{"not_picked":["Multi-Cast","Hyperbeam"],"picked":"Rainbow","floor":16.0},{"not_picked":["BootSequence","FTL+1"],"picked":"Blizzard","floor":18.0},{"not_picked":["Go for the Eyes","Genetic Algorithm"],"picked":"Barrage+1","floor":19.0},{"not_picked":["Sweeping Beam+1","Redo"],"picked":"Storm","floor":22.0},{"not_picked":["Go for the Eyes","Doom and Gloom+1"],"picked":"Chill","floor":23.0},{"not_picked":["Go for the Eyes","Storm"],"picked":"Stack+1","floor":25.0},{"not_picked":["Gash","Conserve Battery","Streamline"],"picked":"SKIP","floor":30.0},{"not_picked":["Biased Cognition","Meteor Strike"],"picked":"Rainbow","floor":33},{"not_picked":[],"picked":"Barrage+1","floor":35},{"not_picked":["Turbo+1"],"picked":"SKIP","floor":39},{"not_picked":[],"picked":"FTL+1","floor":41},{"not_picked":["Consume+1"],"picked":"SKIP","floor":42},{"not_picked":[],"picked":"Cold Snap+1","floor":45},{"not_picked":[],"picked":"Lockon+1","floor":46},{"not_picked":[],"picked":"Static Discharge+1","floor":48},{"not_picked":[],"picked":"Conserve Battery+1","floor":54}],"player_experience":620536,"relics_obtained":[{"floor":9.0,"key":"Letter Opener"},{"floor":11.0,"key":"Bottled Lightning"},{"floor":14.0,"key":"Vajra"},{"floor":23.0,"key":"MawBank"},{"floor":26.0,"key":"Smiling Mask"},{"floor":41,"key":"Ornamental Fan"},{"floor":54,"key":"Centennial Puzzle"}],"event_choices":[{"damage_healed":0.0,"max_hp_gain":0.0,"max_hp_loss":0.0,"gold_gain":0.0,"event_name":"Liars Game","player_choice":"Ignored","floor":2.0,"gold_loss":0.0,"damage_taken":0.0},{"damage_healed":0.0,"max_hp_gain":0.0,"max_hp_loss":0.0,"gold_gain":0.0,"event_name":"Shining Light","player_choice":"Entered Light","floor":13.0,"gold_loss":0.0,"damage_taken":15.0,"cards_upgraded":["Compile Driver","Strike_B"]},{"damage_healed":0.0,"max_hp_gain":0.0,"max_hp_loss":0.0,"gold_gain":0.0,"event_name":"Ghosts","player_choice":"Ignored","floor":21.0,"gold_loss":0.0,"damage_taken":0.0},{"damage_healed":0.0,"max_hp_gain":0.0,"max_hp_loss":0.0,"gold_gain":0.0,"event_name":"Colosseum","player_choice":"Fight","floor":27.0,"gold_loss":0.0,"damage_taken":0.0},{"damage_healed":0.0,"max_hp_gain":0.0,"max_hp_loss":0.0,"gold_gain":0.0,"event_name":"Colosseum","player_choice":"Fled From Nobs","floor":27.0,"gold_loss":0.0,"damage_taken":0.0},{"damage_healed":0.0,"max_hp_gain":0.0,"max_hp_loss":0.0,"gold_gain":0.0,"event_name":"The Mausoleum","player_choice":"Opened","floor":28.0,"gold_loss":0.0,"damage_taken":0.0,"relics_obtained":["StoneCalendar"],"cards_obtained":["Writhe"]},{"damage_healed":0,"gold_gain":100,"player_choice":"Pray","damage_taken":0,"max_hp_gain":0,"max_hp_loss":0,"event_name":"Golden Shrine","floor":37,"gold_loss":0}],"is_beta":false,"boss_relics":[{"not_picked":["Lizard Tail","Velvet Choker"],"picked":"Eternal Feather"},{"not_picked":["Cursed Key","Empty Cage"],"picked":"Busted Crown"}],"items_purged_floors":[4,20,31,36,38,47],"is_endless":false,"potions_floor_spawned":[3,11,12,14,16,18,23,25,39,42,45,48,54],"killed_by":"The Heart","ascension_level":0}