{"gold_per_floor":[111,286,286,297,310,345,345,345,368,379,138,138,138,172,172,277,277,292,292,306,318,318,348,348],"floor_reached":24,"playtime":2253,"items_purged":["Strike_B"],"score":223,"play_id":"32ec98b9-d6ff-44ca-b32a-21816e8055a6","local_time":"20190527214107","is_ascension_mode":false,"campfire_choices":[{"data":"Zap","floor":7,"key":"SMITH"},{"floor":12,"key":"REST"},{"data":"Dualcast","floor":15,"key":"SMITH"}],"neow_cost":"NONE","seed_source_timestamp":13988401960148,"circlet_count":0,"master_deck":["Strike_B+1","Strike_B","Defend_B","Defend_B","Defend_B+1","Defend_B","Zap+1","Dualcast+1","Hologram","Genetic Algorithm","Leap","Cold Snap","Glacier","Redo","Hologram","Rainbow+1","Compile Driver","Barrage"],"relics":["Cracked Core","Spirit Poop","Art of War","Happy Flower","Bronze Scales","Peace Pipe","Busted Crown","Omamori"],"potions_floor_usage":[6,14,14,16,20],"damage_taken":[{"damage":0,"enemies":"Small Slimes","floor":1,"turns":3},{"damage":0,"enemies":"2 Louse","floor":4,"turns":2},{"damage":0,"enemies":"Cultist","floor":5,"turns":4},{"damage":30,"enemies":"3 Sentries","floor":6,"turns":8},{"damage":1,"enemies":"3 Louse","floor":10,"turns":3},{"damage":19,"enemies":"Gremlin Nob","floor":14,"turns":5},{"damage":3,"enemies":"The Guardian","floor":16,"turns":13},{"damage":0,"enemies":"Spheric Guardian","floor":18,"turns":5},{"damage":7,"enemies":"2 Thieves","floor":20,"turns":3},{"damage":9,"enemies":"Centurion and Healer","floor":21,"turns":8},{"damage":46,"enemies":"Slavers","floor":23,"turns":6},{"damage":14,"enemies":"Cultist and Chosen","floor":24,"turns":4}],"seed_played":"-1715815688994886737","potions_obtained":[{"floor":1,"key":"Swift Potion"},{"floor":5,"key":"AttackPotion"},{"floor":6,"key":"Swift Potion"},{"floor":14,"key":"Explosive Potion"},{"floor":18,"key":"Explosive Potion"}],"is_trial":false,"path_per_floor":["M","?","?","M","M","E","R","?","T","M","$","R","?","E","R","B",null,"M","?","M","M","?","E","M"],"character_chosen":"DEFECT","items_purchased":["Bronze Scales","Redo"],"campfire_rested":1,"item_purchase_floors":[11,11],"current_hp_per_floor":[75,75,75,75,75,45,45,30,30,29,29,51,51,32,32,29,75,75,75,68,59,59,13,0],"gold":348,"neow_bonus":"THREE_CARDS","is_prod":false,"is_daily":false,"chose_seed":false,"campfire_upgraded":2,"win_rate":0,"timestamp":1558989667,"path_taken":["M","?","?","M","?","E","R","?","T","M","$","R","?","E","R","BOSS","M","?","?","M","?","E","M"],"build_version":"2019-01-23","purchased_purges":1,"victory":false,"max_hp_per_floor":[75,75,75,75,75,75,75,75,75,75,75,75,75,75,75,75,75,75,75,75,75,75,75,75],"card_choices":[{"not_picked":["Stack","Beam Cell"],"picked":"Hologram","floor":0},{"not_picked":["Darkness","Capacitor"],"picked":"Genetic Algorithm","floor":1},{"not_picked":["Beam Cell","Steam"],"picked":"Leap","floor":4},{"not_picked":["Recycle","Aggregate","Rebound"],"picked":"SKIP","floor":5},{"not_picked":["Biased Cognition","Storm"],"picked":"Cold Snap","floor":6},{"not_picked":["Doom and Gloom","Skim"],"picked":"Glacier","floor":10},{"not_picked":["Sweeping Beam","Streamline"],"picked":"Hologram","floor":14},{"not_picked":["Biased Cognition","Amplify"],"picked":"Rainbow","floor":16},{"not_picked":[],"picked":"Compile Driver","floor":18},{"not_picked":[],"picked":"Barrage","floor":20},{"not_picked":["Turbo"],"picked":"SKIP","floor":21},{"not_picked":["Streamline"],"picked":"SKIP","floor":23}],"player_experience":487160,"relics_obtained":[{"floor":6,"key":"Art of War"},{"floor":9,"key":"Happy Flower"},{"floor":14,"key":"Peace Pipe"},{"floor":23,"key":"Omamori"}],"event_choices":[{"damage_healed":0,"gold_gain":175,"player_choice":"AGREE","damage_taken":0,"max_hp_gain":0,"max_hp_loss":0,"event_name":"Liars Game","floor":2,"gold_loss":0,"cards_obtained":["Doubt"]},{"cards_removed":["Doubt"],"damage_healed":0,"gold_gain":0,"player_choice":"Offered Curse","damage_taken":0,"relics_obtained":["Spirit Poop"],"max_hp_gain":0,"max_hp_loss":0,"event_name":"Bonfire Elementals","floor":3,"gold_loss":0},{"damage_healed":0,"gold_gain":0,"player_choice":"Entered Light","damage_taken":15,"max_hp_gain":0,"max_hp_loss":0,"event_name":"Shining Light","floor":8,"gold_loss":0,"cards_upgraded":["Defend_B","Strike_B"]},{"cards_removed":["Strike_B"],"damage_healed":0,"gold_gain":0,"player_choice":"Forget","damage_taken":0,"max_hp_gain":0,"max_hp_loss":0,"event_name":"Living Wall","floor":13,"gold_loss":0},{"damage_healed":0,"gold_gain":0,"player_choice":"Forge","damage_taken":0,"max_hp_gain":0,"max_hp_loss":0,"event_name":"Accursed Blacksmith","floor":19,"gold_loss":0,"cards_upgraded":["Rainbow"]},{"damage_healed":0,"gold_gain":0,"player_choice":"Ignored","damage_taken":0,"max_hp_gain":0,"max_hp_loss":0,"event_name":"Ghosts","floor":22,"gold_loss":0}],"is_beta":false,"boss_relics":[{"not_picked":["Cursed Key","Snecko Eye"],"picked":"Busted Crown"}],"items_purged_floors":[11],"is_endless":false,"potions_floor_spawned":[1,5,6,14,18],"killed_by":"Cultist and Chosen","ascension_level":0}