{"gold_per_floor":[116,136,136,14,89,89,117,117,143,161,179,179,193,193,193,293,293,303,321,246,345,364,364,98,98,98,118,133,163,179,195,195,293,293,311,331,85,85,97,97,129,0,0,14,14,33,33,61,61,61],"floor_reached":50,"playtime":4694,"items_purged":["Strike_B","Strike_B"],"score":549,"play_id":"20a921ba-a7e1-4263-812f-2bad83ffadaa","local_time":"20190611192246","is_ascension_mode":false,"campfire_choices":[{"data":"Loop","floor":6,"key":"SMITH"},{"floor":8,"key":"REST"},{"data":"Zap","floor":12,"key":"SMITH"},{"floor":15,"key":"REST"},{"data":"Chill","floor":23,"key":"SMITH"},{"data":"Coolheaded","floor":32,"key":"SMITH"},{"data":"Barrage","floor":40,"key":"SMITH"},{"floor":45,"key":"RECALL"},{"data":"Creative AI","floor":49,"key":"SMITH"}],"neow_cost":"NONE","seed_source_timestamp":87808991887520,"circlet_count":0,"master_deck":["Defend_B","Defend_B","Defend_B","Defend_B","Zap+1","Dualcast","Panacea","Loop+1","Sweeping Beam","Genetic Algorithm","Coolheaded+1","Fusion","Conserve Battery","Capacitor","Electrodynamics","Storm","Barrage","Blizzard","Cold Snap","Heatsinks","Hologram+1","Redo+1","Stack+1","Defragment+1","BootSequence+1","Rainbow+1","Rebound","Leap+1","Chaos+1","Stack+1","Compile Driver","Barrage+1","Creative AI+1","Fusion+1","Redo+1","Chaos+1","Storm","FTL+1"],"relics":["FrozenCore","Dead Branch","Omamori","Coffee Dripper","Mummified Hand","Toxic Egg 2","Peace Pipe","Gremlin Horn","Smiling Mask"],"potions_floor_usage":[10,13,16,19,33,41,46,50],"damage_taken":[{"damage":1,"enemies":"Jaw Worm","floor":1,"turns":3},{"damage":10,"enemies":"Small Slimes","floor":2,"turns":3},{"damage":37,"enemies":"Lagavulin","floor":7,"turns":7},{"damage":0,"enemies":"Cultist","floor":10,"turns":3},{"damage":0,"enemies":"Large Slime","floor":11,"turns":4},{"damage":0,"enemies":"Gremlin Gang","floor":13,"turns":2},{"damage":32,"enemies":"Hexaghost","floor":16,"turns":5},{"damage":5,"enemies":"Spheric Guardian","floor":18,"turns":5},{"damage":12,"enemies":"3 Byrds","floor":19,"turns":4},{"damage":3,"enemies":"Cultist and Chosen","floor":22,"turns":7},{"damage":0,"enemies":"3 Cultists","floor":27,"turns":3},{"damage":0,"enemies":"Chosen and Byrds","floor":28,"turns":4},{"damage":14,"enemies":"Book of Stabbing","floor":29,"turns":7},{"damage":0,"enemies":"Centurion and Healer","floor":30,"turns":4},{"damage":0,"enemies":"Shelled Parasite and Fungi","floor":31,"turns":4},{"damage":37,"enemies":"Collector","floor":33,"turns":7},{"damage":0,"enemies":"3 Darklings","floor":35,"turns":5},{"damage":0,"enemies":"Orb Walker","floor":36,"turns":4},{"damage":0,"enemies":"Spire Growth","floor":39,"turns":6},{"damage":16,"enemies":"Nemesis","floor":41,"turns":7},{"damage":0,"enemies":"Jaw Worm Horde","floor":44,"turns":4},{"damage":7,"enemies":"Sphere and 2 Shapes","floor":46,"turns":4},{"damage":24,"enemies":"Reptomancer","floor":48,"turns":5},{"damage":53,"enemies":"Awakened One","floor":50,"turns":11}],"seed_played":"-4664938805049987225","potions_obtained":[{"floor":2,"key":"GamblersBrew"},{"floor":7,"key":"Explosive Potion"},{"floor":11,"key":"AttackPotion"},{"floor":18,"key":"LiquidBronze"},{"floor":27,"key":"Dexterity Potion"},{"floor":29,"key":"Strength Potion"},{"floor":30,"key":"FocusPotion"},{"floor":36,"key":"Swift Potion"},{"floor":44,"key":"Dexterity Potion"},{"floor":48,"key":"SteroidPotion"}],"is_trial":false,"path_per_floor":["M","M","?","$","?","R","E","R","T","M","M","R","M","?","R","B",null,"M","M","?","?","M","R","$","?","T","M","M","E","M","M","R","B",null,"M","M","$","?","M","R","E","$","T","M","R","M","?","E","R","B"],"character_chosen":"DEFECT","items_purchased":["Genetic Algorithm","Coolheaded","Blizzard","Cold Snap","Heatsinks","Chaos+1","Stack+1","Compile Driver","Fusion+1","Redo+1"],"campfire_rested":2,"item_purchase_floors":[4,4,24,24,24,37,37,37,42,42],"current_hp_per_floor":[74,64,57,57,50,50,13,35,35,35,35,35,35,35,57,25,75,70,58,58,58,55,55,55,55,55,55,55,41,41,41,41,4,75,75,75,75,75,75,75,59,59,59,59,59,52,71,47,47,0],"gold":61,"neow_bonus":"RANDOM_COLORLESS","is_prod":false,"is_daily":false,"chose_seed":false,"campfire_upgraded":6,"win_rate":0,"timestamp":1560277366,"path_taken":["M","M","?","$","?","R","E","R","T","M","M","R","?","?","R","BOSS","M","?","?","?","M","R","$","?","T","M","M","E","M","M","R","BOSS","M","M","$","?","M","R","E","$","T","M","R","M","?","E","R","BOSS"],"build_version":"2019-01-23","purchased_purges":2,"victory":false,"max_hp_per_floor":[75,75,75,75,75,75,75,75,75,75,75,75,75,75,75,75,75,75,75,75,75,75,75,75,75,75,75,75,75,75,75,75,75,75,75,75,75,75,75,75,75,75,75,75,75,75,75,75,75,75],"card_choices":[{"not_picked":["Recycle","Sweeping Beam"],"picked":"Loop","floor":1},{"not_picked":["Scrape","Hologram"],"picked":"Sweeping Beam","floor":2},{"not_picked":["Reinforced Body","Steam","Steam Power"],"picked":"SKIP","floor":7},{"not_picked":["Stack","Compile Driver"],"picked":"Fusion","floor":10},{"not_picked":["Coolheaded","Steam"],"picked":"Conserve Battery","floor":11},{"not_picked":["Go for the Eyes","Steam"],"picked":"Capacitor","floor":13},{"not_picked":["Buffer","Biased Cognition"],"picked":"Electrodynamics","floor":16},{"not_picked":["Tempest+1","Cold Snap"],"picked":"Chill","floor":18},{"not_picked":["Go for the Eyes","Steam Power"],"picked":"Storm","floor":19},{"not_picked":["Scrape","Heatsinks"],"picked":"Barrage","floor":22},{"not_picked":["Rip and Tear+1","Cold Snap"],"picked":"Hologram+1","floor":27},{"not_picked":["Rip and Tear","Turbo+1"],"picked":"Redo+1","floor":28},{"not_picked":["Hologram+1","Sweeping Beam+1"],"picked":"Stack+1","floor":29},{"not_picked":["Ball Lightning","Machine Learning"],"picked":"Defragment+1","floor":30},{"not_picked":["Turbo+1","Go for the Eyes"],"picked":"BootSequence+1","floor":31},{"not_picked":["Amplify+1","Echo Form"],"picked":"Rainbow+1","floor":33},{"not_picked":["Conserve Battery+1","Streamline"],"picked":"Rebound","floor":35},{"not_picked":["BootSequence+1","Redo+1"],"picked":"Leap+1","floor":36},{"not_picked":["Rebound+1","Sunder"],"picked":"Barrage","floor":39},{"not_picked":["Leap+1","Redo+1"],"picked":"Creative AI","floor":41},{"not_picked":["Static Discharge","Ball Lightning"],"picked":"Chaos+1","floor":44},{"not_picked":["Static Discharge","Conserve Battery+1"],"picked":"Storm","floor":46},{"not_picked":["Compile Driver+1","Gash+1"],"picked":"FTL+1","floor":48}],"player_experience":691171,"relics_obtained":[{"floor":7,"key":"Dead Branch"},{"floor":9,"key":"Omamori"},{"floor":26,"key":"Toxic Egg 2"},{"floor":29,"key":"Peace Pipe"},{"floor":41,"key":"Gremlin Horn"},{"floor":48,"key":"Smiling Mask"}],"event_choices":[{"cards_removed":["Strike_B"],"damage_healed":0,"gold_gain":0,"player_choice":"Card Removal","damage_taken":7,"max_hp_gain":0,"max_hp_loss":0,"event_name":"Golden Wing","floor":3,"gold_loss":0},{"damage_healed":0,"gold_gain":75,"player_choice":"Touch","damage_taken":7,"max_hp_gain":0,"max_hp_loss":0,"event_name":"FaceTrader","floor":5,"gold_loss":0},{"damage_healed":0,"gold_gain":0,"player_choice":"Ignored","damage_taken":0,"max_hp_gain":0,"max_hp_loss":0,"event_name":"NoteForYourself","floor":14,"gold_loss":0},{"cards_removed":["Strike_B"],"damage_healed":0,"gold_gain":0,"player_choice":"Gave Gold","damage_taken":0,"max_hp_gain":0,"max_hp_loss":0,"event_name":"Beggar","floor":20,"gold_loss":75},{"damage_healed":0,"gold_gain":99,"player_choice":"Stole From Cult","damage_taken":0,"max_hp_gain":0,"max_hp_loss":0,"event_name":"Nest","floor":21,"gold_loss":0},{"damage_healed":0,"gold_gain":0,"player_choice":"Stole Relic","damage_taken":0,"relics_obtained":["Mummified Hand"],"max_hp_gain":0,"max_hp_loss":0,"event_name":"Addict","floor":25,"gold_loss":0,"cards_obtained":["Shame"]},{"cards_removed":["Chill"],"damage_healed":0,"gold_gain":0,"player_choice":"Removed Skill","damage_taken":0,"max_hp_gain":0,"max_hp_loss":0,"event_name":"Falling","floor":38,"gold_loss":0},{"damage_healed":19,"gold_gain":0,"player_choice":"Writhe","damage_taken":0,"max_hp_gain":0,"max_hp_loss":0,"event_name":"Winding Halls","floor":47,"gold_loss":0,"cards_obtained":["Writhe"]}],"is_beta":false,"boss_relics":[{"not_picked":["Tiny House","Fusion Hammer"],"picked":"Coffee Dripper"},{"not_picked":["Pandora\u0027s Box","Orrery"],"picked":"FrozenCore"}],"items_purged_floors":[24,37],"is_endless":false,"potions_floor_spawned":[2,7,11,18,27,29,30,36,44,48],"killed_by":"Awakened One","ascension_level":0}