{"gold_per_floor":[109,209,228,228,243,243,284,302,302,318,349,375,375,390,390,511,511,526,541,564,587,512,546,546,62,62,32,57,156,189,189,189,309,309,333,353,378,378,378],"floor_reached":39,"playtime":3865,"items_purged":["Strike_B"],"score":433,"play_id":"30d2972a-ebd1-47ae-903a-52dcafa066ad","local_time":"20190518173652","is_ascension_mode":false,"campfire_choices":[{"data":"Darkness","floor":6,"key":"SMITH"},{"floor":15,"key":"REST"},{"floor":24,"key":"REST"},{"floor":32,"key":"REST"}],"neow_cost":"NONE","seed_source_timestamp":1939265775647,"circlet_count":0,"master_deck":["Strike_B","Strike_B","Defend_B","Defend_B","Defend_B","Zap","Dualcast+1","Chaos","Darkness+1","Cold Snap","Coolheaded","Chill","Chill","Capacitor","Redo","Rainbow","Compile Driver+1","Conserve Battery","Capacitor","Go for the Eyes","Defragment","Seek","Consume","Echo Form","Force Field+1","Aggregate","Coolheaded+1"],"relics":["Lizard Tail","Golden Idol","War Paint","Blue Candle","Odd Mushroom","Nuclear Battery","Peace Pipe","Symbiotic Virus","Bronze Scales","Sundial","Inserter"],"potions_floor_usage":[11,16,20,20,21,23,28,30,33,37,39],"damage_taken":[{"damage":2,"enemies":"Small Slimes","floor":1,"turns":3},{"damage":1,"enemies":"Cultist","floor":3,"turns":3},{"damage":9,"enemies":"Jaw Worm","floor":5,"turns":4},{"damage":3,"enemies":"Gremlin Nob","floor":7,"turns":3},{"damage":3,"enemies":"Blue Slaver","floor":8,"turns":4},{"damage":0,"enemies":"Large Slime","floor":10,"turns":3},{"damage":7,"enemies":"Lagavulin","floor":11,"turns":6},{"damage":12,"enemies":"The Mushroom Lair","floor":12,"turns":6},{"damage":4,"enemies":"Gremlin Gang","floor":14,"turns":6},{"damage":37,"enemies":"Hexaghost","floor":16,"turns":8},{"damage":12,"enemies":"Spheric Guardian","floor":18,"turns":6},{"damage":2,"enemies":"3 Byrds","floor":19,"turns":4},{"damage":29,"enemies":"Centurion and Healer","floor":20,"turns":5},{"damage":3,"enemies":"Chosen and Byrds","floor":21,"turns":6},{"damage":40,"enemies":"Slavers","floor":23,"turns":8},{"damage":0,"enemies":"3 Cultists","floor":28,"turns":5},{"damage":29,"enemies":"Book of Stabbing","floor":30,"turns":7},{"damage":24,"enemies":"Champ","floor":33,"turns":10},{"damage":8,"enemies":"Orb Walker","floor":35,"turns":5},{"damage":13,"enemies":"3 Shapes","floor":36,"turns":6},{"damage":10,"enemies":"Spire Growth","floor":37,"turns":6},{"damage":50,"enemies":"Transient","floor":39,"turns":5}],"seed_played":"-823094761507300728","potions_obtained":[{"floor":1,"key":"FairyPotion"},{"floor":5,"key":"SpeedPotion"},{"floor":8,"key":"SkillPotion"},{"floor":12,"key":"Ancient Potion"},{"floor":14,"key":"Poison Potion"},{"floor":18,"key":"Weak Potion"},{"floor":19,"key":"GamblersBrew"},{"floor":20,"key":"Weak Potion"},{"floor":27,"key":"EssenceOfSteel"},{"floor":27,"key":"SneckoOil"},{"floor":30,"key":"Strength Potion"},{"floor":35,"key":"Dexterity Potion"}],"is_trial":false,"path_per_floor":["M","?","M","?","M","R","E","M","T","M","E","?","?","M","R","B",null,"M","M","M","M","?","E","R","$","T","?","M","?","E","?","R","B",null,"M","M","M","?","M"],"character_chosen":"DEFECT","items_purchased":["Symbiotic Virus","Defragment","GamblersBrew"],"campfire_rested":3,"item_purchase_floors":[25,25,25],"current_hp_per_floor":[73,73,72,69,60,60,57,54,54,54,47,35,35,31,51,14,69,57,55,26,23,23,19,39,39,39,39,39,39,10,10,30,6,69,61,48,38,38,0],"gold":378,"neow_bonus":"BOSS_RELIC","is_prod":false,"is_daily":false,"chose_seed":false,"campfire_upgraded":1,"win_rate":0,"timestamp":1558197412,"path_taken":["M","?","?","?","M","R","E","M","T","M","E","?","?","?","R","BOSS","M","M","M","M","?","E","R","$","T","?","?","?","E","?","R","BOSS","M","M","M","?","M"],"build_version":"2019-01-23","purchased_purges":1,"victory":false,"max_hp_per_floor":[75,75,75,69,69,69,69,69,69,69,69,69,69,69,69,69,69,69,69,69,69,69,69,69,69,69,69,69,69,69,69,69,69,69,69,69,69,69,69],"card_choices":[{"not_picked":["Steam","Redo"],"picked":"Chaos","floor":1},{"not_picked":["Compile Driver","Turbo"],"picked":"Darkness","floor":3},{"not_picked":["Storm","Turbo"],"picked":"Cold Snap","floor":5},{"not_picked":["Ball Lightning","Buffer"],"picked":"Coolheaded","floor":7},{"not_picked":["Recycle","Barrage"],"picked":"Chill","floor":8},{"not_picked":["Chaos","Turbo"],"picked":"Darkness","floor":10},{"not_picked":["Biased Cognition","Barrage"],"picked":"Chill","floor":11},{"not_picked":["Beam Cell","Force Field"],"picked":"Capacitor","floor":12},{"not_picked":["Sweeping Beam","Turbo"],"picked":"Redo","floor":14},{"not_picked":["Reboot","Buffer"],"picked":"Rainbow","floor":16},{"not_picked":["Streamline","Steam"],"picked":"Compile Driver+1","floor":18},{"not_picked":["Blizzard","Ball Lightning"],"picked":"Conserve Battery","floor":19},{"not_picked":["Hello World+1","Aggregate"],"picked":"Capacitor","floor":20},{"not_picked":["Storm","Steam"],"picked":"Go for the Eyes","floor":21},{"not_picked":["Reprogram+1","Turbo","Biased Cognition"],"picked":"SKIP","floor":23},{"not_picked":["Beam Cell+1","Turbo+1","Streamline"],"picked":"SKIP","floor":28},{"not_picked":["Rebound","Steam+1"],"picked":"Seek","floor":30},{"not_picked":["Buffer","Machine Learning"],"picked":"Echo Form","floor":33},{"not_picked":["Conserve Battery","Turbo+1"],"picked":"Force Field+1","floor":35},{"not_picked":["Go for the Eyes+1","Scrape+1"],"picked":"Aggregate","floor":36},{"not_picked":["Go for the Eyes","Auto Shields"],"picked":"Coolheaded+1","floor":37}],"player_experience":302812,"relics_obtained":[{"floor":7,"key":"War Paint"},{"floor":11,"key":"Blue Candle"},{"floor":12,"key":"Odd Mushroom"},{"floor":23,"key":"Peace Pipe"},{"floor":26,"key":"Bronze Scales"},{"floor":30,"key":"Sundial"}],"event_choices":[{"damage_healed":0,"gold_gain":100,"player_choice":"Pray","damage_taken":0,"max_hp_gain":0,"max_hp_loss":0,"event_name":"Golden Shrine","floor":2,"gold_loss":0},{"damage_healed":0,"gold_gain":0,"player_choice":"Lose Max HP","damage_taken":0,"relics_obtained":["Golden Idol"],"max_hp_gain":0,"max_hp_loss":6,"event_name":"Golden Idol","floor":4,"gold_loss":0},{"damage_healed":0,"gold_gain":0,"player_choice":"Fought Mushrooms","damage_taken":0,"max_hp_gain":0,"max_hp_loss":0,"event_name":"Mushrooms","floor":12,"gold_loss":0},{"cards_removed":["Defend_B"],"damage_healed":0,"gold_gain":0,"player_choice":"Offered Basic","damage_taken":0,"max_hp_gain":0,"max_hp_loss":0,"event_name":"Bonfire Elementals","floor":13,"gold_loss":0},{"cards_removed":["Strike_B"],"damage_healed":0,"gold_gain":0,"player_choice":"Gave Gold","damage_taken":0,"max_hp_gain":0,"max_hp_loss":0,"event_name":"Beggar","floor":22,"gold_loss":75},{"damage_healed":0,"gold_gain":0,"player_choice":"Bought 2 Potions","damage_taken":0,"max_hp_gain":0,"max_hp_loss":0,"event_name":"The Woman in Blue","floor":27,"gold_loss":0},{"damage_healed":0,"gold_gain":99,"player_choice":"Stole From Cult","damage_taken":0,"max_hp_gain":0,"max_hp_loss":0,"event_name":"Nest","floor":29,"gold_loss":0},{"damage_healed":0,"gold_gain":0,"player_choice":"Read","damage_taken":0,"max_hp_gain":0,"max_hp_loss":0,"event_name":"The Library","floor":31,"gold_loss":0,"cards_obtained":["Consume"]},{"cards_removed":["Darkness"],"damage_healed":0,"gold_gain":0,"player_choice":"Removed Skill","damage_taken":0,"max_hp_gain":0,"max_hp_loss":0,"event_name":"Falling","floor":38,"gold_loss":0}],"is_beta":false,"boss_relics":[{"not_picked":["White Beast Statue","Runic Dome"],"picked":"Nuclear Battery"},{"not_picked":["Pandora\u0027s Box","Tiny House"],"picked":"Inserter"}],"items_purged_floors":[25],"is_endless":false,"potions_floor_spawned":[1,5,8,12,14,18,19,20,30,35],"killed_by":"Transient","ascension_level":0}