{"gold_per_floor":[119,119,132,132,19,49,68,85,110,110,110,139,139,151,151,247,247,267,367,380,390,64,98,0,0,0,25,38,38,114,114,126,239,251,275,307,319,331,359,371,393,405,417,169,201,213,34,0,0,0,0,0,0,29,29],"floor_reached":55,"playtime":4779,"items_purged":["Strike_B","Defend_B"],"score":693,"play_id":"d13df56c-c198-418a-be40-3bb5010143b8","local_time":"20190527111545","is_ascension_mode":false,"campfire_choices":[{"data":"Blizzard","floor":11.0,"key":"SMITH"},{"floor":13.0,"key":"REST"},{"floor":15.0,"key":"RECALL"},{"floor":25,"key":"REST"},{"floor":29,"key":"REST"},{"floor":32,"key":"REST"},{"data":"Madness","floor":40,"key":"SMITH"},{"data":"Madness","floor":42,"key":"SMITH"},{"floor":49,"key":"REST"},{"data":"Echo Form","floor":52,"key":"SMITH"}],"neow_cost":"NONE","seed_source_timestamp":0,"circlet_count":0,"master_deck":["Defend_B","Defend_B","Defend_B","Zap","Dualcast","Cold Snap","Defragment+1","Blizzard+1","Force Field","Ball Lightning","Buffer","Conserve Battery+1","BootSequence","Loop","Coolheaded","Go for the Eyes+1","Self Repair","Writhe","Echo Form+1","Defragment+1","Madness+1","Madness+1","Chaos","Capacitor","Defragment","Force Field","Force Field","Amplify"],"special_seed":0,"relics":["Cracked Core","Orichalcum","Art of War","Thread and Needle","Empty Cage","Mercury Hourglass","Bronze Scales","The Courier","Torii","Letter Opener","MawBank","Lizard Tail","Dead Branch","Oddly Smooth Stone","Lantern","Happy Flower","Red Mask","DataDisk"],"potions_floor_usage":[27,27,33,36,39,55],"damage_taken":[{"damage":3.0,"enemies":"2 Louse","floor":1.0,"turns":3.0},{"damage":2.0,"enemies":"Jaw Worm","floor":3.0,"turns":3.0},{"damage":12.0,"enemies":"Lagavulin","floor":6.0,"turns":6.0},{"damage":0.0,"enemies":"Small Slimes","floor":7.0,"turns":2.0},{"damage":3.0,"enemies":"2 Fungi Beasts","floor":8.0,"turns":3.0},{"damage":13.0,"enemies":"Gremlin Nob","floor":12.0,"turns":4.0},{"damage":4.0,"enemies":"Exordium Thugs","floor":14.0,"turns":4.0},{"damage":17.0,"enemies":"The Guardian","floor":16.0,"turns":12.0},{"damage":0.0,"enemies":"3 Byrds","floor":18.0,"turns":5.0},{"damage":1.0,"enemies":"Chosen","floor":20.0,"turns":4.0},{"damage":2.0,"enemies":"Snecko","floor":21.0,"turns":6.0},{"damage":58.0,"enemies":"Gremlin Leader","floor":23.0,"turns":9.0},{"damage":21,"enemies":"Book of Stabbing","floor":27,"turns":5},{"damage":0,"enemies":"Shelled Parasite and Fungi","floor":28,"turns":5},{"damage":18,"enemies":"Collector","floor":33,"turns":15},{"damage":1,"enemies":"Orb Walker","floor":35,"turns":5},{"damage":7,"enemies":"3 Darklings","floor":36,"turns":6},{"damage":0,"enemies":"4 Shapes","floor":39,"turns":4},{"damage":19,"enemies":"Sphere and 2 Shapes","floor":41,"turns":6},{"damage":38,"enemies":"Reptomancer","floor":45,"turns":9},{"damage":13,"enemies":"Maw","floor":46,"turns":9},{"damage":6,"enemies":"Donu and Deca","floor":50,"turns":11},{"damage":74,"enemies":"Shield and Spear","floor":54,"turns":9},{"damage":51,"enemies":"The Heart","floor":55,"turns":2}],"seed_played":"1820347896619245724","potions_obtained":[{"floor":1.0,"key":"Block Potion"},{"floor":3.0,"key":"Poison Potion"},{"floor":8.0,"key":"Ancient Potion"},{"floor":21.0,"key":"FearPotion"},{"floor":23.0,"key":"SpeedPotion"},{"floor":27,"key":"Block Potion"},{"floor":33,"key":"Explosive Potion"},{"floor":35,"key":"Weak Potion"},{"floor":39,"key":"Dexterity Potion"}],"is_trial":false,"path_per_floor":["M","?","M","?","$","E","M","M","T","?","R","E","R","M","R","B",null,"M","?","M","M","$","E","?","R","T","E","M","R","T","?","R","B",null,"M","M","?","?","M","R","M","R","T","$","E","M","$","?","R","B",null,"R","$","E","B"],"character_chosen":"DEFECT","items_purchased":["Blizzard","Mercury Hourglass","Loop","Oddly Smooth Stone","Defragment","Happy Flower","Force Field"],"campfire_rested":5,"item_purchase_floors":[5,22,22,44,44,47,47],"current_hp_per_floor":[72,72,70,63,63,51,51,48,48,41,41,28,50,46,46,29,75,75,75,74,72,72,14,14,36,36,15,15,37,37,37,59,48,75,75,75,66,66,73,73,68,68,68,68,37,38,38,38,60,61,75,75,75,1,0],"gold":29,"neow_bonus":"THREE_CARDS","is_prod":false,"is_daily":false,"chose_seed":false,"campfire_upgraded":4,"win_rate":0,"timestamp":1558952145,"path_taken":["M","?","M","?","$","E","M","M","T","?","R","E","R","M","R","BOSS","M","?","?","M","$","E","?","R","T","E","M","R","?","?","R","BOSS","M","M","?","?","M","R","?","R","T","$","E","M","$","?","R","BOSS","R","$","E","BOSS"],"build_version":"2019-01-23","purchased_purges":2,"victory":false,"max_hp_per_floor":[75,75,75,75,75,75,75,75,75,75,75,75,75,75,75,75,75,75,75,75,75,75,75,75,75,75,75,75,75,75,75,75,75,75,75,75,75,75,75,75,75,75,75,75,75,75,75,75,75,75,75,75,75,75,75],"card_choices":[{"not_picked":["Sweeping Beam","Steam"],"picked":"Cold Snap","floor":0.0},{"not_picked":["Reinforced Body","Steam Power"],"picked":"Defragment","floor":1.0},{"not_picked":["Static Discharge","Auto Shields","Stack"],"picked":"SKIP","floor":3.0},{"not_picked":["Rebound","Steam","Go for the Eyes"],"picked":"SKIP","floor":6.0},{"not_picked":["Lockon","Turbo","Go for the Eyes"],"picked":"SKIP","floor":7.0},{"not_picked":["Steam","Turbo","Cold Snap"],"picked":"SKIP","floor":8.0},{"not_picked":["Recycle","Consume"],"picked":"Force Field","floor":12.0},{"not_picked":["Rebound","Gash"],"picked":"Ball Lightning","floor":14.0},{"not_picked":["Multi-Cast","Meteor Strike"],"picked":"Buffer","floor":16.0},{"not_picked":["Force Field","Streamline"],"picked":"Conserve Battery+1","floor":18.0},{"not_picked":["Go for the Eyes","Rebound","Hologram"],"picked":"SKIP","floor":20.0},{"not_picked":["Coolheaded","Turbo"],"picked":"BootSequence","floor":21.0},{"not_picked":["Loop","Streamline+1"],"picked":"Coolheaded","floor":23.0},{"not_picked":["Hologram","Melter+1"],"picked":"Go for the Eyes+1","floor":27},{"not_picked":["Compile Driver+1","Hello World"],"picked":"Self Repair","floor":28},{"not_picked":["Rainbow","Reboot"],"picked":"Echo Form","floor":33},{"not_picked":["Sweeping Beam+1","Steam","Go for the Eyes"],"picked":"SKIP","floor":35},{"not_picked":["Rebound","Compile Driver"],"picked":"Defragment+1","floor":36},{"not_picked":["Conserve Battery","Consume"],"picked":"Chaos","floor":39},{"not_picked":["Steam","Beam Cell+1"],"picked":"Capacitor","floor":41},{"not_picked":["Meteor Strike","Steam+1","Steam Power+1"],"picked":"SKIP","floor":45},{"not_picked":["Ball Lightning+1","Hologram+1"],"picked":"Force Field","floor":46},{"not_picked":["Steam Power+1","Double Energy"],"picked":"Amplify","floor":54}],"player_experience":476539,"relics_obtained":[{"floor":6.0,"key":"Art of War"},{"floor":12.0,"key":"Thread and Needle"},{"floor":23.0,"key":"Bronze Scales"},{"floor":26,"key":"The Courier"},{"floor":27,"key":"Torii"},{"floor":30,"key":"Letter Opener"},{"floor":43,"key":"Dead Branch"},{"floor":45,"key":"Lantern"},{"floor":54,"key":"DataDisk"}],"event_choices":[{"damage_healed":0.0,"max_hp_gain":0.0,"max_hp_loss":0.0,"gold_gain":0.0,"event_name":"Living Wall","player_choice":"Grow","floor":2.0,"gold_loss":0.0,"damage_taken":0.0,"cards_upgraded":["Defragment"]},{"damage_healed":0.0,"max_hp_gain":0.0,"max_hp_loss":0.0,"gold_gain":0.0,"event_name":"Scrap Ooze","player_choice":"Success","floor":4.0,"gold_loss":0.0,"damage_taken":7.0,"relics_obtained":["Orichalcum"]},{"cards_removed":["Strike_B"],"damage_healed":0.0,"max_hp_gain":0.0,"max_hp_loss":0.0,"gold_gain":0.0,"event_name":"Golden Wing","player_choice":"Card Removal","floor":10.0,"gold_loss":0.0,"damage_taken":7.0},{"damage_healed":0.0,"max_hp_gain":0.0,"max_hp_loss":0.0,"gold_gain":100.0,"event_name":"Golden Shrine","player_choice":"Pray","floor":19.0,"gold_loss":0.0,"damage_taken":0.0},{"damage_healed":0,"gold_gain":0,"player_choice":"Paid Fearfully","damage_taken":0,"max_hp_gain":0,"max_hp_loss":0,"event_name":"Masked Bandits","floor":24,"gold_loss":98},{"damage_healed":0,"gold_gain":0,"player_choice":"Opened","damage_taken":0,"relics_obtained":["MawBank"],"max_hp_gain":0,"max_hp_loss":0,"event_name":"The Mausoleum","floor":31,"gold_loss":0,"cards_obtained":["Writhe"]},{"damage_healed":0,"gold_gain":0,"player_choice":"Embrace Madness","damage_taken":9,"max_hp_gain":0,"max_hp_loss":0,"event_name":"Winding Halls","floor":37,"gold_loss":0,"cards_obtained":["Madness","Madness"]},{"damage_healed":0,"gold_gain":0,"player_choice":"Ignored","damage_taken":0,"max_hp_gain":0,"max_hp_loss":0,"event_name":"SecretPortal","floor":38,"gold_loss":0},{"damage_healed":0,"gold_gain":0,"player_choice":"Paid","damage_taken":0,"relics_obtained":["Red Mask"],"max_hp_gain":0,"max_hp_loss":0,"event_name":"Tomb of Lord Red Mask","floor":48,"gold_loss":34}],"is_beta":false,"boss_relics":[{"not_picked":["Snecko Eye","Eternal Feather"],"picked":"Empty Cage"},{"not_picked":["White Beast Statue","Orrery"],"picked":"Lizard Tail"}],"items_purged_floors":[5,44],"is_endless":false,"potions_floor_spawned":[1,3,8,21,23,27,33,35,39],"killed_by":"The Heart","ascension_level":0}