{"gold_per_floor":[118,118,118,118,83,83,94,16,42,42,58,58,75,87,87,184,184,201,218,218,237,250,275,275,123,123,152,168,168,184,201,201,298,298,308,308],"floor_reached":36,"playtime":3808,"items_purged":["Aggregate"],"score":396,"play_id":"5921c81f-18d1-414a-83cb-a34bdd55222f","local_time":"20190601113204","is_ascension_mode":false,"campfire_choices":[{"data":"Fission","floor":6,"key":"SMITH"},{"data":"Defragment","floor":10,"key":"SMITH"},{"data":"Zap","floor":15,"key":"SMITH"},{"floor":29,"key":"REST"},{"floor":32,"key":"REST"}],"neow_cost":"TEN_PERCENT_HP_LOSS","seed_source_timestamp":64216181723313,"circlet_count":0,"master_deck":["Strike_B","Defend_B+1","Defend_B","Defend_B","Defend_B+1","Zap+1","Dualcast","Fission+1","Rebound","Defragment+1","Go for the Eyes","Cold Snap","Creative AI","Chill","Conserve Battery","Doom and Gloom","Fusion+1","Heatsinks","BootSequence","BootSequence","Go for the Eyes+1","Ball Lightning+1","Coolheaded","Fission","Self Repair"],"relics":["Cracked Core","DataDisk","Blood Vial","Turnip","Nloth\u0027s Gift","Kunai","Girya","Snecko Eye"],"potions_floor_usage":[13,18,19,22,27,27,31,33],"damage_taken":[{"damage":0,"enemies":"Cultist","floor":1,"turns":3},{"damage":0,"enemies":"2 Louse","floor":7,"turns":2},{"damage":0,"enemies":"Small Slimes","floor":11,"turns":2},{"damage":15,"enemies":"Exordium Thugs","floor":13,"turns":4},{"damage":4,"enemies":"Large Slime","floor":14,"turns":6},{"damage":10,"enemies":"The Guardian","floor":16,"turns":13},{"damage":9,"enemies":"Spheric Guardian","floor":18,"turns":5},{"damage":0,"enemies":"Shell Parasite","floor":19,"turns":7},{"damage":2,"enemies":"Centurion and Healer","floor":21,"turns":10},{"damage":15,"enemies":"Snake Plant","floor":22,"turns":5},{"damage":14,"enemies":"Book of Stabbing","floor":23,"turns":6},{"damage":35,"enemies":"Gremlin Leader","floor":27,"turns":10},{"damage":13,"enemies":"Shelled Parasite and Fungi","floor":28,"turns":8},{"damage":8,"enemies":"Centurion and Healer","floor":30,"turns":7},{"damage":0,"enemies":"Snake Plant","floor":31,"turns":6},{"damage":41,"enemies":"Collector","floor":33,"turns":14},{"damage":32,"enemies":"3 Darklings","floor":35,"turns":4},{"damage":49,"enemies":"3 Shapes","floor":36,"turns":3}],"seed_played":"4439680731926609688","potions_obtained":[{"floor":1,"key":"Explosive Potion"},{"floor":7,"key":"PowerPotion"},{"floor":11,"key":"Swift Potion"},{"floor":18,"key":"EssenceOfSteel"},{"floor":21,"key":"Regen Potion"},{"floor":23,"key":"Poison Potion"},{"floor":30,"key":"Swift Potion"},{"floor":31,"key":"Regen Potion"}],"is_trial":false,"path_per_floor":["M","?","?","?","?","R","M","$","T","R","M","?","M","M","R","B",null,"M","M","?","M","M","E","?","$","T","E","M","R","M","M","R","B",null,"M","M"],"character_chosen":"DEFECT","items_purchased":["Defragment","BootSequence"],"campfire_rested":2,"item_purchase_floors":[8,25],"current_hp_per_floor":[68,54,54,42,59,59,59,59,59,59,61,61,48,46,46,38,68,59,61,61,61,60,48,48,48,48,15,4,24,18,20,40,16,68,36,0],"gold":308,"neow_bonus":"THREE_RARE_CARDS","is_prod":false,"is_daily":false,"chose_seed":false,"campfire_upgraded":3,"win_rate":0,"timestamp":1559385124,"path_taken":["M","?","?","?","?","R","M","$","T","R","M","?","M","M","R","BOSS","M","M","?","M","M","E","?","$","T","E","M","R","M","?","R","BOSS","M","M"],"build_version":"2019-01-23","purchased_purges":1,"victory":false,"max_hp_per_floor":[68,68,68,68,68,68,68,68,68,68,68,68,68,68,68,68,68,68,68,68,68,68,68,68,68,68,68,68,68,68,68,68,68,68,68,68],"card_choices":[{"not_picked":["Biased Cognition","Reboot"],"picked":"Fission","floor":0},{"not_picked":["Hello World","Steam Power"],"picked":"Rebound","floor":1},{"not_picked":["Steam","Turbo","Steam Power"],"picked":"SKIP","floor":7},{"not_picked":["Turbo","Auto Shields","Beam Cell"],"picked":"SKIP","floor":11},{"not_picked":["Hologram","Stack"],"picked":"Go for the Eyes","floor":13},{"not_picked":["Hello World","Double Energy"],"picked":"Cold Snap","floor":14},{"not_picked":["Rainbow","Seek"],"picked":"Creative AI","floor":16},{"not_picked":["Hologram","Compile Driver"],"picked":"Chill","floor":18},{"not_picked":["Hello World","Beam Cell"],"picked":"Conserve Battery","floor":19},{"not_picked":["Scrape+1","Heatsinks"],"picked":"Fusion+1","floor":21},{"not_picked":["Cold Snap","Compile Driver"],"picked":"Heatsinks","floor":22},{"not_picked":["Aggregate","Hologram"],"picked":"BootSequence","floor":23},{"not_picked":["Seek","Stack"],"picked":"Go for the Eyes+1","floor":27},{"not_picked":["Static Discharge+1","Aggregate+1"],"picked":"Ball Lightning+1","floor":28},{"not_picked":["Ball Lightning","Melter","Conserve Battery"],"picked":"SKIP","floor":30},{"not_picked":["Static Discharge","Rip and Tear"],"picked":"Coolheaded","floor":31},{"not_picked":["All For One","Creative AI"],"picked":"Fission","floor":33},{"not_picked":["Gash","Storm"],"picked":"Self Repair","floor":35}],"player_experience":570251,"relics_obtained":[{"floor":9,"key":"Blood Vial"},{"floor":23,"key":"Turnip"},{"floor":26,"key":"Kunai"},{"floor":27,"key":"Girya"}],"event_choices":[{"damage_healed":0,"gold_gain":0,"player_choice":"Entered Light","damage_taken":14,"max_hp_gain":0,"max_hp_loss":0,"event_name":"Shining Light","floor":2,"gold_loss":0,"cards_upgraded":["Defend_B","Defend_B"]},{"cards_removed":["Strike_B"],"damage_healed":0,"gold_gain":0,"player_choice":"Forget","damage_taken":0,"max_hp_gain":0,"max_hp_loss":0,"event_name":"Living Wall","floor":3,"gold_loss":0},{"damage_healed":0,"gold_gain":0,"player_choice":"Success","damage_taken":12,"relics_obtained":["DataDisk"],"max_hp_gain":0,"max_hp_loss":0,"event_name":"Scrap Ooze","floor":4,"gold_loss":0},{"damage_healed":17,"gold_gain":0,"player_choice":"Healed","damage_taken":0,"max_hp_gain":0,"max_hp_loss":0,"event_name":"The Cleric","floor":5,"gold_loss":35},{"damage_healed":0,"gold_gain":0,"player_choice":"Bought 0 Potions","damage_taken":0,"max_hp_gain":0,"max_hp_loss":0,"event_name":"The Woman in Blue","floor":12,"gold_loss":0},{"damage_healed":0,"gold_gain":0,"cards_transformed":["Strike_B","Strike_B"],"player_choice":"Became Test Subject","damage_taken":0,"max_hp_gain":0,"max_hp_loss":0,"event_name":"Drug Dealer","floor":20,"gold_loss":0,"cards_obtained":["Aggregate","Doom and Gloom"]},{"damage_healed":0,"gold_gain":0,"player_choice":"Traded Relic","damage_taken":0,"relics_obtained":["Nloth\u0027s Gift"],"max_hp_gain":0,"max_hp_loss":0,"event_name":"N\u0027loth","floor":24,"relics_lost":["Nuclear Battery"],"gold_loss":0}],"is_beta":false,"boss_relics":[{"not_picked":["Runic Pyramid","Black Star"],"picked":"Nuclear Battery"},{"not_picked":["Runic Dome","Eternal Feather"],"picked":"Snecko Eye"}],"items_purged_floors":[25],"is_endless":false,"potions_floor_spawned":[1,7,11,18,21,23,30,31],"killed_by":"3 Shapes","ascension_level":0}