{"gold_per_floor":[110,14,189,189,205,238,249,249,298,309,326,326,66,82,82,184,184,194,194,194,205,239,265,265,48,48,48,67,67],"floor_reached":29,"playtime":2195,"items_purged":["Strike_B"],"score":243,"play_id":"28e1ac56-8319-4360-a7c2-b80d283736cd","local_time":"20190525131626","is_ascension_mode":false,"campfire_choices":[{"data":"Darkness","floor":8,"key":"SMITH"},{"data":"Chaos","floor":15,"key":"SMITH"},{"data":"Dualcast","floor":27,"key":"SMITH"}],"neow_cost":"NONE","seed_source_timestamp":2502207953754,"circlet_count":0,"master_deck":["Strike_B","Defend_B","Defend_B","Defend_B","Defend_B","Zap","Dualcast+1","Darkness+1","Conserve Battery","Capacitor","Coolheaded","Cold Snap","Storm","Cold Snap","Compile Driver","Self Repair","Chaos+1","Machine Learning","Redo+1","Coolheaded","Stack+1","Rebound","Chill","Self Repair+1"],"relics":["Empty Cage","Bronze Scales","Anchor","Pen Nib","Omamori","Black Star","Red Mask","Mango","Boot","Oddly Smooth Stone"],"potions_floor_usage":[18,18,22],"damage_taken":[{"damage":2,"enemies":"Small Slimes","floor":1,"turns":4},{"damage":0,"enemies":"Cultist","floor":5,"turns":4},{"damage":7,"enemies":"Lagavulin","floor":6,"turns":9},{"damage":0,"enemies":"2 Louse","floor":7,"turns":2},{"damage":0,"enemies":"Exordium Thugs","floor":10,"turns":4},{"damage":2,"enemies":"Exordium Wildlife","floor":11,"turns":5},{"damage":0,"enemies":"Blue Slaver","floor":14,"turns":5},{"damage":30,"enemies":"Hexaghost","floor":16,"turns":9},{"damage":6,"enemies":"2 Thieves","floor":18,"turns":4},{"damage":0,"enemies":"3 Byrds","floor":21,"turns":2},{"damage":14,"enemies":"Masked Bandits","floor":22,"turns":5},{"damage":40,"enemies":"Book of Stabbing","floor":23,"turns":6},{"damage":26,"enemies":"Snecko","floor":28,"turns":7},{"damage":25,"enemies":"Slavers","floor":29,"turns":5}],"seed_played":"3469444034287021034","potions_obtained":[{"floor":1,"key":"FearPotion"},{"floor":7,"key":"Fire Potion"},{"floor":14,"key":"Explosive Potion"},{"floor":21,"key":"Fire Potion"}],"is_trial":false,"path_per_floor":["M","$","?","?","M","E","M","R","T","M","M","?","$","M","R","B",null,"M","?","$","M","?","E","?","$","T","R","M","E"],"character_chosen":"DEFECT","items_purchased":["Conserve Battery","Capacitor","Omamori","Self Repair","Oddly Smooth Stone","Chill"],"campfire_rested":0,"item_purchase_floors":[2,2,13,13,25,25],"current_hp_per_floor":[73,73,73,73,73,66,66,66,66,66,64,64,64,71,71,48,75,75,75,75,75,61,42,42,42,42,42,23,0],"gold":67,"neow_bonus":"BOSS_RELIC","is_prod":false,"is_daily":false,"chose_seed":false,"campfire_upgraded":3,"win_rate":0,"timestamp":1558786586,"path_taken":["M","$","?","?","?","E","M","R","T","M","M","?","?","M","R","BOSS","M","?","$","M","?","E","?","?","T","R","?","E"],"build_version":"2019-01-23","purchased_purges":1,"victory":false,"max_hp_per_floor":[75,75,75,75,75,75,75,75,75,75,75,75,75,75,75,75,75,75,75,75,75,75,89,89,89,89,89,89,89],"card_choices":[{"not_picked":["Undo","Stack"],"picked":"Darkness","floor":1},{"not_picked":["Sunder","Compile Driver"],"picked":"Coolheaded","floor":5},{"not_picked":["Rebound","Steam"],"picked":"Cold Snap","floor":6},{"not_picked":["Reprogram","Coolheaded"],"picked":"Storm","floor":7},{"not_picked":["Go for the Eyes","Sweeping Beam"],"picked":"Cold Snap","floor":10},{"not_picked":["Seek","Steam"],"picked":"Compile Driver","floor":11},{"not_picked":["Hologram","Redo"],"picked":"Chaos","floor":14},{"not_picked":["Fission","Hyperbeam"],"picked":"Machine Learning","floor":16},{"not_picked":["Sweeping Beam","Heatsinks+1"],"picked":"Redo+1","floor":18},{"not_picked":["Barrage","Steam Power"],"picked":"Coolheaded","floor":21},{"not_picked":["Reinforced Body","Turbo+1"],"picked":"Stack+1","floor":22},{"not_picked":["Streamline+1","Steam"],"picked":"Rebound","floor":23},{"not_picked":["Doom and Gloom","Rip and Tear+1"],"picked":"Self Repair+1","floor":28}],"player_experience":424781,"relics_obtained":[{"floor":6,"key":"Bronze Scales"},{"floor":9,"key":"Anchor"},{"floor":22,"key":"Red Mask"},{"floor":23,"key":"Mango"},{"floor":23,"key":"Boot"}],"event_choices":[{"damage_healed":0,"gold_gain":175,"player_choice":"AGREE","damage_taken":0,"max_hp_gain":0,"max_hp_loss":0,"event_name":"Liars Game","floor":3,"gold_loss":0,"cards_obtained":["Doubt"]},{"cards_removed":["Doubt"],"damage_healed":0,"gold_gain":0,"player_choice":"Removed Curses","damage_taken":0,"max_hp_gain":0,"max_hp_loss":0,"event_name":"Fountain of Cleansing","floor":4,"gold_loss":0},{"damage_healed":0,"gold_gain":0,"player_choice":"Gave Potion","damage_taken":0,"relics_obtained":["Pen Nib"],"max_hp_gain":0,"max_hp_loss":0,"event_name":"WeMeetAgain","floor":12,"gold_loss":0},{"damage_healed":0,"gold_gain":0,"player_choice":"Ignored","damage_taken":0,"max_hp_gain":0,"max_hp_loss":0,"event_name":"Beggar","floor":19,"gold_loss":0},{"damage_healed":0,"gold_gain":0,"player_choice":"Fought Bandits","damage_taken":0,"max_hp_gain":0,"max_hp_loss":0,"event_name":"Masked Bandits","floor":22,"gold_loss":0},{"damage_healed":0,"gold_gain":0,"player_choice":"Ignored","damage_taken":0,"max_hp_gain":0,"max_hp_loss":0,"event_name":"Ghosts","floor":24,"gold_loss":0}],"is_beta":false,"boss_relics":[{"not_picked":["White Beast Statue","Ectoplasm"],"picked":"Black Star"}],"items_purged_floors":[13],"is_endless":false,"potions_floor_spawned":[1,7,14,21],"killed_by":"Slavers","ascension_level":0}