{"gold_per_floor":[116,116,116,7,17,17,33,33,33,53,69,99,115,129,129,225,225,241,241,241,106,123,123,189,239,239,295,364,121,121,202,202,297,297,317,367,417,432,79,111,111,142,192,222,506,297,314,66,66,66,66,66,28,63,63],"floor_reached":55,"playtime":4337,"items_purged":["Strike_B","Strike_B","Strike_B","Defend_B","Defend_B"],"score":795,"play_id":"06d5c0d2-f158-4dfa-83ff-a4cef0cc6605","local_time":"20190608170709","is_ascension_mode":false,"campfire_choices":[{"data":"Defragment","floor":6.0,"key":"SMITH"},{"data":"Zap","floor":8.0,"key":"SMITH"},{"data":"Fusion","floor":15,"key":"SMITH"},{"data":"White Noise","floor":23,"key":"SMITH"},{"data":"Defragment","floor":30,"key":"SMITH"},{"data":"Zap","floor":32,"key":"SMITH"},{"data":"Madness","floor":41,"key":"SMITH"},{"floor":49,"key":"RECALL"},{"data":"Madness","floor":52,"key":"SMITH"}],"neow_cost":"NONE","seed_source_timestamp":0,"circlet_count":0,"master_deck":["Defend_B+1","Defend_B","Zap+1","Dualcast+1","Deep Breath","Defragment+1","Storm","White Noise+1","Chill+1","BootSequence","Fusion+1","Glacier","Leap","Ball Lightning","Electrodynamics","Coolheaded+1","Chill","Compile Driver","Stack","Zap+1","Dark Shackles","Conserve Battery","Barrage+1","Defragment+1","Doom and Gloom","FTL","Machine Learning","Defragment+1","Madness+1","Madness+1","Rebound+1","All For One","Gash+1","Cold Snap","Leap+1","Defragment","Creative AI"],"special_seed":0,"relics":["Cracked Core","Pear","Pantograph","War Paint","Philosopher\u0027s Stone","SsserpentHead","Tiny Chest","Red Mask","Eternal Feather","Medical Kit","Strawberry","DataDisk","MawBank","Anchor","Oddly Smooth Stone","Bronze Scales"],"potions_floor_usage":[12,13,18,22,22,40,40,44,55],"damage_taken":[{"damage":0.0,"enemies":"Small Slimes","floor":1.0,"turns":3.0},{"damage":6.0,"enemies":"2 Louse","floor":5.0,"turns":3.0},{"damage":0.0,"enemies":"Cultist","floor":7.0,"turns":2.0},{"damage":0,"enemies":"2 Fungi Beasts","floor":10,"turns":4},{"damage":0,"enemies":"Lots of Slimes","floor":11,"turns":4},{"damage":19,"enemies":"Gremlin Nob","floor":12,"turns":4},{"damage":0,"enemies":"Large Slime","floor":13,"turns":6},{"damage":0,"enemies":"Blue Slaver","floor":14,"turns":3},{"damage":29,"enemies":"Hexaghost","floor":16,"turns":12},{"damage":1,"enemies":"3 Byrds","floor":18,"turns":4},{"damage":0,"enemies":"2 Thieves","floor":22,"turns":4},{"damage":14,"enemies":"Snake Plant","floor":24,"turns":3},{"damage":17,"enemies":"Slavers","floor":27,"turns":4},{"damage":1,"enemies":"Centurion and Healer","floor":28,"turns":5},{"damage":12,"enemies":"Masked Bandits","floor":31,"turns":4},{"damage":16,"enemies":"Automaton","floor":33,"turns":11},{"damage":0,"enemies":"3 Darklings","floor":35,"turns":5},{"damage":3,"enemies":"3 Shapes","floor":38,"turns":4},{"damage":4,"enemies":"Reptomancer","floor":40,"turns":6},{"damage":1,"enemies":"Nemesis","floor":42,"turns":7},{"damage":0,"enemies":"Spire Growth","floor":44,"turns":5},{"damage":10,"enemies":"Sphere and 2 Shapes","floor":47,"turns":4},{"damage":6,"enemies":"Donu and Deca","floor":50,"turns":8},{"damage":38,"enemies":"Shield and Spear","floor":54,"turns":5},{"damage":84,"enemies":"The Heart","floor":55,"turns":3}],"seed_played":"-2125761219557609714","potions_obtained":[{"floor":5.0,"key":"SpeedPotion"},{"floor":10,"key":"SpeedPotion"},{"floor":12,"key":"Regen Potion"},{"floor":13,"key":"PowerPotion"},{"floor":14,"key":"Strength Potion"},{"floor":24,"key":"Strength Potion"},{"floor":27,"key":"FocusPotion"},{"floor":28,"key":"Block Potion"},{"floor":35,"key":"Ancient Potion"},{"floor":42,"key":"Poison Potion"}],"is_trial":false,"path_per_floor":["M","?","?","$","M","R","M","R","T","M","M","E","M","M","R","B",null,"M","?","?","$","M","R","M","?","T","E","M","$","R","?","R","B",null,"M","?","?","M","$","E","R","E","T","M","?","$","M","$","R","B",null,"R","$","E","B"],"character_chosen":"DEFECT","items_purchased":["Storm","Chill","Defragment","Doom and Gloom","Medical Kit","Cold Snap","Anchor","Oddly Smooth Stone","Defragment"],"campfire_rested":0,"item_purchase_floors":[4,21,29,29,39,46,48,48,53],"current_hp_per_floor":[75,73,56,56,50,50,50,50,50,50,50,31,46,46,46,42,85,84,68,68,68,68,68,54,54,54,37,36,36,36,24,24,33,90,90,90,79,76,76,79,97,96,96,96,96,96,86,86,97,91,97,97,97,59,0],"gold":63,"neow_bonus":"RANDOM_COLORLESS","is_prod":false,"is_daily":false,"chose_seed":false,"campfire_upgraded":8,"win_rate":0,"timestamp":1560010029,"path_taken":["M","?","?","$","M","R","M","R","T","M","M","E","M","M","R","BOSS","M","?","?","$","M","R","?","?","T","E","?","$","R","?","R","BOSS","M","?","?","M","$","E","R","E","T","M","?","$","M","?","R","BOSS","R","$","E","BOSS"],"build_version":"2019-01-23","purchased_purges":5,"victory":false,"max_hp_per_floor":[75,85,85,85,85,85,85,85,85,85,85,85,85,85,85,85,85,85,90,90,90,90,90,90,90,90,90,90,90,90,90,90,90,90,90,90,90,90,90,97,97,97,97,97,97,97,97,97,97,97,97,97,97,97,97],"card_choices":[{"not_picked":["Self Repair","Sweeping Beam"],"picked":"Defragment","floor":1.0},{"not_picked":["Gash","Chill"],"picked":"White Noise","floor":5.0},{"not_picked":["Redo","Tempest"],"picked":"Chill","floor":7.0},{"not_picked":["Gash","Recycle"],"picked":"BootSequence","floor":10},{"not_picked":["Undo","Auto Shields"],"picked":"Fusion","floor":11},{"not_picked":["Ball Lightning","Reprogram"],"picked":"Glacier","floor":12},{"not_picked":["Sweeping Beam","Compile Driver"],"picked":"Leap","floor":13},{"not_picked":["Scrape","Compile Driver"],"picked":"Ball Lightning","floor":14},{"not_picked":["Core Surge","Thunder Strike"],"picked":"Electrodynamics","floor":16},{"not_picked":["Redo","White Noise"],"picked":"Coolheaded+1","floor":18},{"not_picked":["Aggregate+1","Reinforced Body"],"picked":"Compile Driver","floor":22},{"not_picked":["Hello World","Turbo"],"picked":"Stack","floor":24},{"not_picked":["Thunder Strike","Lockon+1"],"picked":"Conserve Battery","floor":27},{"not_picked":["Leap","Hologram"],"picked":"Barrage+1","floor":28},{"not_picked":["Steam","Gash"],"picked":"FTL","floor":31},{"not_picked":["Reboot","Core Surge"],"picked":"Machine Learning","floor":33},{"not_picked":["Turbo+1","Hologram"],"picked":"Defragment+1","floor":35},{"not_picked":["Conserve Battery","Redo","Chill"],"picked":"SKIP","floor":38},{"not_picked":["Undo+1","Compile Driver"],"picked":"Rebound+1","floor":40},{"not_picked":["Barrage+1","Ball Lightning+1"],"picked":"All For One","floor":42},{"not_picked":["Lockon","Ball Lightning"],"picked":"Gash+1","floor":44},{"not_picked":["Melter","Heatsinks"],"picked":"Leap+1","floor":47},{"not_picked":["Turbo","Stack"],"picked":"Creative AI","floor":54}],"player_experience":657376,"relics_obtained":[{"floor":9,"key":"Pantograph"},{"floor":12,"key":"War Paint"},{"floor":27,"key":"Tiny Chest"},{"floor":31,"key":"Red Mask"},{"floor":40,"key":"Strawberry"},{"floor":42,"key":"DataDisk"},{"floor":43,"key":"MawBank"},{"floor":54,"key":"Bronze Scales"}],"event_choices":[{"damage_healed":0.0,"max_hp_gain":0.0,"max_hp_loss":0.0,"gold_gain":0.0,"event_name":"Scrap Ooze","player_choice":"Success","floor":2.0,"gold_loss":0.0,"damage_taken":12.0,"relics_obtained":["Pear"]},{"damage_healed":0.0,"max_hp_gain":0.0,"max_hp_loss":0.0,"gold_gain":0.0,"event_name":"Shining Light","player_choice":"Entered Light","floor":3.0,"gold_loss":0.0,"damage_taken":17.0,"cards_upgraded":["Strike_B","Dualcast"]},{"damage_healed":0,"gold_gain":0,"player_choice":"Shed Blood","damage_taken":21,"max_hp_gain":5,"max_hp_loss":0,"event_name":"Forgotten Altar","floor":19,"gold_loss":0},{"damage_healed":0,"gold_gain":0,"player_choice":"Trade","damage_taken":0,"relics_obtained":["SsserpentHead"],"max_hp_gain":0,"max_hp_loss":0,"event_name":"FaceTrader","floor":20,"gold_loss":0},{"damage_healed":0,"gold_gain":0,"player_choice":"2 cards matched","damage_taken":0,"max_hp_gain":0,"max_hp_loss":0,"event_name":"Match and Keep!","floor":25,"gold_loss":0,"cards_obtained":["Zap","Dark Shackles"]},{"damage_healed":0,"gold_gain":0,"player_choice":"Fought Bandits","damage_taken":0,"max_hp_gain":0,"max_hp_loss":0,"event_name":"Masked Bandits","floor":31,"gold_loss":0},{"cards_removed":["Strike_B"],"damage_healed":0,"gold_gain":0,"player_choice":"Removed Attack","damage_taken":0,"max_hp_gain":0,"max_hp_loss":0,"event_name":"Falling","floor":36,"gold_loss":0},{"damage_healed":0,"gold_gain":0,"player_choice":"Embrace Madness","damage_taken":11,"max_hp_gain":0,"max_hp_loss":0,"event_name":"Winding Halls","floor":37,"gold_loss":0,"cards_obtained":["Madness","Madness"]},{"damage_healed":0,"gold_gain":222,"player_choice":"Wore Mask","damage_taken":0,"max_hp_gain":0,"max_hp_loss":0,"event_name":"Tomb of Lord Red Mask","floor":45,"gold_loss":0}],"is_beta":false,"boss_relics":[{"not_picked":["Snecko Eye","Velvet Choker"],"picked":"Philosopher\u0027s Stone"},{"not_picked":["Fusion Hammer","Cursed Key"],"picked":"Eternal Feather"}],"items_purged_floors":[4,21,29,39,46],"is_endless":false,"potions_floor_spawned":[5,10,12,13,14,24,27,28,35,42],"killed_by":"The Heart","ascension_level":0}