{"gold_per_floor":[219,238,238,258,304,334,349,195,195,195,211,221,253,253,253,349,349,366,192,178,192,67,80,99,126,151,163,163,181,181,206,206,306,306,319,81,81,97,115,149,371,403,403,184,184,197,209,6,6,6,6,6,6,34,34],"floor_reached":56,"playtime":6214,"items_purged":["Strike_B","Strike_B","Defend_B","Hyperbeam"],"score":1466,"play_id":"1275bba0-d556-4267-978a-2374f7c3f561","local_time":"20190528165312","is_ascension_mode":false,"campfire_choices":[{"floor":10.0,"key":"REST"},{"data":"Defragment","floor":15.0,"key":"SMITH"},{"data":"Rainbow","floor":32.0,"key":"SMITH"},{"floor":45.0,"key":"RECALL"},{"data":"Loop","floor":49.0,"key":"SMITH"},{"data":"Loop","floor":52.0,"key":"SMITH"}],"neow_cost":"NONE","seed_source_timestamp":0,"circlet_count":0,"master_deck":["Defend_B+1","Zap+1","Dualcast","Defragment+1","Darkness","Force Field","Loop+1","Cold Snap+1","Conserve Battery","Buffer","Ball Lightning","Rainbow+1","Glacier","Double Energy+1","Coolheaded+1","Force Field","Barrage+1","Loop+1","Doom and Gloom","BootSequence","Core Surge+1","Redo+1","Self Repair","Madness","Leap+1","Capacitor+1","White Noise+1","Blizzard","BootSequence+1"],"special_seed":0,"relics":["FrozenCore","Thread and Needle","Bag of Preparation","PreservedInsect","Runic Pyramid","Omamori","Happy Flower","Red Mask","Runic Capacitor","Whetstone","Question Card","Bottled Flame","Bronze Scales","Oddly Smooth Stone"],"potions_floor_usage":[55,55,55],"damage_taken":[{"damage":0.0,"enemies":"Cultist","floor":1.0,"turns":4.0},{"damage":0.0,"enemies":"2 Louse","floor":2.0,"turns":2.0},{"damage":0.0,"enemies":"Jaw Worm","floor":4.0,"turns":2.0},{"damage":15.0,"enemies":"3 Sentries","floor":6.0,"turns":8.0},{"damage":12.0,"enemies":"Lots of Slimes","floor":7.0,"turns":4.0},{"damage":0.0,"enemies":"3 Louse","floor":11.0,"turns":4.0},{"damage":22.0,"enemies":"Gremlin Gang","floor":12.0,"turns":4.0},{"damage":0.0,"enemies":"Lagavulin","floor":13.0,"turns":6.0},{"damage":0.0,"enemies":"The Guardian","floor":16.0,"turns":9.0},{"damage":0.0,"enemies":"Spheric Guardian","floor":18.0,"turns":3.0},{"damage":3.0,"enemies":"2 Thieves","floor":20.0,"turns":4.0},{"damage":0.0,"enemies":"Cultist and Chosen","floor":21.0,"turns":6.0},{"damage":2.0,"enemies":"Snake Plant","floor":23.0,"turns":4.0},{"damage":0.0,"enemies":"Shelled Parasite and Fungi","floor":24.0,"turns":7.0},{"damage":0.0,"enemies":"Book of Stabbing","floor":25.0,"turns":4.0},{"damage":0.0,"enemies":"Chosen and Byrds","floor":27.0,"turns":5.0},{"damage":0.0,"enemies":"Centurion and Healer","floor":29.0,"turns":6.0},{"damage":0.0,"enemies":"Masked Bandits","floor":31.0,"turns":3.0},{"damage":0.0,"enemies":"Automaton","floor":33.0,"turns":10.0},{"damage":9.0,"enemies":"3 Darklings","floor":35.0,"turns":5.0},{"damage":16.0,"enemies":"3 Shapes","floor":38.0,"turns":4.0},{"damage":0.0,"enemies":"Spire Growth","floor":39.0,"turns":6.0},{"damage":28.0,"enemies":"Reptomancer","floor":40.0,"turns":7.0},{"damage":0.0,"enemies":"Giant Head","floor":42.0,"turns":8.0},{"damage":0.0,"enemies":"Maw","floor":46.0,"turns":7.0},{"damage":0.0,"enemies":"Transient","floor":47.0,"turns":5.0},{"damage":0.0,"enemies":"Awakened One","floor":50.0,"turns":10.0},{"damage":6.0,"enemies":"Shield and Spear","floor":54.0,"turns":5.0},{"damage":26,"enemies":"The Heart","floor":55,"turns":11}],"seed_played":"-8582804186094688762","potions_obtained":[{"floor":1.0,"key":"SteroidPotion"},{"floor":4.0,"key":"FocusPotion"},{"floor":7.0,"key":"LiquidBronze"},{"floor":13.0,"key":"GamblersBrew"},{"floor":20.0,"key":"Regen Potion"},{"floor":21.0,"key":"FearPotion"},{"floor":23.0,"key":"GamblersBrew"},{"floor":27.0,"key":"Strength Potion"},{"floor":35.0,"key":"EntropicBrew"},{"floor":42.0,"key":"Explosive Potion"},{"floor":46.0,"key":"Poison Potion"},{"floor":54,"key":"Swift Potion"}],"is_trial":false,"path_per_floor":["M","M","?","M","T","E","M","$","T","R","M","M","E","?","R","B",null,"M","$","M","M","$","M","M","E","T","M","?","M","?","?","R","B",null,"M","$","?","M","M","E","?","E","T","$","R","M","M","$","R","B",null,"R","$","E","B",null],"character_chosen":"DEFECT","items_purchased":["Loop","Glacier","Runic Capacitor","Self Repair","Blizzard","Bronze Scales","PowerPotion"],"campfire_rested":1,"item_purchase_floors":[8,19,36,36,44,48,48],"current_hp_per_floor":[75,75,60,60,60,45,33,33,33,55,55,33,33,33,33,33,75,75,75,72,72,72,70,70,70,70,70,70,70,70,70,70,70,75,75,75,75,66,73,52,52,59,59,59,59,66,73,73,73,75,75,75,75,75,56],"gold":34,"neow_bonus":"HUNDRED_GOLD","is_prod":false,"is_daily":false,"chose_seed":false,"campfire_upgraded":4,"win_rate":0,"timestamp":1559058792,"path_taken":["M","?","?","M","?","E","?","$","T","R","M","M","E","?","R","BOSS","M","$","M","?","$","M","M","E","T","M","?","M","?","?","R","BOSS","M","$","?","M","M","E","?","E","T","?","R","?","M","$","R","BOSS","R","$","E","BOSS"],"build_version":"2019-01-23","purchased_purges":4,"victory":true,"max_hp_per_floor":[75,75,75,75,75,75,75,75,75,75,75,75,75,75,75,75,75,75,75,75,75,75,75,75,75,75,75,75,75,75,75,75,75,75,75,75,75,75,75,75,75,75,75,75,75,75,75,75,75,75,75,75,75,75,75],"card_choices":[{"not_picked":["Aggregate","Capacitor"],"picked":"Defragment","floor":1.0},{"not_picked":["Turbo","Beam Cell","Steam"],"picked":"SKIP","floor":2.0},{"not_picked":["Sweeping Beam","Steam"],"picked":"Darkness","floor":4.0},{"not_picked":["Steam","Hologram","Consume"],"picked":"SKIP","floor":6.0},{"not_picked":["Compile Driver","Beam Cell"],"picked":"Force Field","floor":7.0},{"not_picked":["Defragment","Gash"],"picked":"Cold Snap","floor":11.0},{"not_picked":["Hello World","Force Field"],"picked":"Conserve Battery","floor":12.0},{"not_picked":["Stack","Turbo"],"picked":"Buffer","floor":13.0},{"not_picked":["Multi-Cast","All For One"],"picked":"Rainbow","floor":16.0},{"not_picked":["Reinforced Body","Melter","Cold Snap"],"picked":"SKIP","floor":18.0},{"not_picked":["Blizzard","Ball Lightning"],"picked":"Double Energy+1","floor":20.0},{"not_picked":["Doom and Gloom","Go for the Eyes"],"picked":"Coolheaded+1","floor":21.0},{"not_picked":["Steam","Sunder"],"picked":"Force Field","floor":23.0},{"not_picked":["Coolheaded+1","Stack"],"picked":"Barrage+1","floor":24.0},{"not_picked":["Thunder Strike","Streamline","Glacier"],"picked":"SKIP","floor":25.0},{"not_picked":["Redo","Aggregate"],"picked":"Loop","floor":27.0},{"not_picked":["Reinforced Body","Steam Power","Steam+1"],"picked":"SKIP","floor":29.0},{"not_picked":["Gash","Steam"],"picked":"BootSequence","floor":31.0},{"not_picked":["Biased Cognition","Hyperbeam"],"picked":"Core Surge","floor":33.0},{"not_picked":["Compile Driver","Rebound+1"],"picked":"Redo+1","floor":35.0},{"not_picked":["PanicButton","Flash of Steel"],"picked":"Madness","floor":37.0},{"not_picked":["Compile Driver+1","Heatsinks"],"picked":"Leap+1","floor":38.0},{"not_picked":["Compile Driver","Darkness+1"],"picked":"Capacitor+1","floor":39.0},{"not_picked":["Leap+1","Conserve Battery","Stack+1"],"picked":"SKIP","floor":40.0},{"not_picked":["Beam Cell","Leap+1","White Noise+1"],"picked":"SKIP","floor":42.0},{"not_picked":["Beam Cell","Leap+1"],"picked":"White Noise+1","floor":42.0},{"not_picked":["Ball Lightning","Buffer","Steam","Conserve Battery+1"],"picked":"SKIP","floor":46.0},{"not_picked":["Blizzard","Rebound+1","Hologram+1"],"picked":"BootSequence+1","floor":47.0},{"not_picked":["Turbo","Streamline","Chill","Hello World"],"picked":"SKIP","floor":54}],"player_experience":504973,"relics_obtained":[{"floor":6.0,"key":"Thread and Needle"},{"floor":9.0,"key":"Bag of Preparation"},{"floor":13.0,"key":"PreservedInsect"},{"floor":25.0,"key":"Omamori"},{"floor":26.0,"key":"Happy Flower"},{"floor":31.0,"key":"Red Mask"},{"floor":40.0,"key":"Whetstone"},{"floor":42.0,"key":"Question Card"},{"floor":43.0,"key":"Bottled Flame"},{"floor":54,"key":"Oddly Smooth Stone"}],"event_choices":[{"damage_healed":0.0,"max_hp_gain":0.0,"max_hp_loss":0.0,"gold_gain":0.0,"event_name":"Shining Light","player_choice":"Entered Light","floor":3.0,"gold_loss":0.0,"damage_taken":15.0,"cards_upgraded":["Zap","Defend_B"]},{"damage_healed":0.0,"max_hp_gain":0.0,"max_hp_loss":0.0,"gold_gain":0.0,"cards_transformed":["Strike_B"],"event_name":"Transmorgrifier","player_choice":"Transformed","floor":14.0,"gold_loss":0.0,"damage_taken":0.0,"cards_obtained":["Ball Lightning"]},{"cards_removed":["Defend_B"],"damage_healed":0.0,"max_hp_gain":0.0,"max_hp_loss":0.0,"gold_gain":0.0,"event_name":"Back to Basics","player_choice":"Elegance","floor":28.0,"gold_loss":0.0,"damage_taken":0.0},{"damage_healed":0.0,"max_hp_gain":0.0,"max_hp_loss":0.0,"gold_gain":0.0,"cards_transformed":["Strike_B","Defend_B"],"event_name":"Drug Dealer","player_choice":"Became Test Subject","floor":30.0,"gold_loss":0.0,"damage_taken":0.0,"cards_obtained":["Hyperbeam","Doom and Gloom"]},{"damage_healed":0.0,"max_hp_gain":0.0,"max_hp_loss":0.0,"gold_gain":0.0,"event_name":"Masked Bandits","player_choice":"Fought Bandits","floor":31.0,"gold_loss":0.0,"damage_taken":0.0},{"damage_healed":0.0,"max_hp_gain":0.0,"max_hp_loss":0.0,"gold_gain":0.0,"event_name":"SensoryStone","player_choice":"Memory 1","floor":37.0,"gold_loss":0.0,"damage_taken":0.0},{"damage_healed":0.0,"max_hp_gain":0.0,"max_hp_loss":0.0,"gold_gain":222.0,"event_name":"Tomb of Lord Red Mask","player_choice":"Wore Mask","floor":41.0,"gold_loss":0.0,"damage_taken":0.0}],"is_beta":false,"boss_relics":[{"not_picked":["Calling Bell","Busted Crown"],"picked":"Runic Pyramid"},{"not_picked":["Cursed Key","Astrolabe"],"picked":"FrozenCore"}],"items_purged_floors":[8,19,22,44],"is_endless":false,"potions_floor_spawned":[1,4,7,13,20,21,23,27,35,42,46,54],"ascension_level":0}