{"gold_per_floor":[110,35,50,50,65,108,8,8,31,62,74,100,156,168,180,312,387,419,454,466,478,405,448,485,22,97,97,128,148,41,55,55,178,178,196,196,196,214,214,214,233,233,313,413,70,104,104,437,437,437,437,437,18,48,48],"floor_reached":55,"playtime":4098,"items_purged":["Decay","Strike_B","Defend_B"],"score":791,"play_id":"ac7e634b-ff29-4eeb-9f92-3c55e8f8964a","local_time":"20190529233131","is_ascension_mode":false,"campfire_choices":[{"data":"Zap","floor":8,"key":"SMITH"},{"data":"Loop","floor":11,"key":"SMITH"},{"floor":15,"key":"REST"},{"floor":32,"key":"RECALL"},{"data":"Seek","floor":40,"key":"SMITH"},{"data":"Coolheaded","floor":42,"key":"SMITH"},{"data":"Barrage","floor":49,"key":"SMITH"},{"data":"Lockon","floor":52,"key":"SMITH"}],"neow_cost":"CURSE","seed_source_timestamp":638731669138,"circlet_count":0,"master_deck":["Zap+1","Dualcast","Loop+1","BootSequence","Ball Lightning","Chill","Conserve Battery","Cold Snap","Compile Driver","Self Repair","Electrodynamics","Capacitor","Chaos+1","Lockon+1","Coolheaded+1","BootSequence","Blizzard+1","Defragment","Barrage+1","Coolheaded","Defragment","Redo+1","Seek+1","Rebound+1","Consume+1","Fusion+1","Leap+1","Double Energy+1","Redo+1","Doom and Gloom","Force Field","Loop","Capacitor"],"relics":["Cracked Core","Pocketwatch","Lantern","MawBank","Dream Catcher","Art of War","Tiny House","Darkstone Periapt","Bottled Tornado","Bag of Preparation","Runic Capacitor","Thread and Needle","Astrolabe","Ginger","Shuriken","Cables","Juzu Bracelet","Calipers","Pear"],"potions_floor_usage":[10,28,31,35,46,55,55,55],"damage_taken":[{"damage":0,"enemies":"2 Louse","floor":1,"turns":2},{"damage":5,"enemies":"Small Slimes","floor":3,"turns":3},{"damage":0,"enemies":"Jaw Worm","floor":5,"turns":3},{"damage":6,"enemies":"Gremlin Nob","floor":6,"turns":3},{"damage":13,"enemies":"Gremlin Gang","floor":10,"turns":4},{"damage":3,"enemies":"Blue Slaver","floor":12,"turns":3},{"damage":14,"enemies":"3 Sentries","floor":13,"turns":11},{"damage":19,"enemies":"Slime Boss","floor":16,"turns":8},{"damage":8,"enemies":"2 Thieves","floor":18,"turns":4},{"damage":0,"enemies":"3 Byrds","floor":19,"turns":3},{"damage":18,"enemies":"Slavers","floor":23,"turns":4},{"damage":10,"enemies":"Sentry and Sphere","floor":24,"turns":3},{"damage":11,"enemies":"Book of Stabbing","floor":28,"turns":5},{"damage":9,"enemies":"Snecko","floor":29,"turns":5},{"damage":0,"enemies":"Centurion and Healer","floor":31,"turns":4},{"damage":0,"enemies":"Champ","floor":33,"turns":9},{"damage":7,"enemies":"3 Darklings","floor":35,"turns":4},{"damage":0,"enemies":"3 Shapes","floor":38,"turns":3},{"damage":0,"enemies":"Sphere and 2 Shapes","floor":41,"turns":3},{"damage":0,"enemies":"Giant Head","floor":46,"turns":7},{"damage":19,"enemies":"Time Eater","floor":50,"turns":8},{"damage":26,"enemies":"Shield and Spear","floor":54,"turns":5},{"damage":66,"enemies":"The Heart","floor":55,"turns":3}],"seed_played":"4096899930528900046","potions_obtained":[{"floor":3,"key":"EssenceOfSteel"},{"floor":16,"key":"FearPotion"},{"floor":17,"key":"FearPotion"},{"floor":24,"key":"FearPotion"},{"floor":29,"key":"Dexterity Potion"},{"floor":33,"key":"Energy Potion"},{"floor":38,"key":"FearPotion"},{"floor":54,"key":"PowerPotion"}],"is_trial":false,"path_per_floor":["M","$","M","?","M","E","$","R","T","M","R","M","E","?","R","B",null,"M","M","$","?","?","E","M","$","T","?","E","M","$","M","R","B",null,"M","?","T","M","?","R","M","R","T","?","$","E","?","?","R","B",null,"R","$","E","B"],"character_chosen":"DEFECT","items_purchased":["Bag of Preparation","Runic Capacitor","Coolheaded","Defragment","Cables","Doom and Gloom","Calipers","Loop","Dexterity Potion"],"campfire_rested":1,"item_purchase_floors":[25,25,30,30,45,45,53,53,53],"current_hp_per_floor":[75,75,70,69,69,63,63,63,63,50,50,47,33,30,50,38,74,73,74,74,74,74,63,60,60,60,60,56,54,54,61,61,68,74,74,74,74,74,74,74,74,74,74,74,74,74,74,74,74,62,74,74,74,65,0],"gold":48,"neow_bonus":"ONE_RARE_RELIC","is_prod":false,"is_daily":false,"chose_seed":false,"campfire_upgraded":6,"win_rate":0,"timestamp":1559169091,"path_taken":["M","$","M","?","M","E","$","R","T","M","R","M","E","?","R","BOSS","M","M","$","?","?","E","M","$","T","?","E","M","?","?","R","BOSS","M","?","?","M","?","R","?","R","T","?","$","E","?","?","R","BOSS","R","$","E","BOSS"],"build_version":"2019-01-23","purchased_purges":3,"victory":false,"max_hp_per_floor":[75,75,75,69,69,69,69,69,69,69,69,69,69,69,69,69,74,74,74,74,74,74,74,74,74,74,74,74,74,74,74,74,74,74,74,74,74,74,74,74,74,74,74,74,74,74,74,74,74,74,74,74,74,84,84],"card_choices":[{"not_picked":["Steam Power","Double Energy"],"picked":"Loop","floor":1},{"not_picked":["Beam Cell","Stack"],"picked":"BootSequence","floor":3},{"not_picked":["Conserve Battery","Rebound"],"picked":"Ball Lightning","floor":5},{"not_picked":["Thunder Strike","Stack"],"picked":"Chill","floor":6},{"not_picked":["Barrage","Aggregate"],"picked":"Conserve Battery","floor":10},{"not_picked":["Blizzard","Lockon"],"picked":"Cold Snap","floor":12},{"not_picked":["Lockon","Hologram"],"picked":"Compile Driver","floor":13},{"not_picked":["Redo","Steam"],"picked":"Self Repair","floor":15},{"not_picked":["Fission","Rainbow"],"picked":"Electrodynamics","floor":16},{"not_picked":["Chaos","Cold Snap"],"picked":"Capacitor","floor":17},{"not_picked":["FTL","Auto Shields","Stack"],"picked":"SKIP","floor":18},{"not_picked":["Ball Lightning+1","Auto Shields"],"picked":"Chaos+1","floor":19},{"not_picked":["Hyperbeam","Barrage"],"picked":"BootSequence","floor":23},{"not_picked":["Self Repair","Hologram"],"picked":"Blizzard+1","floor":24},{"not_picked":["Recycle+1","Blizzard+1"],"picked":"Go for the Eyes","floor":28},{"not_picked":["Rip and Tear+1","Chill"],"picked":"Barrage","floor":29},{"not_picked":["Turbo","Recycle"],"picked":"Redo+1","floor":31},{"not_picked":["Multi-Cast","Amplify"],"picked":"Seek","floor":33},{"not_picked":["Undo","Beam Cell+1"],"picked":"Leap+1","floor":35},{"not_picked":["Sweeping Beam+1","Melter"],"picked":"Double Energy+1","floor":38},{"not_picked":["Steam Power","Coolheaded"],"picked":"Redo+1","floor":41},{"not_picked":["Heatsinks+1","Defragment"],"picked":"Force Field","floor":46},{"not_picked":["Ball Lightning","Gash+1"],"picked":"Capacitor","floor":54}],"player_experience":524219,"relics_obtained":[{"floor":6,"key":"Lantern"},{"floor":9,"key":"MawBank"},{"floor":13,"key":"Dream Catcher"},{"floor":23,"key":"Bottled Tornado"},{"floor":28,"key":"Thread and Needle"},{"floor":37,"key":"Ginger"},{"floor":43,"key":"Shuriken"},{"floor":46,"key":"Juzu Bracelet"},{"floor":54,"key":"Pear"}],"event_choices":[{"damage_healed":0,"gold_gain":0,"player_choice":"Lose Max HP","damage_taken":0,"relics_obtained":["Golden Idol"],"max_hp_gain":0,"max_hp_loss":6,"event_name":"Golden Idol","floor":4,"gold_loss":0},{"damage_healed":0,"gold_gain":0,"player_choice":"Success","damage_taken":3,"relics_obtained":["Art of War"],"max_hp_gain":0,"max_hp_loss":0,"event_name":"Scrap Ooze","floor":14,"gold_loss":0},{"damage_healed":0,"gold_gain":0,"cards_transformed":["Strike_B","Strike_B"],"player_choice":"Became Test Subject","damage_taken":0,"max_hp_gain":0,"max_hp_loss":0,"event_name":"Drug Dealer","floor":21,"gold_loss":0,"cards_obtained":["Lockon","Coolheaded"]},{"damage_healed":0,"gold_gain":0,"player_choice":"Obtained Relic","damage_taken":0,"relics_obtained":["Darkstone Periapt"],"max_hp_gain":0,"max_hp_loss":0,"event_name":"Addict","floor":22,"gold_loss":85},{"damage_healed":0,"gold_gain":0,"player_choice":"Read","damage_taken":0,"max_hp_gain":0,"max_hp_loss":0,"event_name":"The Library","floor":27,"gold_loss":0,"cards_obtained":["Defragment"]},{"damage_healed":0,"gold_gain":0,"player_choice":"Ignored","damage_taken":0,"max_hp_gain":0,"max_hp_loss":0,"event_name":"Tomb of Lord Red Mask","floor":36,"gold_loss":0},{"cards_removed":["Strike_B"],"damage_healed":0,"gold_gain":0,"player_choice":"Purged","damage_taken":0,"max_hp_gain":0,"max_hp_loss":0,"event_name":"Purifier","floor":39,"gold_loss":0},{"damage_healed":0,"gold_gain":100,"player_choice":"Pray","damage_taken":0,"max_hp_gain":0,"max_hp_loss":0,"event_name":"Golden Shrine","floor":44,"gold_loss":0},{"cards_removed":["Go for the Eyes"],"damage_healed":0,"gold_gain":0,"player_choice":"Removed Attack","damage_taken":0,"max_hp_gain":0,"max_hp_loss":0,"event_name":"Falling","floor":47,"gold_loss":0},{"damage_healed":0,"gold_gain":333,"player_choice":"Gave Idol","damage_taken":0,"max_hp_gain":0,"max_hp_loss":0,"event_name":"The Moai Head","floor":48,"relics_lost":["Golden Idol"],"gold_loss":0}],"is_beta":false,"boss_relics":[{"not_picked":["Eternal Feather","Orrery"],"picked":"Tiny House"},{"not_picked":["Runic Dome","Sozu"],"picked":"Astrolabe"}],"items_purged_floors":[2,7,25],"is_endless":false,"potions_floor_spawned":[3,16,24,29,33,38,54],"killed_by":"The Heart","ascension_level":0}