{"gold_per_floor":[117,127,52,65,65,65,99,99,99,99,99,135,154,168,168,298,298,319,17,17,33,47,47,90,90,90,115,136,176,189,203,203,322,322,342,355,47,71,89,89,125,458,458,495,507,238,11,28,28,28,28,28,28,63,63],"floor_reached":56,"playtime":5545,"items_purged":["Strike_B","Strike_B","Defend_B","Defend_B"],"score":1234,"play_id":"e8587d9f-2034-471e-8fdb-a8730d16b562","local_time":"20190625161823","is_ascension_mode":false,"campfire_choices":[{"data":"Zap","floor":6.0,"key":"SMITH"},{"data":"Dualcast","floor":8.0,"key":"SMITH"},{"data":"Redo","floor":10.0,"key":"SMITH"},{"floor":15.0,"key":"REST"},{"data":"Defragment","floor":23.0,"key":"SMITH"},{"data":"Creative AI","floor":25.0,"key":"SMITH"},{"data":"Coolheaded","floor":32.0,"key":"SMITH"},{"floor":40.0,"key":"RECALL"},{"data":"Defragment","floor":49.0,"key":"SMITH"},{"data":"Storm","floor":52.0,"key":"SMITH"}],"neow_cost":"NONE","seed_source_timestamp":0,"circlet_count":0,"master_deck":["Defend_B","Defend_B","Zap+1","Dualcast+1","Redo+1","Genetic Algorithm","Cold Snap","Blizzard","Glacier","Defragment+1","Gash","Creative AI+1","Leap","Coolheaded+1","Skim","Turbo","Gash","BootSequence","Streamline+1","Reprogram+1","Capacitor+1","Gash+1","Go for the Eyes+1","Blizzard+1","Electrodynamics","BootSequence+1","Conserve Battery+1","Cold Snap+1","Glacier+1","Consume+1","Storm+1","Bandage Up","Defragment+1","White Noise+1","Cold Snap+1"],"special_seed":0,"relics":["Cracked Core","Blood Vial","Unceasing Top","Kunai","Juzu Bracelet","Ancient Tea Set","Eternal Feather","Bronze Scales","Mummified Hand","Molten Egg 2","Black Star","Bird Faced Urn","Bag of Preparation","Turnip","MawBank","Anchor","Dodecahedron","PreservedInsect","Thread and Needle","Centennial Puzzle"],"potions_floor_usage":[],"damage_taken":[{"damage":1.0,"enemies":"Cultist","floor":1.0,"turns":3.0},{"damage":1.0,"enemies":"Jaw Worm","floor":2.0,"turns":3.0},{"damage":0.0,"enemies":"2 Louse","floor":4.0,"turns":3.0},{"damage":20.0,"enemies":"Gremlin Nob","floor":7.0,"turns":4.0},{"damage":19.0,"enemies":"3 Sentries","floor":12.0,"turns":7.0},{"damage":0.0,"enemies":"2 Fungi Beasts","floor":13.0,"turns":4.0},{"damage":5.0,"enemies":"Exordium Wildlife","floor":14.0,"turns":4.0},{"damage":25.0,"enemies":"Hexaghost","floor":16.0,"turns":13.0},{"damage":13.0,"enemies":"Spheric Guardian","floor":18.0,"turns":8.0},{"damage":4.0,"enemies":"2 Thieves","floor":21.0,"turns":4.0},{"damage":7.0,"enemies":"Shelled Parasite and Fungi","floor":22.0,"turns":8.0},{"damage":2.0,"enemies":"Gremlin Leader","floor":24.0,"turns":7.0},{"damage":18.0,"enemies":"3 Cultists","floor":27.0,"turns":4.0},{"damage":2.0,"enemies":"Snecko","floor":28.0,"turns":6.0},{"damage":16.0,"enemies":"Slavers","floor":29.0,"turns":6.0},{"damage":0.0,"enemies":"Chosen and Byrds","floor":30.0,"turns":6.0},{"damage":15.0,"enemies":"Shelled Parasite and Fungi","floor":31.0,"turns":6.0},{"damage":20.0,"enemies":"Automaton","floor":33.0,"turns":10.0},{"damage":0.0,"enemies":"3 Shapes","floor":35.0,"turns":5.0},{"damage":21.0,"enemies":"3 Darklings","floor":36.0,"turns":5.0},{"damage":9.0,"enemies":"Maw","floor":38.0,"turns":7.0},{"damage":0.0,"enemies":"Sphere and 2 Shapes","floor":39.0,"turns":4.0},{"damage":37.0,"enemies":"Nemesis","floor":41.0,"turns":12.0},{"damage":10.0,"enemies":"Giant Head","floor":44.0,"turns":8.0},{"damage":0.0,"enemies":"Transient","floor":48.0,"turns":5.0},{"damage":12.0,"enemies":"Time Eater","floor":50.0,"turns":8.0},{"damage":19,"enemies":"Shield and Spear","floor":54,"turns":4},{"damage":50,"enemies":"The Heart","floor":55,"turns":7}],"seed_played":"-4112509833559981597","potions_obtained":[{"floor":2.0,"key":"Fire Potion"},{"floor":4.0,"key":"Ancient Potion"},{"floor":12.0,"key":"Strength Potion"},{"floor":13.0,"key":"Dexterity Potion"},{"floor":24.0,"key":"SkillPotion"},{"floor":29.0,"key":"Swift Potion"},{"floor":31.0,"key":"PowerPotion"},{"floor":33.0,"key":"AttackPotion"},{"floor":39.0,"key":"Ancient Potion"},{"floor":44.0,"key":"FearPotion"}],"is_trial":false,"path_per_floor":["M","M","$","M","?","R","E","R","T","R","?","E","M","M","R","B",null,"M","$","?","M","M","R","E","R","T","M","M","E","M","M","R","B",null,"M","M","$","M","M","R","E","?","T","E","?","$","$","M","R","B",null,"R","$","E","B",null],"character_chosen":"DEFECT","items_purchased":["Bronze Scales","Coolheaded","Bird Faced Urn","PreservedInsect","Defragment"],"campfire_rested":1,"item_purchase_floors":[19,19,37,46,47],"current_hp_per_floor":[74,74,74,75,69,69,49,49,49,49,46,29,31,28,48,25,69,56,56,56,54,49,61,61,69,69,51,51,37,39,26,41,23,69,69,48,48,55,61,69,44,44,44,68,68,68,68,69,69,69,69,69,69,62,50],"gold":63,"neow_bonus":"RANDOM_COMMON_RELIC","is_prod":false,"is_daily":false,"chose_seed":false,"campfire_upgraded":8,"win_rate":0,"timestamp":1561475903,"path_taken":["M","M","?","M","?","R","E","R","T","R","?","E","M","M","R","BOSS","M","$","?","M","M","R","E","R","T","M","M","E","M","M","R","BOSS","M","M","$","M","M","R","E","?","T","E","?","?","$","M","R","BOSS","R","$","E","BOSS"],"build_version":"2019-01-23","purchased_purges":4,"victory":true,"max_hp_per_floor":[75,75,75,75,69,69,69,69,69,69,69,69,69,69,69,69,69,69,69,69,69,69,69,69,69,69,69,69,69,69,69,69,69,69,69,69,69,69,69,69,69,69,69,69,69,69,69,69,69,69,69,69,69,69,69],"card_choices":[{"not_picked":["Force Field","Hologram"],"picked":"Redo","floor":1.0},{"not_picked":["Capacitor","Cold Snap"],"picked":"Genetic Algorithm","floor":2.0},{"not_picked":["Stack","Streamline"],"picked":"Cold Snap","floor":4.0},{"not_picked":["Compile Driver","Self Repair"],"picked":"Blizzard","floor":7.0},{"not_picked":["Creative AI","Steam"],"picked":"Glacier","floor":12.0},{"not_picked":["FTL","Redo"],"picked":"Defragment","floor":13.0},{"not_picked":["Go for the Eyes","Rebound"],"picked":"Gash","floor":14.0},{"not_picked":["Multi-Cast","Amplify"],"picked":"Creative AI","floor":16.0},{"not_picked":["Lockon","Stack"],"picked":"Leap","floor":18.0},{"not_picked":["Genetic Algorithm","Cold Snap"],"picked":"Gash","floor":21.0},{"not_picked":["Stack","Sweeping Beam"],"picked":"BootSequence","floor":22.0},{"not_picked":["Compile Driver","Recycle"],"picked":"Streamline+1","floor":24.0},{"not_picked":["Turbo","Sweeping Beam"],"picked":"Reprogram+1","floor":27.0},{"not_picked":["Reinforced Body+1","Ball Lightning"],"picked":"Capacitor+1","floor":28.0},{"not_picked":["Compile Driver","Scrape"],"picked":"Gash","floor":29.0},{"not_picked":["Seek","Steam"],"picked":"Go for the Eyes+1","floor":30.0},{"not_picked":["Stack","Meteor Strike+1"],"picked":"Blizzard+1","floor":31.0},{"not_picked":["Seek","Echo Form"],"picked":"Electrodynamics","floor":33.0},{"not_picked":["Beam Cell+1","Redo"],"picked":"BootSequence+1","floor":35.0},{"not_picked":["Coolheaded","Reprogram"],"picked":"Conserve Battery+1","floor":36.0},{"not_picked":["Beam Cell+1","Redo+1"],"picked":"Cold Snap+1","floor":38.0},{"not_picked":["Amplify","Redo+1"],"picked":"Glacier+1","floor":39.0},{"not_picked":["Steam+1","Hologram+1"],"picked":"Consume+1","floor":41.0},{"not_picked":["Blizzard+1","Go for the Eyes+1"],"picked":"Storm","floor":44.0},{"not_picked":["Madness","Metamorphosis"],"picked":"Bandage Up","floor":45.0},{"not_picked":["Beam Cell+1","Go for the Eyes+1"],"picked":"White Noise+1","floor":48.0},{"not_picked":["Leap","Ball Lightning+1"],"picked":"Cold Snap+1","floor":54}],"player_experience":750453,"relics_obtained":[{"floor":7.0,"key":"Unceasing Top"},{"floor":9.0,"key":"Kunai"},{"floor":12.0,"key":"Ancient Tea Set"},{"floor":24.0,"key":"Mummified Hand"},{"floor":29.0,"key":"Molten Egg 2"},{"floor":41.0,"key":"Bag of Preparation"},{"floor":41.0,"key":"Turnip"},{"floor":43.0,"key":"MawBank"},{"floor":44.0,"key":"Anchor"},{"floor":44.0,"key":"Dodecahedron"},{"floor":54,"key":"Thread and Needle"},{"floor":54,"key":"Centennial Puzzle"}],"event_choices":[{"damage_healed":0.0,"max_hp_gain":0.0,"max_hp_loss":6.0,"gold_gain":0.0,"event_name":"Golden Idol","player_choice":"Lose Max HP","floor":5.0,"gold_loss":0.0,"damage_taken":0.0,"relics_obtained":["Golden Idol"]},{"damage_healed":0.0,"max_hp_gain":0.0,"max_hp_loss":0.0,"gold_gain":0.0,"event_name":"Scrap Ooze","player_choice":"Success","floor":11.0,"gold_loss":0.0,"damage_taken":3.0,"relics_obtained":["Juzu Bracelet"]},{"damage_healed":0.0,"max_hp_gain":0.0,"max_hp_loss":0.0,"gold_gain":0.0,"cards_transformed":["Strike_B","Strike_B"],"event_name":"Drug Dealer","player_choice":"Became Test Subject","floor":20.0,"gold_loss":0.0,"damage_taken":0.0,"cards_obtained":["Skim","Turbo"]},{"damage_healed":0.0,"max_hp_gain":0.0,"max_hp_loss":0.0,"gold_gain":333.0,"event_name":"The Moai Head","player_choice":"Gave Idol","floor":42.0,"relics_lost":["Golden Idol"],"gold_loss":0.0,"damage_taken":0.0},{"damage_healed":0.0,"max_hp_gain":0.0,"max_hp_loss":0.0,"gold_gain":0.0,"event_name":"SensoryStone","player_choice":"Memory 1","floor":45.0,"gold_loss":0.0,"damage_taken":0.0}],"is_beta":false,"boss_relics":[{"not_picked":["White Beast Statue","Ectoplasm"],"picked":"Eternal Feather"},{"not_picked":["Orrery","Lizard Tail"],"picked":"Black Star"}],"items_purged_floors":[3,19,46,47],"is_endless":false,"potions_floor_spawned":[2,4,12,13,21,22,24,29,31,33,39,44],"ascension_level":0}