{"gold_per_floor":[110,60,77,97,107,107,168,183,235,235,252,269,10,24,24,119,119,133,149,74,94,94,121,121,51,101,118,118,118,118,128,128,128],"floor_reached":33,"playtime":2993,"items_purged":["Strike_B"],"score":261,"play_id":"439c71fc-401b-423e-88c0-57ab15b93c81","local_time":"20190528093719","is_ascension_mode":false,"campfire_choices":[{"data":"Fusion","floor":6,"key":"SMITH"},{"floor":10,"key":"REST"},{"floor":15,"key":"REST"},{"floor":24,"key":"REST"},{"data":"Rainbow","floor":30,"key":"SMITH"},{"data":"Defragment","floor":32,"key":"SMITH"}],"neow_cost":"TEN_PERCENT_HP_LOSS","seed_source_timestamp":207167988010,"circlet_count":0,"master_deck":["Strike_B","Defend_B","Defend_B","Defend_B","Zap","Dualcast","Stack","Hologram","Redo","Fusion+1","Cold Snap","Capacitor","White Noise","Rainbow+1","Defragment+1","Leap","Darkness","Seek","Ball Lightning+1","BootSequence","Chill+1","Barrage","Leap","Compile Driver+1"],"relics":["Cracked Core","Mummified Hand","Lantern","Bottled Lightning","Black Star","Art of War","Omamori","Pantograph"],"potions_floor_usage":[7,7,7,18,27,27],"damage_taken":[{"damage":3,"enemies":"Small Slimes","floor":1,"turns":5},{"damage":11,"enemies":"Jaw Worm","floor":3,"turns":2},{"damage":4,"enemies":"Cultist","floor":4,"turns":4},{"damage":3,"enemies":"Looter","floor":5,"turns":4},{"damage":14,"enemies":"3 Sentries","floor":7,"turns":9},{"damage":10,"enemies":"Large Slime","floor":8,"turns":6},{"damage":12,"enemies":"Exordium Thugs","floor":11,"turns":3},{"damage":2,"enemies":"3 Louse","floor":12,"turns":2},{"damage":0,"enemies":"Red Slaver","floor":14,"turns":5},{"damage":4,"enemies":"The Guardian","floor":16,"turns":10},{"damage":0,"enemies":"3 Byrds","floor":18,"turns":5},{"damage":0,"enemies":"Chosen","floor":19,"turns":3},{"damage":22,"enemies":"Snake Plant","floor":21,"turns":4},{"damage":33,"enemies":"Book of Stabbing","floor":23,"turns":7},{"damage":0,"enemies":"Snecko","floor":27,"turns":5},{"damage":0,"enemies":"Cultist and Chosen","floor":31,"turns":6},{"damage":71,"enemies":"Champ","floor":33,"turns":12}],"seed_played":"8453099569289579816","potions_obtained":[{"floor":1,"key":"Strength Potion"},{"floor":4,"key":"FocusPotion"},{"floor":5,"key":"Strength Potion"},{"floor":8,"key":"SmokeBomb"},{"floor":16,"key":"Weak Potion"},{"floor":18,"key":"Swift Potion"},{"floor":21,"key":"Swift Potion"}],"is_trial":false,"path_per_floor":["M","?","M","M","M","R","?","M","T","R","M","M","$","M","R","B",null,"M","M","$","M","?","E","R","$","T","M","?","?","R","M","R","B"],"character_chosen":"DEFECT","items_purchased":["Bottled Lightning","Barrage","Leap"],"campfire_rested":3,"item_purchase_floors":[13,25,25],"current_hp_per_floor":[65,65,54,50,47,47,33,23,23,43,31,29,29,29,49,45,68,68,68,68,46,46,13,33,33,33,33,33,33,33,33,33,0],"gold":128,"neow_bonus":"TRANSFORM_TWO_CARDS","is_prod":false,"is_daily":false,"chose_seed":false,"campfire_upgraded":3,"win_rate":0,"timestamp":1559032639,"path_taken":["M","?","M","M","M","R","?","M","T","R","M","M","$","M","R","BOSS","M","M","$","M","?","E","R","$","T","?","?","?","R","M","R","BOSS"],"build_version":"2019-01-23","purchased_purges":1,"victory":false,"max_hp_per_floor":[68,68,68,68,68,68,68,68,68,68,68,68,68,68,68,68,68,68,68,68,68,68,68,68,68,68,68,68,68,68,68,68,68],"card_choices":[{"not_picked":["Sweeping Beam","Double Energy"],"picked":"Redo","floor":1},{"not_picked":["Compile Driver","Reprogram"],"picked":"Fusion","floor":3},{"not_picked":["Hologram","Compile Driver"],"picked":"Cold Snap","floor":4},{"not_picked":["Turbo","Lockon"],"picked":"Capacitor","floor":5},{"not_picked":["Leap","Gash"],"picked":"White Noise","floor":7},{"not_picked":["Steam","Stack"],"picked":"Rainbow","floor":8},{"not_picked":["Sweeping Beam","Leap"],"picked":"Defragment","floor":11},{"not_picked":["Stack","Streamline"],"picked":"Leap","floor":12},{"not_picked":["White Noise","Heatsinks"],"picked":"Darkness","floor":14},{"not_picked":["Reboot","Amplify"],"picked":"Seek","floor":16},{"not_picked":["Go for the Eyes","Rebound"],"picked":"Ball Lightning+1","floor":18},{"not_picked":["Turbo","Gash+1","Beam Cell"],"picked":"SKIP","floor":19},{"not_picked":["Multi-Cast","Rip and Tear+1"],"picked":"BootSequence","floor":21},{"not_picked":["Streamline","Reinforced Body"],"picked":"Chill+1","floor":23},{"not_picked":["Redo","Gash+1"],"picked":"Compile Driver+1","floor":27},{"not_picked":["FTL","Beam Cell+1","Barrage"],"picked":"SKIP","floor":31}],"player_experience":494626,"relics_obtained":[{"floor":9,"key":"Lantern"},{"floor":23,"key":"Art of War"},{"floor":23,"key":"Omamori"}],"event_choices":[{"cards_removed":["Defend_B"],"damage_healed":0,"gold_gain":0,"player_choice":"Card Removal","damage_taken":0,"max_hp_gain":0,"max_hp_loss":0,"event_name":"The Cleric","floor":2,"gold_loss":50},{"damage_healed":0,"gold_gain":30,"player_choice":"Searched \u00273\u0027 times","damage_taken":0,"relics_obtained":["Mummified Hand"],"max_hp_gain":0,"max_hp_loss":0,"event_name":"Dead Adventurer","floor":7,"gold_loss":0},{"damage_healed":0,"gold_gain":0,"player_choice":"Ignored","damage_taken":0,"max_hp_gain":0,"max_hp_loss":0,"event_name":"NoteForYourself","floor":22,"gold_loss":0},{"damage_healed":0,"gold_gain":0,"player_choice":"Opened","damage_taken":0,"relics_obtained":["Pantograph"],"max_hp_gain":0,"max_hp_loss":0,"event_name":"The Mausoleum","floor":28,"gold_loss":0,"cards_obtained":["Writhe"]},{"damage_healed":0,"gold_gain":0,"player_choice":"Ignored","damage_taken":0,"max_hp_gain":0,"max_hp_loss":0,"event_name":"Cursed Tome","floor":29,"gold_loss":0}],"is_beta":false,"boss_relics":[{"not_picked":["Runic Dome","Lizard Tail"],"picked":"Black Star"}],"items_purged_floors":[20],"is_endless":false,"potions_floor_spawned":[1,4,5,8,16,18,21],"killed_by":"Champ","ascension_level":0}