{"gold_per_floor":[117,133,146,159,179,206,206,13,13,30,49,67,95,95,95,221,221,234,253,52,82,7,48,48,48,48,48,48,67,67,100,100,220,220,236,511,525,181,231,231],"floor_reached":40,"playtime":4041,"items_purged":["Writhe","Regret"],"score":461,"play_id":"cbcccaf1-8210-44be-a204-f2ef41abf183","local_time":"20190522014926","is_ascension_mode":false,"campfire_choices":[{"data":"Go for the Eyes","floor":7,"key":"SMITH"},{"data":"Go for the Eyes","floor":15,"key":"SMITH"},{"data":"White Noise","floor":24,"key":"SMITH"},{"floor":32,"key":"REST"}],"neow_cost":"NONE","seed_source_timestamp":23276590021116,"circlet_count":0,"master_deck":["Strike_B","Strike_B","Strike_B","Strike_B","Defend_B","Defend_B","Defend_B","Defend_B","Zap","Dualcast","Sweeping Beam","Ball Lightning","Go for the Eyes+1","Cold Snap","Conserve Battery","Machine Learning","FTL","BootSequence","Go for the Eyes+1","Conserve Battery","Creative AI","White Noise+1","Chaos+1","Cold Snap","Glacier","Flechettes","Rebound","Barricade"],"relics":["Cracked Core","Ornamental Fan","Lee\u0027s Waffle","Symbiotic Virus","Kunai","Golden Idol","Black Star","PrismaticShard","Tiny Chest","Bag of Preparation","StoneCalendar","Thread and Needle","Potion Belt","Art of War","Snecko Eye","Bottled Tornado","Lantern"],"potions_floor_usage":[6,6,16,18,23,31,33,33],"damage_taken":[{"damage":5,"enemies":"Small Slimes","floor":1,"turns":3},{"damage":5,"enemies":"2 Louse","floor":2,"turns":3},{"damage":0,"enemies":"Cultist","floor":3,"turns":2},{"damage":6,"enemies":"2 Fungi Beasts","floor":4,"turns":3},{"damage":0,"enemies":"Blue Slaver","floor":5,"turns":3},{"damage":6,"enemies":"3 Sentries","floor":6,"turns":4},{"damage":4,"enemies":"Large Slime","floor":10,"turns":3},{"damage":1,"enemies":"3 Louse","floor":11,"turns":3},{"damage":0,"enemies":"Red Slaver","floor":12,"turns":3},{"damage":3,"enemies":"Gremlin Nob","floor":13,"turns":4},{"damage":24,"enemies":"Slime Boss","floor":16,"turns":9},{"damage":8,"enemies":"2 Thieves","floor":18,"turns":4},{"damage":3,"enemies":"Chosen","floor":19,"turns":5},{"damage":12,"enemies":"Book of Stabbing","floor":23,"turns":6},{"damage":14,"enemies":"Snake Plant","floor":29,"turns":4},{"damage":21,"enemies":"Slavers","floor":31,"turns":7},{"damage":30,"enemies":"Collector","floor":33,"turns":10},{"damage":8,"enemies":"3 Darklings","floor":35,"turns":7},{"damage":0,"enemies":"3 Shapes","floor":37,"turns":5},{"damage":102,"enemies":"Giant Head","floor":40,"turns":15}],"seed_played":"4609243716817216565","potions_obtained":[{"floor":2,"key":"SteroidPotion"},{"floor":5,"key":"AttackPotion"},{"floor":6,"key":"Dexterity Potion"},{"floor":10,"key":"AttackPotion"},{"floor":16,"key":"PowerPotion"},{"floor":19,"key":"AttackPotion"},{"floor":29,"key":"FocusPotion"},{"floor":31,"key":"PowerPotion"},{"floor":35,"key":"SpeedPotion"}],"is_trial":false,"path_per_floor":["M","M","M","M","M","E","R","$","T","M","M","M","E","?","R","B",null,"M","M","$","?","$","E","R","?","T","?","?","M","T","E","R","B",null,"M","?","M","$","T","E"],"character_chosen":"DEFECT","items_purchased":["Lee\u0027s Waffle","PrismaticShard","Bottled Tornado"],"campfire_rested":1,"item_purchase_floors":[8,20,38],"current_hp_per_floor":[77,72,72,66,66,60,60,89,89,85,84,84,81,81,81,57,82,74,71,71,71,71,59,59,59,59,59,59,45,45,24,48,18,82,74,74,74,74,74,0],"gold":231,"neow_bonus":"TEN_PERCENT_HP_BONUS","is_prod":false,"is_daily":false,"chose_seed":false,"campfire_upgraded":3,"win_rate":0,"timestamp":1558486166,"path_taken":["M","M","M","M","M","E","R","$","T","M","M","M","E","?","R","BOSS","M","M","$","?","$","E","R","?","T","?","?","M","?","E","R","BOSS","M","?","M","$","?","E"],"build_version":"2019-01-23","purchased_purges":2,"victory":false,"max_hp_per_floor":[82,82,82,82,82,82,82,89,89,89,89,89,89,82,82,82,82,82,82,82,82,82,82,82,82,82,82,82,82,82,82,82,82,82,82,82,82,82,82,82],"card_choices":[{"not_picked":["Turbo","Scrape"],"picked":"Sweeping Beam","floor":1},{"not_picked":["Beam Cell","Compile Driver"],"picked":"Ball Lightning","floor":2},{"not_picked":["Beam Cell","Heatsinks"],"picked":"Go for the Eyes","floor":3},{"not_picked":["Chill","Go for the Eyes"],"picked":"Cold Snap","floor":4},{"not_picked":["Compile Driver","Reinforced Body"],"picked":"Conserve Battery","floor":5},{"not_picked":["Stack","Conserve Battery"],"picked":"Machine Learning","floor":6},{"not_picked":["Hello World","Streamline"],"picked":"FTL","floor":10},{"not_picked":["Cold Snap","Stack"],"picked":"BootSequence","floor":11},{"not_picked":["Gash","Streamline"],"picked":"Go for the Eyes","floor":12},{"not_picked":["FTL","Streamline"],"picked":"Conserve Battery","floor":13},{"not_picked":["Thunder Strike","Rainbow"],"picked":"Creative AI","floor":16},{"not_picked":["Storm","Steam+1"],"picked":"White Noise","floor":18},{"not_picked":["Go for the Eyes+1","Rebound"],"picked":"Chaos+1","floor":19},{"not_picked":["Clash+1","Capacitor"],"picked":"Cold Snap","floor":23},{"not_picked":["Underhanded Strike","Ball Lightning+1"],"picked":"Flechettes","floor":29},{"not_picked":["Metallicize","Doom and Gloom+1"],"picked":"Rebound","floor":31},{"not_picked":["Malaise","Dark Embrace"],"picked":"Barricade","floor":33},{"not_picked":["Carnage","Clash","Uppercut"],"picked":"SKIP","floor":35},{"not_picked":["Deadly Poison+1","Headbutt+1","Redo"],"picked":"SKIP","floor":37}],"player_experience":371096,"relics_obtained":[{"floor":6,"key":"Ornamental Fan"},{"floor":9,"key":"Symbiotic Virus"},{"floor":13,"key":"Kunai"},{"floor":23,"key":"Bag of Preparation"},{"floor":23,"key":"StoneCalendar"},{"floor":30,"key":"Thread and Needle"},{"floor":31,"key":"Potion Belt"},{"floor":31,"key":"Art of War"},{"floor":39,"key":"Lantern"}],"event_choices":[{"damage_healed":0,"gold_gain":0,"player_choice":"Lose Max HP","damage_taken":0,"relics_obtained":["Golden Idol"],"max_hp_gain":0,"max_hp_loss":7,"event_name":"Golden Idol","floor":14,"gold_loss":0},{"damage_healed":0,"gold_gain":0,"player_choice":"Opened","damage_taken":0,"relics_obtained":["Tiny Chest"],"max_hp_gain":0,"max_hp_loss":0,"event_name":"The Mausoleum","floor":21,"gold_loss":0,"cards_obtained":["Writhe"]},{"damage_healed":0,"gold_gain":0,"player_choice":"Read","damage_taken":0,"max_hp_gain":0,"max_hp_loss":0,"event_name":"The Library","floor":25,"gold_loss":0,"cards_obtained":["Glacier"]},{"damage_healed":0,"gold_gain":0,"player_choice":"Ignored","damage_taken":0,"max_hp_gain":0,"max_hp_loss":0,"event_name":"Beggar","floor":27,"gold_loss":0},{"damage_healed":0,"gold_gain":0,"player_choice":"Ignored","damage_taken":0,"max_hp_gain":0,"max_hp_loss":0,"event_name":"Vampires","floor":28,"gold_loss":0},{"damage_healed":0,"gold_gain":275,"player_choice":"Desecrate","damage_taken":0,"max_hp_gain":0,"max_hp_loss":0,"event_name":"Golden Shrine","floor":36,"gold_loss":0,"cards_obtained":["Regret"]}],"is_beta":false,"boss_relics":[{"not_picked":["Cursed Key","Velvet Choker"],"picked":"Black Star"},{"not_picked":["Coffee Dripper","Orrery"],"picked":"Snecko Eye"}],"items_purged_floors":[22,38],"is_endless":false,"potions_floor_spawned":[2,5,6,10,16,19,29,31,35],"killed_by":"Giant Head","ascension_level":0}