{"gold_per_floor":[216,291,291,4,4,47,47,90,115,131,162,162,200,225,225,345,345,358,79,67,102,122,122,47,47,77,77,90,117,127,153,153,257,257,276,95,95,108,121,121,149,149,174,200,242,254,266,289,301,313,325,337,58,88,88],"floor_reached":55,"playtime":5528,"items_purged":["Strike_B","Strike_B","Strike_B"],"score":736,"play_id":"982c1429-7db1-45d9-9901-f018d7fb5e7c","local_time":"20190527095223","is_ascension_mode":false,"campfire_choices":[{"floor":7,"key":"REST"},{"floor":12,"key":"REST"},{"data":"Go for the Eyes","floor":15,"key":"SMITH"},{"floor":23,"key":"REST"},{"data":"Loop","floor":27,"key":"SMITH"},{"data":"Fission","floor":32,"key":"SMITH"},{"data":"Rainbow","floor":40,"key":"SMITH"},{"floor":42,"key":"RECALL"},{"data":"Defragment","floor":46,"key":"SMITH"},{"data":"Seek","floor":49,"key":"SMITH"},{"data":"Echo Form","floor":52,"key":"SMITH"}],"neow_cost":"NONE","seed_source_timestamp":0,"circlet_count":0,"master_deck":["Strike_B","Defend_B","Defend_B+1","Defend_B","Defend_B","Zap","Dualcast","Coolheaded","Echo Form+1","Go for the Eyes+1","Doom and Gloom","Conserve Battery","Seek+1","Loop+1","Ball Lightning","Electrodynamics","Capacitor","Conserve Battery+1","Cold Snap","Force Field+1","Self Repair","Compile Driver","Fission+1","Rainbow+1","Conserve Battery+1","Defragment+1","BootSequence","Loop+1","Redo","Force Field+1","Hologram+1","White Noise","Coolheaded","Chill+1"],"special_seed":0,"relics":["Cracked Core","Bloody Idol","Lantern","Happy Flower","Bottled Flame","Omamori","Odd Mushroom","Centennial Puzzle","Runic Dome","War Paint","Red Mask","Tiny Chest","Bag of Preparation","Oddly Smooth Stone","Coffee Dripper","Ornamental Fan","MawBank","Strawberry","Bag of Marbles"],"potions_floor_usage":[8,13,16,20,22,22,33,33,33,50,54,55],"damage_taken":[{"damage":2.0,"enemies":"Small Slimes","floor":1.0,"turns":3.0},{"damage":10.0,"enemies":"Lagavulin","floor":6.0,"turns":8.0},{"damage":18,"enemies":"3 Sentries","floor":8,"turns":7},{"damage":0,"enemies":"2 Louse","floor":10,"turns":2},{"damage":8,"enemies":"The Mushroom Lair","floor":11,"turns":4},{"damage":13,"enemies":"Lagavulin","floor":13,"turns":8},{"damage":8,"enemies":"Jaw Worm","floor":14,"turns":3},{"damage":9,"enemies":"Slime Boss","floor":16,"turns":6},{"damage":22,"enemies":"3 Byrds","floor":18,"turns":4},{"damage":11,"enemies":"2 Thieves","floor":20,"turns":4},{"damage":10,"enemies":"Masked Bandits","floor":21,"turns":2},{"damage":4,"enemies":"Sentry and Sphere","floor":22,"turns":3},{"damage":10,"enemies":"Shelled Parasite and Fungi","floor":28,"turns":5},{"damage":13,"enemies":"Book of Stabbing","floor":29,"turns":5},{"damage":8,"enemies":"3 Cultists","floor":30,"turns":4},{"damage":8,"enemies":"Automaton","floor":33,"turns":9},{"damage":0,"enemies":"Orb Walker","floor":35,"turns":4},{"damage":30,"enemies":"3 Darklings","floor":38,"turns":4},{"damage":4,"enemies":"Jaw Worm Horde","floor":39,"turns":2},{"damage":11,"enemies":"Nemesis","floor":41,"turns":7},{"damage":13,"enemies":"4 Shapes","floor":44,"turns":5},{"damage":3,"enemies":"Giant Head","floor":45,"turns":10},{"damage":1,"enemies":"3 Darklings","floor":48,"turns":2},{"damage":60,"enemies":"Time Eater","floor":50,"turns":13},{"damage":45,"enemies":"Shield and Spear","floor":54,"turns":11},{"damage":54,"enemies":"The Heart","floor":55,"turns":12}],"seed_played":"-7624996511887368627","potions_obtained":[{"floor":6,"key":"SkillPotion"},{"floor":8,"key":"Strength Potion"},{"floor":13,"key":"SpeedPotion"},{"floor":14,"key":"Fire Potion"},{"floor":21,"key":"EntropicBrew"},{"floor":22,"key":"PowerPotion"},{"floor":33,"key":"PowerPotion"},{"floor":35,"key":"FairyPotion"},{"floor":41,"key":"Regen Potion"}],"is_trial":false,"path_per_floor":["M","?","?","$","?","E","R","E","T","M","?","R","E","M","R","B",null,"M","$","M","?","M","R","$","?","T","R","M","E","M","T","R","B",null,"M","$","?","M","M","R","E","R","T","M","E","R","?","M","R","B",null,"R","$","E","B"],"character_chosen":"DEFECT","items_purchased":["Echo Form","Lantern","Conserve Battery","War Paint","Self Repair","Defragment","White Noise","Coolheaded","Dexterity Potion"],"campfire_rested":3,"item_purchase_floors":[4,4,19,19,24,36,53,53,53],"current_hp_per_floor":[73,62,62,62,44,34,54,36,36,36,28,48,35,27,27,18,69,47,47,36,26,22,42,42,42,47,47,56,55,66,69,69,69,69,69,69,69,51,59,59,60,60,65,61,76,76,76,76,76,38,76,76,76,43,0],"gold":88,"neow_bonus":"HUNDRED_GOLD","is_prod":false,"is_daily":false,"chose_seed":false,"campfire_upgraded":7,"win_rate":0,"timestamp":1558947143,"path_taken":["M","?","?","$","?","E","R","E","T","M","?","R","E","M","R","BOSS","M","$","M","?","M","R","$","?","T","R","M","E","M","?","R","BOSS","M","$","?","M","?","R","E","R","T","M","E","R","?","M","R","BOSS","R","$","E","BOSS"],"build_version":"2019-01-23","purchased_purges":3,"victory":false,"max_hp_per_floor":[75,75,69,69,69,69,69,69,69,69,69,69,69,69,69,69,69,69,69,69,69,69,69,69,69,69,69,69,69,69,69,69,69,69,69,69,69,69,69,69,69,69,69,69,76,76,76,76,76,76,76,76,76,76,76],"card_choices":[{"not_picked":["Stack","Auto Shields"],"picked":"Coolheaded","floor":1.0},{"not_picked":["Recycle","BootSequence"],"picked":"Go for the Eyes","floor":6},{"not_picked":["Double Energy","Leap"],"picked":"Doom and Gloom","floor":8},{"not_picked":["Consume","Beam Cell"],"picked":"Conserve Battery","floor":10},{"not_picked":["Stack","Chill"],"picked":"Seek","floor":11},{"not_picked":["Sweeping Beam","Steam"],"picked":"Loop","floor":13},{"not_picked":["Hologram","Reprogram"],"picked":"Ball Lightning","floor":14},{"not_picked":["Biased Cognition","Seek"],"picked":"Electrodynamics","floor":16},{"not_picked":["Reinforced Body","Cold Snap"],"picked":"Capacitor","floor":18},{"not_picked":["Rebound+1","Sweeping Beam"],"picked":"Cold Snap","floor":20},{"not_picked":["Steam","Consume"],"picked":"Force Field+1","floor":22},{"not_picked":["Rebound+1","Auto Shields"],"picked":"Compile Driver","floor":28},{"not_picked":["Ball Lightning+1","Aggregate"],"picked":"Fission","floor":29},{"not_picked":["Gash","FTL+1"],"picked":"Rebound","floor":30},{"not_picked":["Meteor Strike","Hyperbeam"],"picked":"Rainbow","floor":33},{"not_picked":["Gash","Barrage+1"],"picked":"Conserve Battery+1","floor":35},{"not_picked":["Beam Cell+1","Darkness"],"picked":"BootSequence","floor":38},{"not_picked":["Compile Driver","Rebound+1"],"picked":"Loop+1","floor":39},{"not_picked":["Reinforced Body+1","Stack+1"],"picked":"Redo","floor":41},{"not_picked":["Redo","Skim","Aggregate"],"picked":"SKIP","floor":44},{"not_picked":["Reboot","Go for the Eyes"],"picked":"Force Field+1","floor":45},{"not_picked":["Go for the Eyes+1","Barrage+1"],"picked":"Hologram+1","floor":48},{"not_picked":["Stack","Leap"],"picked":"Chill+1","floor":54}],"player_experience":471011,"relics_obtained":[{"floor":6,"key":"Bottled Flame"},{"floor":8,"key":"Omamori"},{"floor":11,"key":"Odd Mushroom"},{"floor":13,"key":"Centennial Puzzle"},{"floor":21,"key":"Red Mask"},{"floor":26,"key":"Tiny Chest"},{"floor":29,"key":"Bag of Preparation"},{"floor":31,"key":"Oddly Smooth Stone"},{"floor":41,"key":"Ornamental Fan"},{"floor":43,"key":"MawBank"},{"floor":45,"key":"Strawberry"},{"floor":54,"key":"Bag of Marbles"}],"event_choices":[{"damage_healed":0.0,"max_hp_gain":0.0,"max_hp_loss":0.0,"gold_gain":75.0,"event_name":"World of Goop","player_choice":"Gather Gold","floor":2.0,"gold_loss":0.0,"damage_taken":11.0},{"damage_healed":0.0,"max_hp_gain":0.0,"max_hp_loss":6.0,"gold_gain":0.0,"event_name":"Golden Idol","player_choice":"Lose Max HP","floor":3.0,"gold_loss":0.0,"damage_taken":0.0,"relics_obtained":["Golden Idol"]},{"damage_healed":0.0,"max_hp_gain":0.0,"max_hp_loss":0.0,"gold_gain":0.0,"event_name":"Scrap Ooze","player_choice":"Success","floor":5.0,"gold_loss":0.0,"damage_taken":18.0,"relics_obtained":["Happy Flower"]},{"damage_healed":0,"gold_gain":0,"player_choice":"Fought Mushrooms","damage_taken":0,"max_hp_gain":0,"max_hp_loss":0,"event_name":"Mushrooms","floor":11,"gold_loss":0},{"damage_healed":0,"gold_gain":0,"player_choice":"Fought Bandits","damage_taken":0,"max_hp_gain":0,"max_hp_loss":0,"event_name":"Masked Bandits","floor":21,"gold_loss":0},{"damage_healed":0,"gold_gain":0,"player_choice":"Gave Idol","damage_taken":0,"relics_obtained":["Bloody Idol"],"max_hp_gain":0,"max_hp_loss":0,"event_name":"Forgotten Altar","floor":25,"relics_lost":["Golden Idol"],"gold_loss":0},{"damage_healed":0,"gold_gain":0,"player_choice":"Ignored","damage_taken":0,"max_hp_gain":0,"max_hp_loss":0,"event_name":"SecretPortal","floor":37,"gold_loss":0},{"cards_removed":["Rebound"],"damage_healed":0,"gold_gain":0,"player_choice":"Removed Attack","damage_taken":0,"max_hp_gain":0,"max_hp_loss":0,"event_name":"Falling","floor":47,"gold_loss":0}],"is_beta":false,"boss_relics":[{"not_picked":["Lizard Tail","Snecko Eye"],"picked":"Runic Dome"},{"not_picked":["Pandora\u0027s Box","Tiny House"],"picked":"Coffee Dripper"}],"items_purged_floors":[19,36,53],"is_endless":false,"potions_floor_spawned":[6,8,13,14,21,22,29,33,35,41,45],"killed_by":"The Heart","ascension_level":0}