{"gold_per_floor":[115,40,40,56,67,96,108,108,108,108,12,75,75,75,75,171,171,185,39,39,51,150,150,150,178,227,227,245,105,120,120,120,215,215,235,11,111,0,15,41,41,56,56,56,56,75,6,22,22,22,22,22,22,48,48],"floor_reached":56,"playtime":4153,"items_purged":["Strike_B","Strike_B","Defend_B"],"score":1141,"play_id":"bee9a3b5-69c6-4640-b456-996257e2f850","local_time":"20190615172734","is_ascension_mode":false,"campfire_choices":[{"data":"Chaos","floor":8,"key":"SMITH"},{"data":"Zap","floor":15,"key":"SMITH"},{"data":"Fission","floor":23,"key":"SMITH"},{"data":"Dualcast","floor":27,"key":"SMITH"},{"floor":32,"key":"RECALL"},{"data":"Fission","floor":45,"key":"SMITH"},{"data":"Static Discharge","floor":49,"key":"SMITH"},{"data":"Finesse","floor":52,"key":"SMITH"}],"neow_cost":"NONE","seed_source_timestamp":13928152014577,"circlet_count":0,"master_deck":["Defend_B+1","Defend_B","Defend_B","Zap+1","Dualcast+1","Coolheaded+1","Static Discharge+1","Ball Lightning","Sunder+1","Chaos+1","Capacitor","Conserve Battery","Fusion+1","Fission+1","Defragment+1","Finesse+1","Loop+1","Compile Driver+1","BootSequence","Electrodynamics+1","Glacier","Fission+1","Go for the Eyes+1","Meteor Strike","Conserve Battery","Cold Snap+1","Glacier+1","Blizzard+1","Defragment+1","Static Discharge+1","Loop+1","Machine Learning+1"],"relics":["Cracked Core","Smiling Mask","Frozen Egg 2","Calipers","Empty Cage","Shuriken","Blood Vial","Inserter","DataDisk","Incense Burner","Red Mask","Meat on the Bone","Gremlin Horn","Blue Candle","Bottled Tornado"],"potions_floor_usage":[12,21,25,28,33,40,55,55,55],"damage_taken":[{"damage":1,"enemies":"2 Louse","floor":1,"turns":3},{"damage":4,"enemies":"Jaw Worm","floor":4,"turns":3},{"damage":0,"enemies":"Small Slimes","floor":5,"turns":3},{"damage":25,"enemies":"Lagavulin","floor":6,"turns":6},{"damage":0,"enemies":"2 Fungi Beasts","floor":7,"turns":2},{"damage":4,"enemies":"Gremlin Nob","floor":12,"turns":3},{"damage":26,"enemies":"Slime Boss","floor":16,"turns":9},{"damage":10,"enemies":"Shell Parasite","floor":18,"turns":5},{"damage":7,"enemies":"Chosen","floor":21,"turns":5},{"damage":14,"enemies":"Gremlin Leader","floor":25,"turns":5},{"damage":9,"enemies":"3 Cultists","floor":28,"turns":6},{"damage":0,"enemies":"Snecko","floor":30,"turns":3},{"damage":4,"enemies":"Collector","floor":33,"turns":9},{"damage":0,"enemies":"3 Shapes","floor":35,"turns":3},{"damage":0,"enemies":"Mind Bloom Boss Battle","floor":37,"turns":8},{"damage":13,"enemies":"3 Darklings","floor":39,"turns":2},{"damage":47,"enemies":"Reptomancer","floor":40,"turns":6},{"damage":11,"enemies":"Jaw Worm Horde","floor":42,"turns":4},{"damage":0,"enemies":"Transient","floor":46,"turns":5},{"damage":0,"enemies":"Sphere and 2 Shapes","floor":48,"turns":1},{"damage":12,"enemies":"Time Eater","floor":50,"turns":11},{"damage":13,"enemies":"Shield and Spear","floor":54,"turns":5},{"damage":28,"enemies":"The Heart","floor":55,"turns":11}],"seed_played":"6213380441395679574","potions_obtained":[{"floor":4,"key":"FocusPotion"},{"floor":6,"key":"Block Potion"},{"floor":12,"key":"Poison Potion"},{"floor":18,"key":"Strength Potion"},{"floor":25,"key":"Block Potion"},{"floor":28,"key":"SpeedPotion"},{"floor":30,"key":"SteroidPotion"},{"floor":37,"key":"Ancient Potion"},{"floor":39,"key":"Swift Potion"},{"floor":54,"key":"SkillPotion"}],"is_trial":false,"path_per_floor":["M","$","?","M","M","E","M","R","T","?","$","?","?","?","R","B",null,"M","$","?","M","?","R","?","E","T","R","M","$","M","?","R","B",null,"M","$","?","?","M","E","$","M","T","T","R","M","$","M","R","B",null,"R","$","E","B",null],"character_chosen":"DEFECT","items_purchased":["Conserve Battery","Finesse","BootSequence","Electrodynamics+1","DataDisk","Meteor Strike","Static Discharge+1"],"campfire_rested":0,"item_purchase_floors":[11,19,29,29,36,36,47],"current_hp_per_floor":[74,74,74,70,70,45,45,45,45,45,45,41,26,51,51,25,75,65,65,65,58,58,58,58,44,44,44,37,37,39,39,39,37,75,75,75,75,75,62,17,17,20,20,20,20,34,34,48,48,38,75,75,75,62,48],"gold":48,"neow_bonus":"THREE_CARDS","is_prod":false,"is_daily":false,"chose_seed":false,"campfire_upgraded":7,"win_rate":0,"timestamp":1560616054,"path_taken":["M","$","?","M","M","E","M","R","T","?","?","?","?","?","R","BOSS","M","$","?","M","?","R","?","E","T","R","M","$","M","?","R","BOSS","M","$","?","?","M","E","?","?","T","?","R","M","$","?","R","BOSS","R","$","E","BOSS"],"build_version":"2019-01-23","purchased_purges":3,"victory":true,"max_hp_per_floor":[75,75,75,75,75,75,75,75,75,75,75,75,75,75,75,75,75,75,75,75,75,75,75,75,75,75,75,75,75,75,75,75,75,75,75,75,75,75,75,75,75,75,75,75,75,75,75,75,75,75,75,75,75,75,75],"card_choices":[{"not_picked":["Sweeping Beam","Steam"],"picked":"Coolheaded","floor":0},{"not_picked":["Sweeping Beam","Streamline"],"picked":"Static Discharge","floor":1},{"not_picked":["Compile Driver","Coolheaded"],"picked":"Ball Lightning","floor":4},{"not_picked":["Steam","Turbo"],"picked":"Sunder","floor":5},{"not_picked":["Ball Lightning","Streamline"],"picked":"Chaos","floor":6},{"not_picked":["Aggregate","Steam Power"],"picked":"Capacitor","floor":7},{"not_picked":["Hologram","Skim"],"picked":"Fusion","floor":12},{"not_picked":["Seek","Rainbow"],"picked":"Fission","floor":16},{"not_picked":["Heatsinks+1","Gash"],"picked":"Defragment+1","floor":18},{"not_picked":["Double Energy","Streamline"],"picked":"Loop+1","floor":21},{"not_picked":["Recycle+1","Aggregate","Steam Power"],"picked":"SKIP","floor":25},{"not_picked":["Tempest","Chaos"],"picked":"Compile Driver+1","floor":28},{"not_picked":["Consume","Rebound+1"],"picked":"Glacier","floor":30},{"not_picked":["Multi-Cast","Thunder Strike"],"picked":"Fission","floor":33},{"not_picked":["Stack","Beam Cell"],"picked":"Go for the Eyes+1","floor":35},{"not_picked":["Reprogram+1","Sunder+1"],"picked":"Conserve Battery","floor":37},{"not_picked":["Stack+1","Hello World+1"],"picked":"Cold Snap+1","floor":39},{"not_picked":["Rip and Tear","Skim"],"picked":"Glacier+1","floor":40},{"not_picked":["Rebound","FTL+1"],"picked":"Blizzard+1","floor":42},{"not_picked":["Rip and Tear","Aggregate"],"picked":"Defragment+1","floor":46},{"not_picked":["Chill+1","Heatsinks+1"],"picked":"Loop+1","floor":48},{"not_picked":["Heatsinks+1","Undo+1"],"picked":"Machine Learning+1","floor":54}],"player_experience":713823,"relics_obtained":[{"floor":6,"key":"Smiling Mask"},{"floor":9,"key":"Frozen Egg 2"},{"floor":25,"key":"Blood Vial"},{"floor":37,"key":"Incense Burner"},{"floor":40,"key":"Meat on the Bone"},{"floor":43,"key":"Gremlin Horn"},{"floor":44,"key":"Blue Candle"},{"floor":54,"key":"Bottled Tornado"}],"event_choices":[{"damage_healed":0,"gold_gain":0,"player_choice":"Ignored","damage_taken":0,"max_hp_gain":0,"max_hp_loss":0,"event_name":"Liars Game","floor":3,"gold_loss":0},{"damage_healed":0,"gold_gain":0,"player_choice":"Grow","damage_taken":0,"max_hp_gain":0,"max_hp_loss":0,"event_name":"Living Wall","floor":10,"gold_loss":0,"cards_upgraded":["Sunder"]},{"damage_healed":0,"gold_gain":0,"player_choice":"Searched \u00272\u0027 times","damage_taken":0,"relics_obtained":["Calipers"],"max_hp_gain":0,"max_hp_loss":0,"event_name":"Dead Adventurer","floor":12,"gold_loss":0},{"damage_healed":0,"gold_gain":0,"player_choice":"Entered Light","damage_taken":15,"max_hp_gain":0,"max_hp_loss":0,"event_name":"Shining Light","floor":13,"gold_loss":0,"cards_upgraded":["Defend_B","Fusion"]},{"damage_healed":25,"gold_gain":0,"player_choice":"Banana","damage_taken":0,"max_hp_gain":0,"max_hp_loss":0,"event_name":"Big Fish","floor":14,"gold_loss":0},{"damage_healed":0,"gold_gain":0,"player_choice":"Opened","damage_taken":0,"relics_obtained":["Shuriken"],"max_hp_gain":0,"max_hp_loss":0,"event_name":"The Mausoleum","floor":20,"gold_loss":0},{"damage_healed":0,"gold_gain":99,"player_choice":"Stole From Cult","damage_taken":0,"max_hp_gain":0,"max_hp_loss":0,"event_name":"Nest","floor":22,"gold_loss":0},{"damage_healed":0,"gold_gain":0,"player_choice":"Ignored","damage_taken":0,"max_hp_gain":0,"max_hp_loss":0,"event_name":"Cursed Tome","floor":24,"gold_loss":0},{"damage_healed":0,"gold_gain":0,"player_choice":"Upgraded","damage_taken":0,"max_hp_gain":0,"max_hp_loss":0,"event_name":"Upgrade Shrine","floor":31,"gold_loss":0,"cards_upgraded":["Coolheaded"]},{"damage_healed":0,"gold_gain":0,"player_choice":"Fight","damage_taken":0,"max_hp_gain":0,"max_hp_loss":0,"event_name":"MindBloom","floor":37,"gold_loss":0},{"damage_healed":0,"gold_gain":0,"player_choice":"Paid","damage_taken":0,"relics_obtained":["Red Mask"],"max_hp_gain":0,"max_hp_loss":0,"event_name":"Tomb of Lord Red Mask","floor":38,"gold_loss":111}],"is_beta":false,"boss_relics":[{"not_picked":["Runic Dome","Fusion Hammer"],"picked":"Empty Cage"},{"not_picked":["Eternal Feather","Astrolabe"],"picked":"Inserter"}],"items_purged_floors":[2,11,19],"is_endless":false,"potions_floor_spawned":[4,6,12,18,25,28,30,37,39,54],"ascension_level":0}