{"gold_per_floor":[117,69,80,80,30,60,77,77,102,22,80,97,107,126,126,230,230,243,262,274,274,289,289,389,414,414,414],"floor_reached":27,"playtime":2318,"items_purged":[],"score":270,"play_id":"afd11552-295d-43b8-8e68-f5080f1cf3b1","local_time":"20190525143227","is_ascension_mode":false,"campfire_choices":[{"floor":8,"key":"RECALL"},{"data":"Storm","floor":15,"key":"SMITH"},{"data":"Fusion","floor":23,"key":"SMITH"}],"neow_cost":"NONE","seed_source_timestamp":6941204358204,"circlet_count":0,"master_deck":["Strike_B","Strike_B","Defend_B","Defend_B","Defend_B","Defend_B","Zap","Dualcast","Ball Lightning","Conserve Battery","Compile Driver","Hologram","Storm+1","Self Repair","Cold Snap","Cold Snap","Coolheaded","Force Field","Biased Cognition","Coolheaded","Loop","Static Discharge","Hologram","Cold Snap","Fusion+1","Force Field+1","Consume","BootSequence","Barrage+1","Storm"],"relics":["Cracked Core","NeowsBlessing","Ancient Tea Set","DataDisk","Tiny Chest","Orrery","Ginger","Toxic Egg 2","FossilizedHelix","Smiling Mask"],"potions_floor_usage":[24,24],"damage_taken":[{"damage":0,"enemies":"Jaw Worm","floor":1,"turns":1},{"damage":0,"enemies":"2 Louse","floor":3,"turns":1},{"damage":0,"enemies":"3 Sentries","floor":6,"turns":1},{"damage":0,"enemies":"Cultist","floor":7,"turns":3},{"damage":34,"enemies":"Gremlin Nob","floor":11,"turns":4},{"damage":3,"enemies":"Large Slime","floor":12,"turns":4},{"damage":9,"enemies":"Blue Slaver","floor":13,"turns":3},{"damage":0,"enemies":"2 Fungi Beasts","floor":14,"turns":3},{"damage":10,"enemies":"Hexaghost","floor":16,"turns":12},{"damage":0,"enemies":"Spheric Guardian","floor":18,"turns":4},{"damage":9,"enemies":"Chosen","floor":19,"turns":5},{"damage":12,"enemies":"Shelled Parasite and Fungi","floor":20,"turns":9},{"damage":3,"enemies":"Sentry and Sphere","floor":22,"turns":6},{"damage":0,"enemies":"Colosseum Slavers","floor":24,"turns":4},{"damage":32,"enemies":"Colosseum Nobs","floor":24,"turns":5},{"damage":26,"enemies":"Book of Stabbing","floor":25,"turns":6},{"damage":32,"enemies":"Slavers","floor":27,"turns":4}],"seed_played":"3445333867979106583","potions_obtained":[{"floor":6,"key":"SteroidPotion"},{"floor":11,"key":"LiquidBronze"},{"floor":14,"key":"LiquidBronze"},{"floor":16,"key":"Dexterity Potion"},{"floor":20,"key":"Block Potion"},{"floor":25,"key":"Ancient Potion"}],"is_trial":false,"path_per_floor":["M","$","M","?","?","E","M","R","T","$","E","M","M","M","R","B",null,"M","M","M","?","M","R","?","E","T","E"],"character_chosen":"DEFECT","items_purchased":["Conserve Battery","Self Repair"],"campfire_rested":0,"item_purchase_floors":[2,10],"current_hp_per_floor":[75,75,75,68,68,68,68,68,68,68,41,45,43,43,43,40,75,75,73,68,68,65,65,47,28,28,0],"gold":414,"neow_bonus":"THREE_ENEMY_KILL","is_prod":false,"is_daily":false,"chose_seed":false,"campfire_upgraded":2,"win_rate":0,"timestamp":1558791147,"path_taken":["M","$","M","?","?","E","M","R","T","?","E","M","?","M","R","BOSS","M","M","M","?","M","R","?","E","T","E"],"build_version":"2019-01-23","purchased_purges":0,"victory":false,"max_hp_per_floor":[75,75,75,75,75,75,75,75,75,75,75,75,75,75,75,75,75,75,75,75,75,75,75,75,75,75,75],"card_choices":[{"not_picked":["Compile Driver","FTL"],"picked":"Ball Lightning","floor":1},{"not_picked":["Rip and Tear","Ball Lightning"],"picked":"Compile Driver","floor":3},{"not_picked":["Amplify","Compile Driver"],"picked":"Hologram","floor":6},{"not_picked":["Lockon","Compile Driver"],"picked":"Storm","floor":7},{"not_picked":["Barrage","Self Repair"],"picked":"Cold Snap","floor":11},{"not_picked":["Auto Shields","Reinforced Body"],"picked":"Cold Snap","floor":12},{"not_picked":["Streamline","Melter"],"picked":"Coolheaded","floor":13},{"not_picked":["Consume","White Noise"],"picked":"Force Field","floor":14},{"not_picked":["Hyperbeam","Core Surge"],"picked":"Biased Cognition","floor":16},{"not_picked":["Recycle","Turbo"],"picked":"Coolheaded","floor":17},{"not_picked":["Rebound","Lockon"],"picked":"Loop","floor":17},{"not_picked":["Rebound","Core Surge"],"picked":"Static Discharge","floor":17},{"not_picked":["Steam","FTL"],"picked":"Hologram","floor":17},{"not_picked":["Undo","Beam Cell"],"picked":"Cold Snap","floor":17},{"not_picked":["Streamline","Genetic Algorithm"],"picked":"Fusion","floor":18},{"not_picked":["Beam Cell","Reprogram"],"picked":"Force Field+1","floor":19},{"not_picked":["Redo","Barrage"],"picked":"Consume","floor":20},{"not_picked":["Doom and Gloom","Streamline"],"picked":"BootSequence","floor":22},{"not_picked":["Chill","Skim"],"picked":"Barrage+1","floor":24},{"not_picked":["Gash","Coolheaded+1"],"picked":"Storm","floor":25}],"player_experience":427205,"relics_obtained":[{"floor":6,"key":"Ancient Tea Set"},{"floor":9,"key":"DataDisk"},{"floor":11,"key":"Tiny Chest"},{"floor":24,"key":"Ginger"},{"floor":24,"key":"Toxic Egg 2"},{"floor":25,"key":"FossilizedHelix"},{"floor":26,"key":"Smiling Mask"}],"event_choices":[{"cards_removed":["Strike_B"],"damage_healed":0,"gold_gain":0,"player_choice":"Card Removal","damage_taken":7,"max_hp_gain":0,"max_hp_loss":0,"event_name":"Golden Wing","floor":4,"gold_loss":0},{"cards_removed":["Strike_B"],"damage_healed":0,"gold_gain":0,"player_choice":"Card Removal","damage_taken":0,"max_hp_gain":0,"max_hp_loss":0,"event_name":"The Cleric","floor":5,"gold_loss":50},{"damage_healed":0,"gold_gain":0,"player_choice":"Ignored","damage_taken":0,"max_hp_gain":0,"max_hp_loss":0,"event_name":"Vampires","floor":21,"gold_loss":0},{"damage_healed":0,"gold_gain":0,"player_choice":"Fight","damage_taken":0,"max_hp_gain":0,"max_hp_loss":0,"event_name":"Colosseum","floor":24,"gold_loss":0},{"damage_healed":0,"gold_gain":0,"player_choice":"Fought Nobs","damage_taken":0,"max_hp_gain":0,"max_hp_loss":0,"event_name":"Colosseum","floor":24,"gold_loss":0}],"is_beta":false,"boss_relics":[{"not_picked":["Calling Bell","Tiny House"],"picked":"Orrery"}],"items_purged_floors":[],"is_endless":false,"potions_floor_spawned":[6,11,14,16,20,25],"killed_by":"Slavers","ascension_level":0}