{"gold_per_floor":[114,132,132,147,18,18,47,47,47,47,73,92,112,124,124,228,228,238,249,39,39,39,39],"floor_reached":23,"playtime":1573,"items_purged":["Defend_B"],"score":201,"play_id":"961b4bb1-f220-459d-9762-ebe173b423d3","local_time":"20190528125218","is_ascension_mode":false,"campfire_choices":[{"data":"Redo","floor":6,"key":"SMITH"},{"data":"Dualcast","floor":8,"key":"SMITH"},{"floor":10,"key":"RECALL"},{"floor":15,"key":"REST"}],"neow_cost":"NONE","seed_source_timestamp":13327549939920,"circlet_count":0,"master_deck":["Strike_B","Strike_B","Defend_B","Defend_B","Defend_B","Zap+1","Dualcast+1","Consume","Conserve Battery","Defragment","Redo+1","FTL","Darkness+1","Redo+1","Leap+1","Echo Form","Coolheaded+1","Self Repair+1","Cold Snap","Machine Learning"],"relics":["Cracked Core","Mummified Hand","The Courier","Toxic Egg 2","Philosopher\u0027s Stone","Bottled Tornado"],"potions_floor_usage":[7,14,14],"damage_taken":[{"damage":2,"enemies":"Jaw Worm","floor":1,"turns":4},{"damage":0,"enemies":"Cultist","floor":2,"turns":3},{"damage":2,"enemies":"Small Slimes","floor":4,"turns":3},{"damage":42,"enemies":"3 Sentries","floor":7,"turns":6},{"damage":14,"enemies":"Lagavulin","floor":11,"turns":5},{"damage":0,"enemies":"Red Slaver","floor":12,"turns":2},{"damage":0,"enemies":"Large Slime","floor":13,"turns":2},{"damage":0,"enemies":"3 Louse","floor":14,"turns":3},{"damage":18,"enemies":"Slime Boss","floor":16,"turns":7},{"damage":0,"enemies":"Spheric Guardian","floor":18,"turns":3},{"damage":33,"enemies":"2 Thieves","floor":19,"turns":4},{"damage":48,"enemies":"Gremlin Leader","floor":23,"turns":6}],"seed_played":"5898958981012662393","potions_obtained":[{"floor":4,"key":"Regen Potion"},{"floor":12,"key":"Energy Potion"},{"floor":13,"key":"SteroidPotion"},{"floor":14,"key":"Ancient Potion"}],"is_trial":false,"path_per_floor":["M","M","?","M","$","R","E","R","T","R","E","M","M","M","R","B",null,"M","M","$","?","?","E"],"character_chosen":"DEFECT","items_purchased":["Redo","Bottled Tornado"],"campfire_rested":1,"item_purchase_floors":[5,20],"current_hp_per_floor":[73,73,73,71,71,71,43,43,43,43,29,29,29,29,51,33,75,75,42,42,42,42,0],"gold":39,"neow_bonus":"TRANSFORM_CARD","is_prod":false,"is_daily":false,"chose_seed":false,"campfire_upgraded":2,"win_rate":0,"timestamp":1559044338,"path_taken":["M","M","?","M","$","R","E","R","T","R","E","M","M","M","R","BOSS","M","M","$","?","?","E"],"build_version":"2019-01-23","purchased_purges":1,"victory":false,"max_hp_per_floor":[75,75,75,75,75,75,75,75,75,75,75,75,75,75,75,75,75,75,75,75,75,75,75],"card_choices":[{"not_picked":["Sweeping Beam","Streamline"],"picked":"Conserve Battery","floor":1},{"not_picked":["Melter","Turbo","Sweeping Beam"],"picked":"SKIP","floor":2},{"not_picked":["Hello World","Stack"],"picked":"Defragment","floor":4},{"not_picked":["Turbo","Steam"],"picked":"FTL","floor":7},{"not_picked":["Hello World","Go for the Eyes","Conserve Battery"],"picked":"SKIP","floor":11},{"not_picked":["Lockon","Go for the Eyes"],"picked":"Darkness+1","floor":12},{"not_picked":["Skim+1","Consume+1"],"picked":"Redo+1","floor":13},{"not_picked":["Reprogram+1","Streamline"],"picked":"Leap+1","floor":14},{"not_picked":["Meteor Strike","Multi-Cast+1"],"picked":"Echo Form","floor":16},{"not_picked":["Beam Cell","Streamline"],"picked":"Coolheaded+1","floor":18},{"not_picked":["Leap+1","Go for the Eyes"],"picked":"Self Repair+1","floor":19}],"player_experience":503400,"relics_obtained":[{"floor":7,"key":"Mummified Hand"},{"floor":9,"key":"The Courier"},{"floor":11,"key":"Toxic Egg 2"}],"event_choices":[{"damage_healed":0,"gold_gain":0,"player_choice":"Forge","damage_taken":0,"max_hp_gain":0,"max_hp_loss":0,"event_name":"Accursed Blacksmith","floor":3,"gold_loss":0,"cards_upgraded":["Zap"]},{"cards_removed":["Strike_B"],"damage_healed":0,"gold_gain":0,"player_choice":"Elegance","damage_taken":0,"max_hp_gain":0,"max_hp_loss":0,"event_name":"Back to Basics","floor":21,"gold_loss":0},{"damage_healed":0,"gold_gain":0,"player_choice":"2 cards matched","damage_taken":0,"max_hp_gain":0,"max_hp_loss":0,"event_name":"Match and Keep!","floor":22,"gold_loss":0,"cards_obtained":["Cold Snap","Machine Learning"]}],"is_beta":false,"boss_relics":[{"not_picked":["Orrery","Fusion Hammer"],"picked":"Philosopher\u0027s Stone"}],"items_purged_floors":[5],"is_endless":false,"potions_floor_spawned":[4,12,13,14],"killed_by":"Gremlin Leader","ascension_level":0}