{"gold_per_floor":[115,132,143,157,157,191,205,219,219,29,29,29,41,52,52,147,147,163,163,163,180,21,56,56,56,86,105,105,105],"floor_reached":29,"playtime":2337,"items_purged":["Strike_B"],"score":247,"play_id":"036f60d4-9563-4d91-b987-48470b47df93","local_time":"20190524204032","is_ascension_mode":false,"campfire_choices":[{"floor":11,"key":"RECALL"},{"floor":15,"key":"REST"},{"data":"Creative AI","floor":25,"key":"SMITH"},{"data":"Chill","floor":28,"key":"SMITH"}],"neow_cost":"NONE","seed_source_timestamp":265653426978184,"circlet_count":0,"master_deck":["Strike_B+1","Strike_B","Defend_B","Defend_B","Defend_B","Defend_B","Zap","Dualcast","Conserve Battery","Chaos","Gash","Redo","Beam Cell+1","Gash","Go for the Eyes","FTL","Coolheaded","Chill+1","Strike_G","Leap","Machine Learning","Electrodynamics","Leap","Ball Lightning+1","Enlightenment","Creative AI+1","Shame","Consume+1"],"relics":["Orrery","Whetstone","Matryoshka","Coffee Dripper","MutagenicStrength","Anchor","Mummified Hand","Tiny Chest"],"potions_floor_usage":[6,6,8,18,23],"damage_taken":[{"damage":2,"enemies":"Jaw Worm","floor":1,"turns":4},{"damage":0,"enemies":"2 Louse","floor":2,"turns":2},{"damage":0,"enemies":"Cultist","floor":3,"turns":3},{"damage":13,"enemies":"Exordium Thugs","floor":4,"turns":6},{"damage":9,"enemies":"Gremlin Nob","floor":6,"turns":5},{"damage":0,"enemies":"2 Fungi Beasts","floor":7,"turns":4},{"damage":16,"enemies":"Exordium Wildlife","floor":8,"turns":3},{"damage":9,"enemies":"3 Louse","floor":13,"turns":3},{"damage":0,"enemies":"2 Fungi Beasts","floor":14,"turns":4},{"damage":18,"enemies":"The Guardian","floor":16,"turns":12},{"damage":1,"enemies":"Chosen","floor":18,"turns":4},{"damage":0,"enemies":"Shell Parasite","floor":21,"turns":6},{"damage":54,"enemies":"Gremlin Leader","floor":23,"turns":7},{"damage":2,"enemies":"Snecko","floor":27,"turns":6},{"damage":4,"enemies":"Snake Plant","floor":29,"turns":4}],"seed_played":"1549225470395987587","potions_obtained":[{"floor":3,"key":"AttackPotion"},{"floor":4,"key":"PowerPotion"},{"floor":7,"key":"AttackPotion"},{"floor":14,"key":"PowerPotion"},{"floor":16,"key":"AttackPotion"}],"is_trial":false,"path_per_floor":["M","M","M","M","?","E","M","M","T","$","R","?","M","M","R","B",null,"M","?","?","M","$","E","?","R","T","M","R","M"],"character_chosen":"DEFECT","items_purchased":["Apotheosis","Enlightenment"],"campfire_rested":1,"item_purchase_floors":[10,22],"current_hp_per_floor":[73,73,73,60,53,44,44,28,28,28,28,28,19,19,41,23,75,74,60,60,60,60,6,6,6,6,4,4,0],"gold":105,"neow_bonus":"BOSS_RELIC","is_prod":false,"is_daily":false,"chose_seed":false,"campfire_upgraded":2,"win_rate":0,"timestamp":1558726832,"path_taken":["M","M","M","M","?","E","M","M","T","$","R","?","?","M","R","BOSS","M","?","?","M","?","E","?","R","T","M","R","M"],"build_version":"2019-01-23","purchased_purges":1,"victory":false,"max_hp_per_floor":[75,75,75,75,75,75,75,75,75,75,75,75,75,75,75,75,75,75,80,80,80,80,80,80,80,80,80,80,80],"card_choices":[{"not_picked":["Blizzard","Compile Driver"],"picked":"Conserve Battery","floor":0},{"not_picked":["Rebound","Sweeping Beam"],"picked":"Chaos","floor":0},{"not_picked":["Rip and Tear","Rebound"],"picked":"Gash","floor":0},{"not_picked":["Thunder Strike","Ball Lightning"],"picked":"Redo","floor":0},{"not_picked":["Auto Shields","Turbo"],"picked":"Beam Cell","floor":0},{"not_picked":["Rebound","Tempest","Beam Cell"],"picked":"SKIP","floor":1},{"not_picked":["Sweeping Beam","Hello World","Beam Cell"],"picked":"SKIP","floor":2},{"not_picked":["Rebound","Steam"],"picked":"Gash","floor":3},{"not_picked":["Loop","Rebound"],"picked":"Go for the Eyes","floor":4},{"not_picked":["Recycle","Stack"],"picked":"FTL","floor":6},{"not_picked":["Stack","Redo"],"picked":"Coolheaded","floor":7},{"not_picked":["Ball Lightning","Cold Snap"],"picked":"Chill","floor":8},{"not_picked":["Lockon","Rebound"],"picked":"Leap","floor":13},{"not_picked":["Conserve Battery","Steam"],"picked":"Machine Learning","floor":14},{"not_picked":["Creative AI","Meteor Strike"],"picked":"Electrodynamics","floor":16},{"not_picked":["Hologram+1","Sweeping Beam"],"picked":"Leap","floor":18},{"not_picked":["Barrage","Streamline"],"picked":"Ball Lightning+1","floor":21},{"not_picked":["Aggregate","Hologram"],"picked":"Creative AI","floor":23},{"not_picked":["Beam Cell","Leap"],"picked":"Consume+1","floor":27}],"player_experience":411065,"relics_obtained":[{"floor":6,"key":"Whetstone"},{"floor":9,"key":"Matryoshka"},{"floor":23,"key":"Anchor"},{"floor":26,"key":"Tiny Chest"}],"event_choices":[{"cards_removed":["Strike_B"],"damage_healed":0,"gold_gain":0,"player_choice":"Card Removal","damage_taken":7,"max_hp_gain":0,"max_hp_loss":0,"event_name":"Golden Wing","floor":5,"gold_loss":0},{"cards_removed":["Apotheosis"],"damage_healed":0,"gold_gain":0,"player_choice":"Took Card","damage_taken":0,"max_hp_gain":0,"max_hp_loss":0,"event_name":"NoteForYourself","floor":12,"gold_loss":0,"cards_obtained":["Strike_G"]},{"damage_healed":0,"gold_gain":0,"player_choice":"Shed Blood","damage_taken":19,"max_hp_gain":5,"max_hp_loss":0,"event_name":"Forgotten Altar","floor":19,"gold_loss":0},{"damage_healed":0,"gold_gain":0,"player_choice":"Inject Mutagens","damage_taken":0,"relics_obtained":["MutagenicStrength"],"max_hp_gain":0,"max_hp_loss":0,"event_name":"Drug Dealer","floor":20,"gold_loss":0},{"damage_healed":0,"gold_gain":0,"player_choice":"Stole Relic","damage_taken":0,"relics_obtained":["Mummified Hand"],"max_hp_gain":0,"max_hp_loss":0,"event_name":"Addict","floor":24,"gold_loss":0,"cards_obtained":["Shame"]}],"is_beta":false,"boss_relics":[{"not_picked":["Velvet Choker","Empty Cage"],"picked":"Coffee Dripper"}],"items_purged_floors":[22],"is_endless":false,"potions_floor_spawned":[3,4,7,14,16],"killed_by":"Snake Plant","ascension_level":0}