{"gold_per_floor":[118,118,118,132,144,177,177,177,204,237,237,247,247,322,322,426,426,446,98,114,43,54,81,81,97,97,97,97,0,0,0,0,0],"floor_reached":33,"playtime":2513,"items_purged":["Strike_B"],"score":321,"play_id":"fa223bfe-ea67-46e6-ba19-d3f3e90438f4","local_time":"20190528112530","is_ascension_mode":false,"campfire_choices":[{"data":"Consume","floor":7,"key":"SMITH"},{"floor":11,"key":"REST"},{"data":"Zap","floor":15,"key":"SMITH"},{"data":"Fission","floor":24,"key":"SMITH"},{"floor":27,"key":"RECALL"},{"data":"Fusion","floor":30,"key":"SMITH"},{"floor":32,"key":"REST"}],"neow_cost":"NONE","seed_source_timestamp":7178701665043,"circlet_count":0,"master_deck":["Strike_B","Strike_B","Strike_B","Defend_B+1","Defend_B","Defend_B","Defend_B","Zap+1","Dualcast+1","Consume+1","Storm","Compile Driver","Coolheaded","Doom and Gloom","Fission+1","Hologram","Capacitor","Fusion+1","Glacier","White Noise"],"relics":["Cracked Core","Oddly Smooth Stone","Happy Flower","Symbiotic Virus","Thread and Needle","War Paint","Letter Opener","Nuclear Battery","Strange Spoon","Smiling Mask","Bird Faced Urn"],"potions_floor_usage":[16,23,23,25],"damage_taken":[{"damage":0,"enemies":"2 Louse","floor":1,"turns":3},{"damage":5,"enemies":"Jaw Worm","floor":4,"turns":3},{"damage":0,"enemies":"Cultist","floor":5,"turns":3},{"damage":28,"enemies":"Gremlin Nob","floor":6,"turns":4},{"damage":8,"enemies":"Lagavulin","floor":10,"turns":6},{"damage":0,"enemies":"Large Slime","floor":12,"turns":4},{"damage":0,"enemies":"The Guardian","floor":16,"turns":10},{"damage":21,"enemies":"2 Thieves","floor":18,"turns":4},{"damage":0,"enemies":"3 Byrds","floor":20,"turns":4},{"damage":0,"enemies":"3 Cultists","floor":22,"turns":4},{"damage":17,"enemies":"Gremlin Leader","floor":23,"turns":5},{"damage":11,"enemies":"Centurion and Healer","floor":25,"turns":6},{"damage":55,"enemies":"Automaton","floor":33,"turns":16}],"seed_played":"-1581869234814647652","potions_obtained":[{"floor":1,"key":"LiquidBronze"},{"floor":12,"key":"EssenceOfSteel"},{"floor":18,"key":"Weak Potion"},{"floor":22,"key":"AttackPotion"},{"floor":23,"key":"Poison Potion"}],"is_trial":false,"path_per_floor":["M","?","?","M","M","E","R","?","T","E","R","M","?","?","R","B",null,"M","$","M","$","M","E","R","M","T","R","?","?","R","?","R","B"],"character_chosen":"DEFECT","items_purchased":["Capacitor","Strange Spoon","Fusion"],"campfire_rested":2,"item_purchase_floors":[19,19,21],"current_hp_per_floor":[75,75,75,70,70,42,42,30,30,22,44,44,49,38,38,38,80,59,59,59,59,59,42,42,31,31,31,31,31,31,16,41,0],"gold":0,"neow_bonus":"RANDOM_COMMON_RELIC","is_prod":false,"is_daily":false,"chose_seed":false,"campfire_upgraded":4,"win_rate":0,"timestamp":1559039130,"path_taken":["M","?","?","?","M","E","R","?","T","E","R","M","?","?","R","BOSS","M","$","M","$","M","E","R","M","T","R","?","?","R","?","R","BOSS"],"build_version":"2019-01-23","purchased_purges":1,"victory":false,"max_hp_per_floor":[75,75,75,75,75,75,75,75,75,75,75,75,80,80,80,80,80,80,80,80,80,80,80,80,80,80,80,80,80,80,85,85,85],"card_choices":[{"not_picked":["Streamline","Rip and Tear"],"picked":"Consume","floor":1},{"not_picked":["Heatsinks","Barrage"],"picked":"Storm","floor":4},{"not_picked":["Gash","Turbo","Go for the Eyes"],"picked":"SKIP","floor":5},{"not_picked":["Go for the Eyes","Lockon"],"picked":"Compile Driver","floor":6},{"not_picked":["Doom and Gloom","Tempest"],"picked":"Coolheaded","floor":10},{"not_picked":["Go for the Eyes","Ball Lightning"],"picked":"Doom and Gloom","floor":12},{"not_picked":["Biased Cognition","Machine Learning"],"picked":"Fission","floor":16},{"not_picked":["Compile Driver","Ball Lightning+1"],"picked":"Hologram","floor":18},{"not_picked":["Consume","Barrage","Skim"],"picked":"SKIP","floor":20},{"not_picked":["Steam+1","Leap","Sweeping Beam"],"picked":"SKIP","floor":22},{"not_picked":["Machine Learning","Tempest+1"],"picked":"Glacier","floor":23},{"not_picked":["Melter+1","Steam Power","Turbo"],"picked":"SKIP","floor":25}],"player_experience":497619,"relics_obtained":[{"floor":6,"key":"Symbiotic Virus"},{"floor":9,"key":"War Paint"},{"floor":10,"key":"Letter Opener"},{"floor":23,"key":"Smiling Mask"},{"floor":26,"key":"Bird Faced Urn"}],"event_choices":[{"damage_healed":0,"gold_gain":0,"player_choice":"Ignored","damage_taken":0,"max_hp_gain":0,"max_hp_loss":0,"event_name":"Liars Game","floor":2,"gold_loss":0},{"damage_healed":0,"gold_gain":0,"player_choice":"Gave Potion","damage_taken":0,"relics_obtained":["Happy Flower"],"max_hp_gain":0,"max_hp_loss":0,"event_name":"WeMeetAgain","floor":3,"gold_loss":0},{"damage_healed":0,"gold_gain":0,"player_choice":"Success","damage_taken":12,"relics_obtained":["Thread and Needle"],"max_hp_gain":0,"max_hp_loss":0,"event_name":"Scrap Ooze","floor":8,"gold_loss":0},{"damage_healed":0,"gold_gain":0,"player_choice":"Donut","damage_taken":0,"max_hp_gain":5,"max_hp_loss":0,"event_name":"Big Fish","floor":13,"gold_loss":0},{"damage_healed":0,"gold_gain":75,"player_choice":"Gather Gold","damage_taken":11,"max_hp_gain":0,"max_hp_loss":0,"event_name":"World of Goop","floor":14,"gold_loss":0},{"damage_healed":0,"gold_gain":0,"player_choice":"Read","damage_taken":0,"max_hp_gain":0,"max_hp_loss":0,"event_name":"The Library","floor":28,"gold_loss":0,"cards_obtained":["White Noise"]},{"damage_healed":0,"gold_gain":0,"player_choice":"Paid Fearfully","damage_taken":0,"max_hp_gain":0,"max_hp_loss":0,"event_name":"Masked Bandits","floor":29,"gold_loss":97},{"damage_healed":0,"gold_gain":0,"player_choice":"Shed Blood","damage_taken":20,"max_hp_gain":5,"max_hp_loss":0,"event_name":"Forgotten Altar","floor":31,"gold_loss":0}],"is_beta":false,"boss_relics":[{"not_picked":["Ectoplasm","Velvet Choker"],"picked":"Nuclear Battery"}],"items_purged_floors":[19],"is_endless":false,"potions_floor_spawned":[1,12,18,22,23],"killed_by":"Automaton","ascension_level":0}