{"gold_per_floor":[113,213,12,27,41,74,88,88,137,150,23,33,14,14,14,14],"floor_reached":16,"playtime":1221,"items_purged":["Strike_B","Strike_B"],"score":104,"play_id":"f2720107-6b9b-4d96-98bf-74efbb168602","local_time":"20190519101921","is_ascension_mode":false,"campfire_choices":[{"data":"Fusion","floor":8,"key":"SMITH"},{"floor":15,"key":"REST"}],"neow_cost":"NONE","seed_source_timestamp":73661734273,"circlet_count":0,"master_deck":["Strike_B","Strike_B","Defend_B","Defend_B","Defend_B","Defend_B","Zap","Dualcast","Fusion+1","Redo","Coolheaded"],"relics":["Busted Crown","Kunai","SsserpentHead"],"potions_floor_usage":[6,6,10,12,16],"damage_taken":[{"damage":0,"enemies":"Small Slimes","floor":1,"turns":2},{"damage":0,"enemies":"Cultist","floor":4,"turns":4},{"damage":0,"enemies":"2 Louse","floor":5,"turns":2},{"damage":34,"enemies":"3 Sentries","floor":6,"turns":13},{"damage":16,"enemies":"Lots of Slimes","floor":7,"turns":6},{"damage":0,"enemies":"2 Fungi Beasts","floor":10,"turns":3},{"damage":5,"enemies":"Exordium Wildlife","floor":12,"turns":6},{"damage":18,"enemies":"Exordium Thugs","floor":13,"turns":6},{"damage":24,"enemies":"The Guardian","floor":16,"turns":6}],"seed_played":"-761444864085490911","potions_obtained":[{"floor":5,"key":"Block Potion"},{"floor":6,"key":"SpeedPotion"},{"floor":7,"key":"Explosive Potion"},{"floor":13,"key":"Explosive Potion"}],"is_trial":false,"path_per_floor":["M","?","$","M","M","E","M","R","T","M","$","M","M","?","R","B"],"character_chosen":"DEFECT","items_purchased":["Fusion","Fire Potion","Redo"],"campfire_rested":1,"item_purchase_floors":[3,3,11],"current_hp_per_floor":[75,75,75,75,75,41,25,25,25,25,25,20,2,2,24,0],"gold":14,"neow_bonus":"BOSS_RELIC","is_prod":false,"is_daily":false,"chose_seed":false,"campfire_upgraded":1,"win_rate":0,"timestamp":1558257561,"path_taken":["M","?","$","M","M","E","?","R","T","M","?","M","M","?","R","BOSS"],"build_version":"2019-01-23","purchased_purges":2,"victory":false,"max_hp_per_floor":[75,75,75,75,75,75,75,75,75,75,75,75,75,75,75,75],"card_choices":[{"not_picked":["Barrage"],"picked":"SKIP","floor":1},{"not_picked":["Aggregate"],"picked":"SKIP","floor":4},{"not_picked":["Stack"],"picked":"SKIP","floor":5},{"not_picked":["Steam"],"picked":"SKIP","floor":6},{"not_picked":["Steam"],"picked":"SKIP","floor":7},{"not_picked":["Hologram"],"picked":"SKIP","floor":10},{"not_picked":["Static Discharge"],"picked":"SKIP","floor":12},{"not_picked":[],"picked":"Coolheaded","floor":13}],"player_experience":321021,"relics_obtained":[{"floor":6,"key":"Kunai"}],"event_choices":[{"damage_healed":0,"gold_gain":100,"player_choice":"Pray","damage_taken":0,"max_hp_gain":0,"max_hp_loss":0,"event_name":"Golden Shrine","floor":2,"gold_loss":0},{"damage_healed":0,"gold_gain":0,"player_choice":"Trade","damage_taken":0,"relics_obtained":["SsserpentHead"],"max_hp_gain":0,"max_hp_loss":0,"event_name":"FaceTrader","floor":14,"gold_loss":0}],"is_beta":false,"boss_relics":[],"items_purged_floors":[3,11],"is_endless":false,"potions_floor_spawned":[5,6,7,13],"killed_by":"The Guardian","ascension_level":0}