{"gold_per_floor":[109,127,93,103,115,115,149,149,149,149,184,184,199,199,199,273,273,293,306,207,223,322,322,350,369,369,369],"floor_reached":27,"playtime":1306,"items_purged":["Strike_B"],"score":401,"play_id":"59d113c2-806f-4c51-94e1-799a29d994f6","local_time":"20190628224408","is_ascension_mode":true,"campfire_choices":[{"data":"Capacitor","floor":6,"key":"SMITH"},{"floor":8,"key":"REST"},{"data":"Zap","floor":10,"key":"SMITH"},{"data":"Static Discharge","floor":15,"key":"SMITH"},{"floor":23,"key":"REST"}],"neow_cost":"NONE","seed_source_timestamp":1156025193101579,"circlet_count":0,"master_deck":["AscendersBane","Strike_B","Strike_B","Strike_B","Defend_B","Defend_B","Defend_B","Defend_B","Zap+1","Dualcast","Ball Lightning","Steam","Conserve Battery","Capacitor+1","Capacitor","Coolheaded","Static Discharge+1","Seek","Leap","Barrage","Redo","Conserve Battery+1"],"relics":["Cracked Core","PreservedInsect","Singing Bowl","Symbiotic Virus","White Beast Statue","Mercury Hourglass","Regal Pillow"],"potions_floor_usage":[7,21,24],"damage_taken":[{"damage":0,"enemies":"2 Louse","floor":1,"turns":2},{"damage":2,"enemies":"Jaw Worm","floor":2,"turns":3},{"damage":0,"enemies":"Cultist","floor":4,"turns":3},{"damage":5,"enemies":"2 Fungi Beasts","floor":5,"turns":3},{"damage":20,"enemies":"Lagavulin","floor":7,"turns":8},{"damage":37,"enemies":"3 Sentries","floor":11,"turns":7},{"damage":4,"enemies":"Large Slime","floor":13,"turns":4},{"damage":28,"enemies":"Slime Boss","floor":16,"turns":8},{"damage":12,"enemies":"Shell Parasite","floor":18,"turns":6},{"damage":14,"enemies":"Spheric Guardian","floor":19,"turns":4},{"damage":20,"enemies":"3 Cultists","floor":21,"turns":6},{"damage":23,"enemies":"Book of Stabbing","floor":24,"turns":5},{"damage":13,"enemies":"Centurion and Healer","floor":25,"turns":6},{"damage":23,"enemies":"Chosen and Byrds","floor":27,"turns":4}],"seed_played":"-6179193181099143972","potions_obtained":[{"floor":1,"key":"Block Potion"},{"floor":2,"key":"Dexterity Potion"},{"floor":13,"key":"Fire Potion"},{"floor":18,"key":"Explosive Potion"},{"floor":21,"key":"Block Potion"},{"floor":24,"key":"FocusPotion"}],"is_trial":false,"path_per_floor":["M","M","$","M","M","R","E","R","T","R","E","?","M","?","R","B",null,"M","M","$","M","?","R","E","M","T","M"],"character_chosen":"DEFECT","items_purchased":["Capacitor","Redo"],"campfire_rested":2,"item_purchase_floors":[3,20],"current_hp_per_floor":[68,66,66,66,61,61,41,63,63,63,26,51,47,47,47,19,61,49,35,35,15,15,37,16,5,5,0],"gold":369,"neow_bonus":"THREE_CARDS","is_prod":false,"is_daily":false,"chose_seed":false,"campfire_upgraded":3,"win_rate":0,"timestamp":1561733048,"path_taken":["M","M","$","M","M","R","E","R","T","R","E","?","M","?","R","BOSS","M","M","$","M","?","R","E","M","T","M"],"build_version":"2019-01-23","purchased_purges":1,"victory":false,"max_hp_per_floor":[75,75,75,75,75,75,75,75,75,75,75,75,75,75,75,75,75,75,75,75,75,75,75,77,79,79,79],"card_choices":[{"not_picked":["White Noise","Reprogram"],"picked":"Ball Lightning","floor":0},{"not_picked":["Beam Cell","Darkness"],"picked":"Steam","floor":1},{"not_picked":["Reprogram","Tempest"],"picked":"Conserve Battery","floor":2},{"not_picked":["Chill","Beam Cell"],"picked":"Capacitor","floor":4},{"not_picked":["Redo","Cold Snap","Loop"],"picked":"SKIP","floor":5},{"not_picked":["Chaos","Rainbow","Hologram"],"picked":"SKIP","floor":7},{"not_picked":["Compile Driver","Beam Cell"],"picked":"Coolheaded","floor":11},{"not_picked":["Heatsinks","FTL"],"picked":"Static Discharge","floor":13},{"not_picked":["Multi-Cast","All For One"],"picked":"Seek","floor":16},{"not_picked":["Cold Snap","Sweeping Beam"],"picked":"Leap","floor":18},{"not_picked":["Compile Driver","Auto Shields"],"picked":"Barrage","floor":19},{"not_picked":["Seek","Ball Lightning"],"picked":"Conserve Battery+1","floor":21},{"not_picked":["Heatsinks","Hologram","Compile Driver"],"picked":"Singing Bowl","floor":24},{"not_picked":["Heatsinks","Force Field","Aggregate"],"picked":"Singing Bowl","floor":25}],"player_experience":806950,"relics_obtained":[{"floor":7,"key":"PreservedInsect"},{"floor":9,"key":"Singing Bowl"},{"floor":11,"key":"Symbiotic Virus"},{"floor":24,"key":"Mercury Hourglass"},{"floor":26,"key":"Regal Pillow"}],"event_choices":[{"damage_healed":25,"gold_gain":0,"player_choice":"Banana","damage_taken":0,"max_hp_gain":0,"max_hp_loss":0,"event_name":"Big Fish","floor":12,"gold_loss":0},{"damage_healed":0,"gold_gain":0,"player_choice":"Ignored","damage_taken":0,"max_hp_gain":0,"max_hp_loss":0,"event_name":"Liars Game","floor":14,"gold_loss":0},{"damage_healed":0,"gold_gain":99,"player_choice":"Stole From Cult","damage_taken":0,"max_hp_gain":0,"max_hp_loss":0,"event_name":"Nest","floor":22,"gold_loss":0}],"is_beta":false,"boss_relics":[{"not_picked":["Philosopher\u0027s Stone","Busted Crown"],"picked":"White Beast Statue"}],"items_purged_floors":[20],"is_endless":false,"potions_floor_spawned":[1,2,13,18,19,21,24,25],"killed_by":"Chosen and Byrds","ascension_level":13}