{"gold_per_floor":[112,112,6,81,100,126,126,161,161,178,178,178,178,31,31,136,136,147,160,11,11,29,29,61,61,116,131,56,155,155,155,155,260,260,273,5,16,33,33,65,65,82,82,82,112,132,132,144,144,144,144,144,74,106,106],"floor_reached":56,"playtime":5872,"items_purged":["Shame","Strike_B","Defend_B"],"score":1256,"play_id":"34e55baf-2d38-472b-b925-a175e3f75232","local_time":"20190604200717","is_ascension_mode":false,"campfire_choices":[{"floor":7.0,"key":"REST"},{"data":"Dualcast","floor":11.0,"key":"SMITH"},{"data":"Rainbow","floor":15.0,"key":"SMITH"},{"data":"Chaos","floor":23,"key":"SMITH"},{"data":"Defragment","floor":25,"key":"SMITH"},{"data":"Echo Form","floor":30,"key":"SMITH"},{"data":"Zap","floor":32,"key":"SMITH"},{"data":"Fission","floor":41,"key":"SMITH"},{"data":"Defragment","floor":44,"key":"SMITH"},{"floor":47,"key":"RECALL"},{"floor":49,"key":"REST"},{"data":"Coolheaded","floor":52,"key":"SMITH"}],"neow_cost":"CURSE","seed_source_timestamp":0,"circlet_count":0,"master_deck":["Defend_B+1","Defend_B+1","Defend_B","Zap+1","Dualcast+1","Compile Driver","Coolheaded","Gash","Defragment+1","Genetic Algorithm","Defragment+1","Leap","Rainbow+1","Echo Form+1","Leap+1","Coolheaded","Cold Snap","Chaos+1","Reboot","Coolheaded+1","Fission+1","Sunder+1","Gash+1","Loop+1","Static Discharge","BootSequence+1"],"special_seed":0,"relics":["FrozenCore","Gambling Chip","Calipers","Centennial Puzzle","Lantern","Sozu","Art of War","Strawberry","Oddly Smooth Stone","Question Card","Singing Bowl","Blue Candle","Blood Vial","Bronze Scales"],"potions_floor_usage":[],"damage_taken":[{"damage":3.0,"enemies":"Small Slimes","floor":1.0,"turns":4.0},{"damage":0.0,"enemies":"Jaw Worm","floor":5.0,"turns":3.0},{"damage":9.0,"enemies":"Lagavulin","floor":6.0,"turns":9.0},{"damage":24.0,"enemies":"3 Sentries","floor":8.0,"turns":7.0},{"damage":0.0,"enemies":"Cultist","floor":10.0,"turns":4.0},{"damage":29.0,"enemies":"Slime Boss","floor":16.0,"turns":9.0},{"damage":1,"enemies":"Chosen","floor":18,"turns":3},{"damage":11,"enemies":"Spheric Guardian","floor":19,"turns":4},{"damage":6,"enemies":"Shelled Parasite and Fungi","floor":22,"turns":7},{"damage":15,"enemies":"Gremlin Leader","floor":24,"turns":8},{"damage":1,"enemies":"Snake Plant","floor":27,"turns":4},{"damage":8,"enemies":"Collector","floor":33,"turns":15},{"damage":10,"enemies":"3 Shapes","floor":35,"turns":6},{"damage":0,"enemies":"Orb Walker","floor":37,"turns":5},{"damage":0,"enemies":"Sphere and 2 Shapes","floor":38,"turns":5},{"damage":34,"enemies":"Reptomancer","floor":40,"turns":8},{"damage":0,"enemies":"Writhing Mass","floor":42,"turns":6},{"damage":0,"enemies":"Giant Head","floor":45,"turns":11},{"damage":0,"enemies":"Spire Growth","floor":46,"turns":5},{"damage":1,"enemies":"4 Shapes","floor":48,"turns":5},{"damage":0,"enemies":"Donu and Deca","floor":50,"turns":13},{"damage":9,"enemies":"Shield and Spear","floor":54,"turns":8},{"damage":36,"enemies":"The Heart","floor":55,"turns":11}],"seed_played":"-6276936622020617075","potions_obtained":[{"floor":1.0,"key":"AttackPotion"},{"floor":5.0,"key":"Regen Potion"},{"floor":8.0,"key":"LiquidBronze"}],"is_trial":false,"path_per_floor":["M","?","$","?","M","E","R","E","T","M","R","?","T","$","R","B",null,"M","M","$","$","M","R","E","R","T","M","?","?","R","?","R","B",null,"M","$","M","M","T","E","R","M","T","R","E","M","R","M","R","B",null,"R","$","E","B",null],"character_chosen":"DEFECT","items_purchased":["Coolheaded","Gash","Rainbow","Cold Snap","Oddly Smooth Stone","Static Discharge"],"campfire_rested":2,"item_purchase_floors":[3,3,14,20,36,53],"current_hp_per_floor":[72,57,57,46,46,52,74,50,50,50,50,43,43,43,43,14,75,74,63,63,63,57,57,42,42,49,48,48,48,48,48,48,40,82,72,72,72,72,72,40,40,42,42,42,44,48,48,51,78,80,92,92,92,83,49],"gold":106,"neow_bonus":"ONE_RARE_RELIC","is_prod":false,"is_daily":false,"chose_seed":false,"campfire_upgraded":9,"win_rate":0,"timestamp":1559675237,"path_taken":["M","?","$","?","?","E","R","E","T","M","R","?","?","$","R","BOSS","M","?","?","$","M","R","E","R","T","M","?","?","R","?","R","BOSS","M","$","M","M","?","E","R","M","T","R","E","?","R","M","R","BOSS","R","$","E","BOSS"],"build_version":"2019-01-23","purchased_purges":3,"victory":true,"max_hp_per_floor":[75,75,75,75,75,75,75,75,75,75,75,75,75,75,75,75,75,75,75,75,75,75,75,75,75,82,82,82,82,82,82,82,82,82,82,82,82,82,82,84,84,86,86,86,88,90,90,92,92,92,92,92,92,92,92],"card_choices":[{"not_picked":["Auto Shields","Leap"],"picked":"Compile Driver","floor":1.0},{"not_picked":["Go for the Eyes","Redo"],"picked":"Defragment","floor":5.0},{"not_picked":["Core Surge","Streamline"],"picked":"Genetic Algorithm","floor":6.0},{"not_picked":["Rip and Tear","Recycle"],"picked":"Defragment","floor":8.0},{"not_picked":["Turbo","Beam Cell"],"picked":"Leap","floor":10.0},{"not_picked":["Core Surge","Machine Learning"],"picked":"Echo Form","floor":16.0},{"not_picked":["Steam","Barrage+1"],"picked":"Leap+1","floor":18},{"not_picked":["Gash","Redo"],"picked":"Coolheaded","floor":19},{"not_picked":["Undo","Stack+1"],"picked":"Chaos","floor":22},{"not_picked":["Steam Power+1","Beam Cell"],"picked":"Reboot","floor":24},{"not_picked":["Chill","Auto Shields+1"],"picked":"Coolheaded","floor":27},{"not_picked":["Meteor Strike","Echo Form"],"picked":"Fission","floor":33},{"not_picked":["Steam+1","Beam Cell"],"picked":"Sunder+1","floor":35},{"not_picked":["Heatsinks+1","Steam+1"],"picked":"Gash+1","floor":37},{"not_picked":["Conserve Battery+1","Self Repair+1"],"picked":"Loop+1","floor":38},{"not_picked":["Rainbow","Scrape","Conserve Battery","Leap+1"],"picked":"Singing Bowl","floor":40},{"not_picked":["Streamline","Melter+1","Ball Lightning","Skim+1"],"picked":"Singing Bowl","floor":42},{"not_picked":["Auto Shields","Stack+1","Tempest+1","Barrage"],"picked":"Singing Bowl","floor":45},{"not_picked":["Gash","Sweeping Beam+1","Leap+1","Conserve Battery+1"],"picked":"Singing Bowl","floor":46},{"not_picked":["Self Repair","Leap","Darkness","Conserve Battery"],"picked":"Singing Bowl","floor":48},{"not_picked":["Genetic Algorithm+1","Barrage+1","Gash"],"picked":"BootSequence+1","floor":54}],"player_experience":614664,"relics_obtained":[{"floor":6.0,"key":"Calipers"},{"floor":8.0,"key":"Centennial Puzzle"},{"floor":13.0,"key":"Lantern"},{"floor":24,"key":"Art of War"},{"floor":26,"key":"Strawberry"},{"floor":39,"key":"Question Card"},{"floor":40,"key":"Singing Bowl"},{"floor":43,"key":"Blue Candle"},{"floor":45,"key":"Blood Vial"},{"floor":54,"key":"Bronze Scales"}],"event_choices":[{"damage_healed":0.0,"max_hp_gain":0.0,"max_hp_loss":0.0,"gold_gain":0.0,"event_name":"Shining Light","player_choice":"Entered Light","floor":2.0,"gold_loss":0.0,"damage_taken":15.0,"cards_upgraded":["Defend_B","Defend_B"]},{"damage_healed":0.0,"max_hp_gain":0.0,"max_hp_loss":0.0,"gold_gain":75.0,"event_name":"World of Goop","player_choice":"Gather Gold","floor":4.0,"gold_loss":0.0,"damage_taken":11.0},{"cards_removed":["Strike_B"],"damage_healed":0.0,"max_hp_gain":0.0,"max_hp_loss":0.0,"gold_gain":0.0,"event_name":"Golden Wing","player_choice":"Card Removal","floor":12.0,"gold_loss":0.0,"damage_taken":7.0},{"cards_removed":["Strike_B"],"damage_healed":0,"gold_gain":0,"player_choice":"Gave Gold","damage_taken":0,"max_hp_gain":0,"max_hp_loss":0,"event_name":"Beggar","floor":28,"gold_loss":75},{"damage_healed":0,"gold_gain":99,"player_choice":"Stole From Cult","damage_taken":0,"max_hp_gain":0,"max_hp_loss":0,"event_name":"Nest","floor":29,"gold_loss":0},{"cards_removed":["Strike_B"],"damage_healed":0,"gold_gain":0,"player_choice":"Purged","damage_taken":0,"max_hp_gain":0,"max_hp_loss":0,"event_name":"Purifier","floor":31,"gold_loss":0}],"is_beta":false,"boss_relics":[{"not_picked":["Philosopher\u0027s Stone","Runic Pyramid"],"picked":"Sozu"},{"not_picked":["Eternal Feather","Fusion Hammer"],"picked":"FrozenCore"}],"items_purged_floors":[14,20,36],"is_endless":false,"potions_floor_spawned":[1,5,8,19,22,24,35,38,45,48,54],"ascension_level":0}