{"gold_per_floor":[210,210,38,51,226,258,271,288,338,338,348,373,401,423,435,548,560,583,611,823,390,390,423,423,440,440,469,486,502,515,535,535,639,639,659,659,672,5,5,18,18,52,52,52,103,122,140,158,158,158,158,158,2,32,32],"floor_reached":55,"playtime":7114,"items_purged":["Strike_B","Strike_B","Strike_B"],"score":855,"play_id":"861d5866-7b69-4262-b268-5b7cf72efde5","local_time":"20190522234505","is_ascension_mode":false,"campfire_choices":[{"floor":10,"key":"REST"},{"data":"Dualcast","floor":15,"key":"SMITH"},{"data":"Echo Form","floor":24,"key":"SMITH"},{"floor":32,"key":"REST"},{"floor":44,"key":"REST"},{"floor":49,"key":"RECALL"},{"data":"Chaos","floor":52,"key":"SMITH"}],"neow_cost":"NONE","seed_source_timestamp":99146965321835,"circlet_count":0,"master_deck":["Strike_B","Defend_B+1","Defend_B+1","Defend_B","Defend_B","Zap","Dualcast+1","Hologram","Coolheaded","Ball Lightning","Chaos+1","Doubt","Ball Lightning","Coolheaded+1","Chill+1","Redo+1","Chaos+1","Rebound","Leap+1","Rainbow+1","Compile Driver","Skim+1","Darkness+1","Barrage","Buffer","Echo Form+1","BootSequence+1","Hologram+1","Chill+1","Creative AI","Coolheaded+1","Double Energy+1","Conserve Battery+1","Rebound+1","Force Field+1","Go for the Eyes+1","Electrodynamics","Self Repair","Redo+1","Glacier+1","Madness+1","Madness+1","Barrage+1","Consume+1","Storm+1","Capacitor","Storm+1","Coolheaded+1","Chaos+1","Cold Snap","Loop","Darkness+1"],"relics":["Cracked Core","Toxic Egg 2","DataDisk","MawBank","Snecko Eye","Anchor","Ancient Tea Set","The Courier","Prayer Wheel","Nuclear Battery","Lantern","Symbiotic Virus","Singing Bowl","Regal Pillow","Dodecahedron","Mango","Sundial"],"potions_floor_usage":[12,16,16,18,23,31,33,37,48,54],"damage_taken":[{"damage":0,"enemies":"Small Slimes","floor":1,"turns":3},{"damage":11,"enemies":"Jaw Worm","floor":4,"turns":3},{"damage":18,"enemies":"3 Sentries","floor":6,"turns":7},{"damage":0,"enemies":"Cultist","floor":7,"turns":3},{"damage":0,"enemies":"Red Slaver","floor":8,"turns":5},{"damage":0,"enemies":"Looter","floor":11,"turns":3},{"damage":14,"enemies":"Gremlin Nob","floor":12,"turns":4},{"damage":0,"enemies":"Large Slime","floor":13,"turns":4},{"damage":0,"enemies":"3 Louse","floor":14,"turns":2},{"damage":2,"enemies":"Slime Boss","floor":16,"turns":10},{"damage":0,"enemies":"Chosen","floor":18,"turns":6},{"damage":0,"enemies":"Spheric Guardian","floor":19,"turns":4},{"damage":0,"enemies":"Book of Stabbing","floor":23,"turns":5},{"damage":11,"enemies":"Centurion and Healer","floor":25,"turns":4},{"damage":25,"enemies":"Slavers","floor":27,"turns":9},{"damage":9,"enemies":"Shelled Parasite and Fungi","floor":28,"turns":4},{"damage":0,"enemies":"Snecko","floor":29,"turns":4},{"damage":0,"enemies":"Centurion and Healer","floor":30,"turns":5},{"damage":0,"enemies":"Cultist and Chosen","floor":31,"turns":6},{"damage":7,"enemies":"Automaton","floor":33,"turns":9},{"damage":4,"enemies":"3 Darklings","floor":35,"turns":4},{"damage":2,"enemies":"3 Shapes","floor":37,"turns":5},{"damage":0,"enemies":"Maw","floor":40,"turns":9},{"damage":58,"enemies":"Reptomancer","floor":42,"turns":9},{"damage":34,"enemies":"2 Orb Walkers","floor":45,"turns":5},{"damage":0,"enemies":"Jaw Worm Horde","floor":46,"turns":5},{"damage":14,"enemies":"Sphere and 2 Shapes","floor":47,"turns":4},{"damage":0,"enemies":"3 Darklings","floor":48,"turns":5},{"damage":11,"enemies":"Donu and Deca","floor":50,"turns":6},{"damage":82,"enemies":"Shield and Spear","floor":54,"turns":8},{"damage":46,"enemies":"The Heart","floor":55,"turns":6}],"seed_played":"3734640701513598494","potions_obtained":[{"floor":6,"key":"Block Potion"},{"floor":8,"key":"SkillPotion"},{"floor":11,"key":"Dexterity Potion"},{"floor":13,"key":"Block Potion"},{"floor":18,"key":"PowerPotion"},{"floor":28,"key":"Fire Potion"},{"floor":30,"key":"Block Potion"},{"floor":31,"key":"AttackPotion"},{"floor":45,"key":"FairyPotion"},{"floor":46,"key":"Regen Potion"},{"floor":47,"key":"Dexterity Potion"}],"is_trial":false,"path_per_floor":["M","?","$","M","?","E","M","M","T","R","M","E","M","M","R","B",null,"M","M","?","$","T","E","R","M","T","E","M","M","M","M","R","B",null,"M","?","M","$","?","M","?","E","T","R","?","M","M","M","R","B",null,"R","$","E","B"],"character_chosen":"DEFECT","items_purchased":["Coolheaded","Ball Lightning","Anchor","Darkness+1","Barrage","Buffer","Lantern","Symbiotic Virus","Glacier+1","Singing Bowl","Chaos+1","Cold Snap","Loop"],"campfire_rested":3,"item_purchase_floors":[3,3,21,21,21,21,38,38,38,38,53,53,53],"current_hp_per_floor":[75,60,60,49,49,31,31,31,31,53,53,39,39,39,39,37,75,75,75,75,75,75,75,75,64,64,39,30,30,30,30,52,45,75,71,71,75,75,66,75,74,23,23,62,51,67,62,83,83,79,101,101,101,33,0],"gold":32,"neow_bonus":"HUNDRED_GOLD","is_prod":false,"is_daily":false,"chose_seed":false,"campfire_upgraded":3,"win_rate":0,"timestamp":1558565105,"path_taken":["M","?","$","M","?","E","M","M","T","R","M","E","?","M","R","BOSS","M","M","?","$","?","E","R","?","T","E","M","M","M","M","R","BOSS","M","?","M","$","?","M","?","E","T","R","?","M","M","M","R","BOSS","R","$","E","BOSS"],"build_version":"2019-01-23","purchased_purges":3,"victory":false,"max_hp_per_floor":[75,75,75,75,75,75,75,75,75,75,75,75,75,75,75,75,75,75,75,75,75,75,75,75,75,75,75,75,75,75,75,75,75,75,75,75,75,75,75,77,81,81,81,81,97,99,101,101,101,101,101,101,101,101,101],"card_choices":[{"not_picked":["Steam","Streamline"],"picked":"Hologram","floor":1},{"not_picked":["Compile Driver","Sweeping Beam"],"picked":"Chaos","floor":4},{"not_picked":["Leap","Aggregate"],"picked":"Ball Lightning","floor":6},{"not_picked":["Chaos+1","Cold Snap"],"picked":"Coolheaded+1","floor":7},{"not_picked":["Ball Lightning","Cold Snap"],"picked":"Chill+1","floor":8},{"not_picked":["Aggregate+1","Go for the Eyes"],"picked":"Redo+1","floor":11},{"not_picked":["Hologram+1","Blizzard"],"picked":"Chaos+1","floor":12},{"not_picked":["Cold Snap","Hello World"],"picked":"Rebound","floor":13},{"not_picked":["Hello World","Chill+1"],"picked":"Leap+1","floor":14},{"not_picked":["Meteor Strike","Biased Cognition"],"picked":"Rainbow+1","floor":16},{"not_picked":["Ball Lightning","Recycle+1"],"picked":"Compile Driver","floor":18},{"not_picked":["Turbo+1","Sweeping Beam"],"picked":"Skim+1","floor":19},{"not_picked":["Hologram+1","Steam+1"],"picked":"Echo Form","floor":23},{"not_picked":["Conserve Battery+1","Static Discharge"],"picked":"BootSequence+1","floor":25},{"not_picked":["Ball Lightning","Lockon"],"picked":"Hologram+1","floor":27},{"not_picked":["Turbo+1","Gash"],"picked":"Chill+1","floor":28},{"not_picked":["Chill+1","Steam Power+1"],"picked":"Creative AI","floor":28},{"not_picked":["Streamline","Doom and Gloom+1"],"picked":"Coolheaded+1","floor":29},{"not_picked":["Cold Snap","Gash"],"picked":"Double Energy+1","floor":29},{"not_picked":["Hologram+1","Redo+1"],"picked":"Conserve Battery+1","floor":30},{"not_picked":["Streamline","Undo+1"],"picked":"Rebound+1","floor":30},{"not_picked":["Stack+1","Doom and Gloom"],"picked":"Force Field+1","floor":31},{"not_picked":["Leap+1","Hologram+1"],"picked":"Go for the Eyes+1","floor":31},{"not_picked":["Reboot+1","Creative AI"],"picked":"Electrodynamics","floor":33},{"not_picked":["Go for the Eyes+1","Lockon+1"],"picked":"Self Repair","floor":35},{"not_picked":["Conserve Battery+1","BootSequence+1","Rebound+1"],"picked":"SKIP","floor":35},{"not_picked":["Turbo+1","Ball Lightning+1"],"picked":"Redo+1","floor":37},{"not_picked":["Rip and Tear+1","Auto Shields+1","Rebound"],"picked":"SKIP","floor":37},{"not_picked":["Stack+1","Seek+1"],"picked":"Barrage+1","floor":40},{"not_picked":["Conserve Battery+1","Hologram+1","Lockon+1"],"picked":"Singing Bowl","floor":40},{"not_picked":["Secret Technique+1","Impatience+1","Thinking Ahead+1"],"picked":"Singing Bowl","floor":41},{"not_picked":["Dramatic Entrance","Madness+1","Good Instincts+1"],"picked":"Singing Bowl","floor":41},{"not_picked":["Undo+1","BootSequence+1"],"picked":"Consume+1","floor":42},{"not_picked":["Hologram+1","Steam+1","Rebound"],"picked":"Singing Bowl","floor":45},{"not_picked":["Sweeping Beam+1","Doom and Gloom+1"],"picked":"Storm+1","floor":46},{"not_picked":["Conserve Battery+1","Consume+1","Ball Lightning+1"],"picked":"Singing Bowl","floor":46},{"not_picked":["Reinforced Body+1","Hologram+1","Stack+1"],"picked":"Singing Bowl","floor":47},{"not_picked":["Hologram+1","Steam+1"],"picked":"Capacitor","floor":47},{"not_picked":["Self Repair+1","Reprogram+1"],"picked":"Storm+1","floor":48},{"not_picked":["Gash","Hologram+1"],"picked":"Coolheaded+1","floor":48},{"not_picked":["Loop","Lockon"],"picked":"Darkness+1","floor":54}],"player_experience":386564,"relics_obtained":[{"floor":6,"key":"Toxic Egg 2"},{"floor":9,"key":"DataDisk"},{"floor":12,"key":"MawBank"},{"floor":23,"key":"Ancient Tea Set"},{"floor":26,"key":"The Courier"},{"floor":27,"key":"Prayer Wheel"},{"floor":42,"key":"Regal Pillow"},{"floor":43,"key":"Dodecahedron"},{"floor":45,"key":"Mango"},{"floor":54,"key":"Sundial"}],"event_choices":[{"damage_healed":0,"gold_gain":0,"player_choice":"Entered Light","damage_taken":15,"max_hp_gain":0,"max_hp_loss":0,"event_name":"Shining Light","floor":2,"gold_loss":0,"cards_upgraded":["Defend_B","Defend_B"]},{"damage_healed":0,"gold_gain":175,"player_choice":"AGREE","damage_taken":0,"max_hp_gain":0,"max_hp_loss":0,"event_name":"Liars Game","floor":5,"gold_loss":0,"cards_obtained":["Doubt"]},{"damage_healed":0,"gold_gain":250,"player_choice":"Bet on Owner","damage_taken":0,"max_hp_gain":0,"max_hp_loss":0,"event_name":"The Joust","floor":20,"gold_loss":50},{"damage_healed":0,"gold_gain":0,"player_choice":"Ignored","damage_taken":0,"max_hp_gain":0,"max_hp_loss":0,"event_name":"Tomb of Lord Red Mask","floor":36,"gold_loss":0},{"damage_healed":0,"gold_gain":0,"player_choice":"Embrace Madness","damage_taken":9,"max_hp_gain":0,"max_hp_loss":0,"event_name":"Winding Halls","floor":39,"gold_loss":0,"cards_obtained":["Madness","Madness"]},{"damage_healed":0,"gold_gain":0,"player_choice":"Memory 2","damage_taken":5,"max_hp_gain":0,"max_hp_loss":0,"event_name":"SensoryStone","floor":41,"gold_loss":0},{"damage_healed":0,"gold_gain":0,"player_choice":"Fight","damage_taken":0,"max_hp_gain":0,"max_hp_loss":0,"event_name":"Mysterious Sphere","floor":45,"gold_loss":0}],"is_beta":false,"boss_relics":[{"not_picked":["Eternal Feather","Runic Pyramid"],"picked":"Snecko Eye"},{"not_picked":["Lizard Tail","White Beast Statue"],"picked":"Nuclear Battery"}],"items_purged_floors":[3,21,38],"is_endless":false,"potions_floor_spawned":[6,8,11,13,18,28,30,31,45,46,47],"killed_by":"The Heart","ascension_level":0}