{"gold_per_floor":[114,125,200,200,200,200,235,235,235,273,298,313,313,352,352,443,443,456,480,61,74,90,121,36,71,71,71,89,89,89,109,109,198,198,212,226,0,14,35,79,79,79,79,118,118,159,159,175,175,175,175],"floor_reached":52,"playtime":3729,"items_purged":["Strike_B"],"score":2050,"play_id":"2ab7049d-213e-40ee-9b47-53c2da061c05","local_time":"20190609015904","is_ascension_mode":true,"campfire_choices":[{"data":"Zap","floor":6.0,"key":"SMITH"},{"data":"Biased Cognition","floor":8.0,"key":"SMITH"},{"data":"Coolheaded","floor":13.0,"key":"SMITH"},{"data":"Coolheaded","floor":15.0,"key":"SMITH"},{"floor":27.0,"key":"REST"},{"data":"Consume","floor":29.0,"key":"SMITH"},{"floor":32.0,"key":"REST"},{"data":"Biased Cognition","floor":42,"key":"SMITH"},{"data":"Coolheaded","floor":45,"key":"SMITH"},{"data":"Biased Cognition","floor":47,"key":"SMITH"},{"floor":49,"key":"REST"}],"neow_cost":"NONE","seed_source_timestamp":0,"circlet_count":0,"master_deck":["AscendersBane","Zap+1","Dualcast+1","Streamline","Coolheaded+1","Biased Cognition+1","Coolheaded+1","Chill","Ball Lightning","Hologram","Electrodynamics","Conserve Battery","Coolheaded+1","Static Discharge","Consume+1","Echo Form+1","Biased Cognition+1","Static Discharge","Electrodynamics","Core Surge+1","Genetic Algorithm","Core Surge","Double Energy+1","Blizzard+1","Self Repair","Biased Cognition+1"],"special_seed":0,"relics":["Cracked Core","Golden Idol","Bag of Marbles","Bottled Lightning","War Paint","Dead Branch","Inserter","OrangePellets","Strawberry","FossilizedHelix","Ornamental Fan","Pandora\u0027s Box","Red Mask","Blue Candle","Whetstone","Symbiotic Virus","Lantern"],"potions_floor_usage":[40,51,51],"damage_taken":[{"damage":6.0,"enemies":"Cultist","floor":1.0,"turns":4.0},{"damage":0.0,"enemies":"2 Louse","floor":2.0,"turns":2.0},{"damage":21.0,"enemies":"Lagavulin","floor":7.0,"turns":8.0},{"damage":1.0,"enemies":"3 Sentries","floor":10.0,"turns":7.0},{"damage":0.0,"enemies":"Small Slimes","floor":11.0,"turns":3.0},{"damage":1.0,"enemies":"Looter","floor":12.0,"turns":3.0},{"damage":11.0,"enemies":"Lagavulin","floor":14.0,"turns":4.0},{"damage":23.0,"enemies":"The Guardian","floor":16.0,"turns":13.0},{"damage":0.0,"enemies":"3 Byrds","floor":18.0,"turns":3.0},{"damage":0.0,"enemies":"Chosen","floor":19.0,"turns":3.0},{"damage":0.0,"enemies":"3 Cultists","floor":21.0,"turns":4.0},{"damage":0.0,"enemies":"Sentry and Sphere","floor":22.0,"turns":4.0},{"damage":45.0,"enemies":"Slavers","floor":23.0,"turns":3.0},{"damage":6.0,"enemies":"Gremlin Leader","floor":25.0,"turns":6.0},{"damage":0.0,"enemies":"Cultist and Chosen","floor":28.0,"turns":5.0},{"damage":0.0,"enemies":"Chosen and Byrds","floor":31.0,"turns":3.0},{"damage":17.0,"enemies":"Automaton","floor":33.0,"turns":10.0},{"damage":0,"enemies":"Orb Walker","floor":35,"turns":3},{"damage":0,"enemies":"3 Shapes","floor":36,"turns":2},{"damage":0,"enemies":"Spire Growth","floor":38,"turns":5},{"damage":3,"enemies":"3 Darklings","floor":39,"turns":3},{"damage":15,"enemies":"Nemesis","floor":40,"turns":8},{"damage":34,"enemies":"Giant Head","floor":44,"turns":12},{"damage":5,"enemies":"Nemesis","floor":46,"turns":7},{"damage":0,"enemies":"Transient","floor":48,"turns":6},{"damage":12,"enemies":"Donu and Deca","floor":50,"turns":7},{"damage":0,"enemies":"Awakened One","floor":51,"turns":10}],"seed_played":"9204515978200299514","potions_obtained":[{"floor":0.0,"key":"Swift Potion"},{"floor":0.0,"key":"FearPotion"},{"floor":1.0,"key":"EssenceOfSteel"},{"floor":12.0,"key":"Explosive Potion"},{"floor":14.0,"key":"Regen Potion"},{"floor":19.0,"key":"PowerPotion"},{"floor":33.0,"key":"Energy Potion"},{"floor":44,"key":"FocusPotion"}],"is_trial":false,"path_per_floor":["M","M","?","?","?","R","E","R","T","E","M","M","R","E","R","B",null,"M","M","$","M","M","E","$","E","T","R","M","R","?","M","R","B",null,"M","M","?","M","M","E","?","R","T","E","R","E","R","M","R","B","B",null],"character_chosen":"DEFECT","items_purchased":["Static Discharge","OrangePellets","Ancient Potion","EssenceOfSteel"],"campfire_rested":3,"item_purchase_floors":[20,20,20,24],"current_hp_per_floor":[58,58,47,47,47,47,26,26,26,25,25,24,24,13,13,5,49,49,49,49,49,49,11,11,5,5,26,26,26,26,26,47,30,61,61,61,61,61,58,57,57,57,57,37,37,46,46,53,71,66,71],"gold":175,"neow_bonus":"THREE_SMALL_POTIONS","is_prod":false,"is_daily":false,"chose_seed":false,"campfire_upgraded":8,"win_rate":0,"timestamp":1560059944,"path_taken":["M","M","?","?","?","R","E","R","T","E","M","M","R","E","R","BOSS","M","M","$","M","M","E","$","E","T","R","M","R","?","M","R","BOSS","M","?","?","M","M","E","?","R","T","E","R","E","R","?","R","BOSS","BOSS"],"build_version":"2019-01-23","purchased_purges":1,"victory":true,"max_hp_per_floor":[71,71,71,64,64,64,64,64,64,64,64,64,64,64,64,64,64,64,64,64,64,64,71,71,71,71,71,71,71,71,71,71,71,71,71,71,71,71,71,71,71,71,71,71,71,71,71,71,71,71,71],"card_choices":[{"not_picked":["Conserve Battery","Aggregate"],"picked":"Streamline","floor":1.0},{"not_picked":["Sweeping Beam","Sunder"],"picked":"Coolheaded","floor":2.0},{"not_picked":["Compile Driver","Coolheaded"],"picked":"Biased Cognition","floor":7.0},{"not_picked":["Sweeping Beam","Storm"],"picked":"Coolheaded","floor":10.0},{"not_picked":["Coolheaded","Turbo"],"picked":"Chill","floor":11.0},{"not_picked":["Go for the Eyes","Turbo"],"picked":"Ball Lightning","floor":12.0},{"not_picked":["Storm","Coolheaded"],"picked":"Hologram","floor":14.0},{"not_picked":["Buffer","Machine Learning"],"picked":"Electrodynamics","floor":16.0},{"not_picked":["Reprogram","Redo+1"],"picked":"Conserve Battery","floor":18.0},{"not_picked":["Capacitor+1","Loop"],"picked":"Coolheaded","floor":19.0},{"not_picked":["Barrage","Conserve Battery+1","Streamline"],"picked":"SKIP","floor":21.0},{"not_picked":["Force Field","Sunder","Sweeping Beam"],"picked":"SKIP","floor":22.0},{"not_picked":["Conserve Battery","Loop"],"picked":"Consume","floor":23.0},{"not_picked":["Stack","Streamline"],"picked":"Echo Form","floor":25.0},{"not_picked":["Hello World","Sweeping Beam","Stack"],"picked":"SKIP","floor":28.0},{"not_picked":["Beam Cell","Genetic Algorithm","Turbo"],"picked":"SKIP","floor":31.0},{"not_picked":["Rainbow","Meteor Strike"],"picked":"Biased Cognition","floor":33.0},{"not_picked":["Redo","Conserve Battery","Ball Lightning"],"picked":"SKIP","floor":35},{"not_picked":["Steam","Redo+1","Rip and Tear+1"],"picked":"SKIP","floor":36},{"not_picked":["Rip and Tear","Barrage","Auto Shields+1"],"picked":"SKIP","floor":38},{"not_picked":["Steam+1","Reprogram"],"picked":"Self Repair","floor":39},{"not_picked":["Conserve Battery","Beam Cell","Streamline"],"picked":"SKIP","floor":40},{"not_picked":["Beam Cell","Melter","Meteor Strike"],"picked":"SKIP","floor":44},{"not_picked":["Doom and Gloom","Gash"],"picked":"Biased Cognition","floor":46},{"not_picked":["Turbo","Sweeping Beam","Barrage"],"picked":"SKIP","floor":48}],"player_experience":492702,"relics_obtained":[{"floor":7.0,"key":"Bag of Marbles"},{"floor":9.0,"key":"Bottled Lightning"},{"floor":10.0,"key":"War Paint"},{"floor":14.0,"key":"Dead Branch"},{"floor":23.0,"key":"Strawberry"},{"floor":25.0,"key":"FossilizedHelix"},{"floor":26.0,"key":"Ornamental Fan"},{"floor":40,"key":"Blue Candle"},{"floor":43,"key":"Whetstone"},{"floor":44,"key":"Symbiotic Virus"},{"floor":46,"key":"Lantern"}],"event_choices":[{"damage_healed":0.0,"max_hp_gain":0.0,"max_hp_loss":0.0,"gold_gain":75.0,"event_name":"World of Goop","player_choice":"Gather Gold","floor":3.0,"gold_loss":0.0,"damage_taken":11.0},{"damage_healed":0.0,"max_hp_gain":0.0,"max_hp_loss":7.0,"gold_gain":0.0,"event_name":"Golden Idol","player_choice":"Lose Max HP","floor":4.0,"gold_loss":0.0,"damage_taken":0.0,"relics_obtained":["Golden Idol"]},{"damage_healed":0.0,"max_hp_gain":0.0,"max_hp_loss":0.0,"gold_gain":0.0,"event_name":"Liars Game","player_choice":"Ignored","floor":5.0,"gold_loss":0.0,"damage_taken":0.0},{"damage_healed":0.0,"max_hp_gain":0.0,"max_hp_loss":0.0,"gold_gain":0.0,"event_name":"Upgrade Shrine","player_choice":"Upgraded","floor":30.0,"gold_loss":0.0,"damage_taken":0.0,"cards_upgraded":["Echo Form"]},{"damage_healed":0,"gold_gain":0,"player_choice":"Paid","damage_taken":0,"relics_obtained":["Red Mask"],"max_hp_gain":0,"max_hp_loss":0,"event_name":"Tomb of Lord Red Mask","floor":37,"gold_loss":226},{"damage_healed":0,"gold_gain":0,"player_choice":"Upgraded","damage_taken":0,"max_hp_gain":0,"max_hp_loss":0,"event_name":"Upgrade Shrine","floor":41,"gold_loss":0,"cards_upgraded":["Double Energy"]}],"is_beta":false,"boss_relics":[{"not_picked":["Empty Cage","Philosopher\u0027s Stone"],"picked":"Inserter"},{"not_picked":["Busted Crown","Snecko Eye"],"picked":"Pandora\u0027s Box"}],"items_purged_floors":[20],"is_endless":false,"potions_floor_spawned":[1,12,14,19,21,22,25,28,33,38,44,46],"ascension_level":20}