{"gold_per_floor":[109,284,304,7,7,34,48,62,62,82,82,82,96,107,107,212,212,229,129,146,146,146,146,176,176,231,243,243,254,268,268,268,371,371,386,76,87,141,241,241,272,272,272,272,283,296,83,113,113,113,113,113,113,143,143],"floor_reached":56,"playtime":4922,"items_purged":["Doubt","Strike_B"],"score":1302,"play_id":"0f3b69b6-6b7b-4acc-a74d-faf9ffbfff1d","local_time":"20190618204927","is_ascension_mode":false,"campfire_choices":[{"data":"Defragment","floor":11.0,"key":"SMITH"},{"data":"Barrage","floor":15.0,"key":"SMITH"},{"data":"Chaos","floor":23.0,"key":"SMITH"},{"data":"Zap","floor":25.0,"key":"SMITH"},{"data":"Consume","floor":32.0,"key":"SMITH"},{"floor":40,"key":"RECALL"},{"data":"Rainbow","floor":44,"key":"SMITH"},{"data":"Echo Form","floor":49,"key":"SMITH"},{"data":"Creative AI","floor":52,"key":"SMITH"}],"neow_cost":"NONE","seed_source_timestamp":0,"circlet_count":0,"master_deck":["Defend_B+1","Defend_B","Defend_B+1","Zap+1","Dualcast","Coolheaded","Sweeping Beam","Defragment+1","Coolheaded","Ball Lightning","Barrage+1","Blizzard","Chill","Capacitor","Echo Form+1","Leap","Chaos+1","Rainbow+1","Buffer","Consume+1","Go for the Eyes+1","White Noise","Seek","Self Repair","BootSequence","Capacitor","Coolheaded","Coolheaded+1","Creative AI+1","Barrage+1","Conserve Battery","Fusion+1","Storm","Seek","Heatsinks+1"],"special_seed":0,"relics":["FrozenCore","Oddly Smooth Stone","Mercury Hourglass","Regal Pillow","Pantograph","War Paint","DataDisk","Pen Nib","Sozu","Lee\u0027s Waffle","Emotion Chip","Calipers","Prayer Wheel","Bag of Marbles","Bag of Preparation","Happy Flower","Mango"],"potions_floor_usage":[],"damage_taken":[{"damage":1.0,"enemies":"Jaw Worm","floor":1.0,"turns":3.0},{"damage":3.0,"enemies":"Small Slimes","floor":3.0,"turns":5.0},{"damage":8.0,"enemies":"3 Sentries","floor":6.0,"turns":6.0},{"damage":0.0,"enemies":"Cultist","floor":7.0,"turns":3.0},{"damage":1.0,"enemies":"Red Slaver","floor":8.0,"turns":4.0},{"damage":0.0,"enemies":"3 Louse","floor":10.0,"turns":2.0},{"damage":0.0,"enemies":"2 Fungi Beasts","floor":13.0,"turns":3.0},{"damage":4.0,"enemies":"Exordium Wildlife","floor":14.0,"turns":4.0},{"damage":10.0,"enemies":"Hexaghost","floor":16.0,"turns":7.0},{"damage":0.0,"enemies":"3 Byrds","floor":18.0,"turns":4.0},{"damage":8.0,"enemies":"Shell Parasite","floor":20.0,"turns":5.0},{"damage":22.0,"enemies":"Slavers","floor":24.0,"turns":4.0},{"damage":16.0,"enemies":"Cultist and Chosen","floor":27.0,"turns":7.0},{"damage":4.0,"enemies":"Centurion and Healer","floor":29.0,"turns":7.0},{"damage":0.0,"enemies":"Sentry and Sphere","floor":30.0,"turns":5.0},{"damage":0.0,"enemies":"Automaton","floor":33.0,"turns":9.0},{"damage":22.0,"enemies":"3 Darklings","floor":35.0,"turns":5.0},{"damage":0.0,"enemies":"Orb Walker","floor":37.0,"turns":3.0},{"damage":27,"enemies":"2 Orb Walkers","floor":38,"turns":5},{"damage":0,"enemies":"Mind Bloom Boss Battle","floor":39,"turns":7},{"damage":0,"enemies":"Giant Head","floor":41,"turns":8},{"damage":0,"enemies":"Spire Growth","floor":45,"turns":7},{"damage":0,"enemies":"Transient","floor":46,"turns":5},{"damage":43,"enemies":"Reptomancer","floor":48,"turns":6},{"damage":62,"enemies":"Awakened One","floor":50,"turns":9},{"damage":33,"enemies":"Shield and Spear","floor":54,"turns":7},{"damage":36,"enemies":"The Heart","floor":55,"turns":9}],"seed_played":"6081801204171594298","potions_obtained":[{"floor":3.0,"key":"EssenceOfSteel"},{"floor":6.0,"key":"LiquidBronze"},{"floor":16.0,"key":"AttackPotion"},{"floor":18.0,"key":"LiquidBronze"},{"floor":20.0,"key":"Explosive Potion"},{"floor":33.0,"key":"SpeedPotion"}],"is_trial":false,"path_per_floor":["M","?","M","$","?","E","M","M","T","M","R","?","M","M","R","B",null,"M","$","M","T","?","R","E","R","T","M","?","M","M","T","R","B",null,"M","$","M","?","?","R","E","?","T","R","M","M","$","E","R","B",null,"R","$","E","B",null],"character_chosen":"DEFECT","items_purchased":["Oddly Smooth Stone","Defragment","BootSequence","Lee\u0027s Waffle","Capacitor","Bag of Preparation","Storm"],"campfire_rested":0,"item_purchase_floors":[4,4,36,36,36,47,47],"current_hp_per_floor":[74,74,71,71,53,45,45,44,44,44,44,44,44,40,40,30,75,75,75,67,67,67,67,45,45,45,29,29,25,25,25,25,50,75,53,82,82,55,82,82,82,82,82,82,82,82,82,53,53,23,82,82,82,63,52],"gold":143,"neow_bonus":"TRANSFORM_CARD","is_prod":false,"is_daily":false,"chose_seed":false,"campfire_upgraded":8,"win_rate":0,"timestamp":1560887367,"path_taken":["M","?","M","$","?","E","M","M","T","M","R","?","M","M","R","BOSS","M","$","?","?","?","R","E","R","T","M","?","M","?","?","R","BOSS","M","$","M","?","?","R","E","?","T","R","M","M","$","E","R","BOSS","R","$","E","BOSS"],"build_version":"2019-01-23","purchased_purges":2,"victory":true,"max_hp_per_floor":[75,75,75,75,75,75,75,75,75,75,75,75,75,75,75,75,75,75,75,75,75,75,75,75,75,75,75,75,75,75,75,75,75,75,75,82,82,82,82,82,82,82,82,82,82,82,82,82,82,82,82,82,82,96,96],"card_choices":[{"not_picked":["Go for the Eyes","Leap"],"picked":"Coolheaded","floor":1.0},{"not_picked":["Undo","Tempest"],"picked":"Sweeping Beam","floor":3.0},{"not_picked":["Rebound","Go for the Eyes"],"picked":"Coolheaded","floor":6.0},{"not_picked":["Redo","Gash"],"picked":"Ball Lightning","floor":7.0},{"not_picked":["Leap","Machine Learning"],"picked":"Barrage","floor":8.0},{"not_picked":["Storm","Redo"],"picked":"Blizzard","floor":10.0},{"not_picked":["Sunder","Hologram"],"picked":"Chill","floor":13.0},{"not_picked":["Stack","Sunder"],"picked":"Capacitor","floor":14.0},{"not_picked":["Buffer","Thunder Strike"],"picked":"Echo Form","floor":16.0},{"not_picked":["Undo","Hello World"],"picked":"Leap","floor":18.0},{"not_picked":["Stack+1","Ball Lightning","Steam"],"picked":"SKIP","floor":20.0},{"not_picked":["Consume","Leap","Lockon"],"picked":"SKIP","floor":24.0},{"not_picked":["Compile Driver","Streamline"],"picked":"Rainbow","floor":27.0},{"not_picked":["Reinforced Body","Turbo"],"picked":"Go for the Eyes+1","floor":29.0},{"not_picked":["Stack+1","Hello World"],"picked":"White Noise","floor":30.0},{"not_picked":["Buffer","Hyperbeam"],"picked":"Seek","floor":33.0},{"not_picked":["Heatsinks","Hologram"],"picked":"Self Repair","floor":35.0},{"not_picked":["Hologram","Steam+1","Sweeping Beam+1"],"picked":"SKIP","floor":37.0},{"not_picked":["Barrage+1","Genetic Algorithm"],"picked":"Coolheaded","floor":38},{"not_picked":["Darkness","Aggregate"],"picked":"Coolheaded+1","floor":39},{"not_picked":["Rebound","Beam Cell+1"],"picked":"Creative AI","floor":41},{"not_picked":["Redo+1","Sweeping Beam+1"],"picked":"Barrage+1","floor":45},{"not_picked":["Go for the Eyes+1","Rebound"],"picked":"Conserve Battery","floor":45},{"not_picked":["Genetic Algorithm","Reprogram"],"picked":"Fusion+1","floor":46},{"not_picked":["Ball Lightning","Self Repair","Sweeping Beam+1"],"picked":"SKIP","floor":46},{"not_picked":["Streamline","Auto Shields"],"picked":"Seek","floor":48},{"not_picked":["Storm","Capacitor"],"picked":"Heatsinks+1","floor":54}],"player_experience":734149,"relics_obtained":[{"floor":6.0,"key":"Regal Pillow"},{"floor":21.0,"key":"Pantograph"},{"floor":24.0,"key":"War Paint"},{"floor":26.0,"key":"DataDisk"},{"floor":31.0,"key":"Pen Nib"},{"floor":38,"key":"Emotion Chip"},{"floor":39,"key":"Calipers"},{"floor":41,"key":"Prayer Wheel"},{"floor":43,"key":"Bag of Marbles"},{"floor":48,"key":"Happy Flower"},{"floor":54,"key":"Mango"}],"event_choices":[{"damage_healed":0.0,"max_hp_gain":0.0,"max_hp_loss":0.0,"gold_gain":175.0,"event_name":"Liars Game","player_choice":"AGREE","floor":2.0,"gold_loss":0.0,"damage_taken":0.0,"cards_obtained":["Doubt"]},{"damage_healed":0.0,"max_hp_gain":0.0,"max_hp_loss":0.0,"gold_gain":0.0,"event_name":"Scrap Ooze","player_choice":"Success","floor":5.0,"gold_loss":0.0,"damage_taken":18.0,"relics_obtained":["Mercury Hourglass"]},{"cards_removed":["Strike_B"],"damage_healed":0.0,"max_hp_gain":0.0,"max_hp_loss":0.0,"gold_gain":0.0,"event_name":"Bonfire Elementals","player_choice":"Offered Basic","floor":12.0,"gold_loss":0.0,"damage_taken":0.0},{"damage_healed":0.0,"max_hp_gain":0.0,"max_hp_loss":0.0,"gold_gain":0.0,"event_name":"The Library","player_choice":"Read","floor":22.0,"gold_loss":0.0,"damage_taken":0.0,"cards_obtained":["Chaos"]},{"damage_healed":0.0,"max_hp_gain":0.0,"max_hp_loss":0.0,"gold_gain":0.0,"cards_transformed":["Strike_B","Defend_B"],"event_name":"Drug Dealer","player_choice":"Became Test Subject","floor":28.0,"gold_loss":0.0,"damage_taken":0.0,"cards_obtained":["Buffer","Consume"]},{"damage_healed":0,"gold_gain":0,"player_choice":"Fight","damage_taken":0,"max_hp_gain":0,"max_hp_loss":0,"event_name":"Mysterious Sphere","floor":38,"gold_loss":0},{"damage_healed":0,"gold_gain":0,"player_choice":"Fight","damage_taken":0,"max_hp_gain":0,"max_hp_loss":0,"event_name":"MindBloom","floor":39,"gold_loss":0},{"cards_removed":["Machine Learning"],"damage_healed":0,"gold_gain":0,"player_choice":"Removed Power","damage_taken":0,"max_hp_gain":0,"max_hp_loss":0,"event_name":"Falling","floor":42,"gold_loss":0}],"is_beta":false,"boss_relics":[{"not_picked":["Velvet Choker","Tiny House"],"picked":"FrozenCore"},{"not_picked":["Empty Cage","White Beast Statue"],"picked":"Sozu"}],"items_purged_floors":[4,19],"is_endless":false,"potions_floor_spawned":[3,6,16,18,20,33,35,41,45,54],"ascension_level":0}