{"gold_per_floor":[119,136,146,37,51,51,68,78,78,107,107,7,38,49,49,154,154,169,169,184,197,210,242,242,157,157,157,187,187,199,216,216,312,312,327,427,357,372,104,129,140,151,151,180,180,180,191,204,204,204,204,204,13,42,42],"floor_reached":56,"playtime":6622,"items_purged":["Strike_B","Strike_B","Defend_B"],"score":1313,"play_id":"6c126b51-ce14-487b-880b-69b338a7683a","local_time":"20190525011451","is_ascension_mode":false,"campfire_choices":[{"floor":6,"key":"REST"},{"floor":11,"key":"REST"},{"floor":15,"key":"REST"},{"floor":24,"key":"REST"},{"floor":27,"key":"RECALL"},{"data":"Rainbow","floor":32,"key":"SMITH"},{"data":"Consume","floor":45,"key":"SMITH"},{"data":"Buffer","floor":49,"key":"SMITH"},{"data":"Buffer","floor":52,"key":"SMITH"}],"neow_cost":"NONE","seed_source_timestamp":277810085465514,"circlet_count":0,"master_deck":["Defend_B","Zap","Dualcast","Conserve Battery","Consume+1","Defragment","Coolheaded","BootSequence","Conserve Battery","Rainbow+1","Buffer+1","Compile Driver+1","Compile Driver","Force Field+1","Meteor Strike","Barrage","Coolheaded","Machine Learning","Go for the Eyes+1","Sunder+1","Auto Shields+1","Storm","Machine Learning","Buffer+1","Chill+1","Barrage+1","Ball Lightning+1","Doom and Gloom","Echo Form"],"relics":["Snecko Eye","PreservedInsect","DataDisk","Lantern","Inserter","Shuriken","Strawberry","Mummified Hand","Kunai","Astrolabe","Bird Faced Urn","Du-Vu Doll","Bronze Scales","Gambling Chip"],"potions_floor_usage":[10,16,23,31,33,44,50,55,55,55],"damage_taken":[{"damage":1,"enemies":"Cultist","floor":1,"turns":3},{"damage":7,"enemies":"2 Louse","floor":2,"turns":5},{"damage":0,"enemies":"Jaw Worm","floor":3,"turns":5},{"damage":45,"enemies":"Lots of Slimes","floor":5,"turns":7},{"damage":0,"enemies":"Blue Slaver","floor":7,"turns":4},{"damage":14,"enemies":"3 Louse","floor":8,"turns":3},{"damage":8,"enemies":"Lagavulin","floor":10,"turns":8},{"damage":28,"enemies":"Gremlin Nob","floor":13,"turns":5},{"damage":0,"enemies":"Looter","floor":14,"turns":4},{"damage":0,"enemies":"The Guardian","floor":16,"turns":8},{"damage":14,"enemies":"3 Byrds","floor":18,"turns":7},{"damage":1,"enemies":"Spheric Guardian","floor":20,"turns":6},{"damage":0,"enemies":"Cultist and Chosen","floor":21,"turns":5},{"damage":7,"enemies":"Shelled Parasite and Fungi","floor":22,"turns":7},{"damage":50,"enemies":"Slavers","floor":23,"turns":8},{"damage":0,"enemies":"Book of Stabbing","floor":28,"turns":8},{"damage":0,"enemies":"Snecko","floor":30,"turns":3},{"damage":2,"enemies":"Snake Plant","floor":31,"turns":3},{"damage":34,"enemies":"Collector","floor":33,"turns":11},{"damage":0,"enemies":"3 Shapes","floor":35,"turns":3},{"damage":0,"enemies":"Orb Walker","floor":38,"turns":3},{"damage":0,"enemies":"Giant Head","floor":40,"turns":5},{"damage":0,"enemies":"Transient","floor":41,"turns":5},{"damage":0,"enemies":"Spire Growth","floor":42,"turns":4},{"damage":0,"enemies":"Reptomancer","floor":44,"turns":6},{"damage":25,"enemies":"Maw","floor":47,"turns":5},{"damage":0,"enemies":"Sphere and 2 Shapes","floor":48,"turns":3},{"damage":20,"enemies":"Awakened One","floor":50,"turns":7},{"damage":5,"enemies":"Shield and Spear","floor":54,"turns":5},{"damage":83,"enemies":"The Heart","floor":55,"turns":9}],"seed_played":"-1490135915854779969","potions_obtained":[{"floor":7,"key":"FearPotion"},{"floor":8,"key":"Weak Potion"},{"floor":14,"key":"PowerPotion"},{"floor":16,"key":"Ancient Potion"},{"floor":22,"key":"EssenceOfSteel"},{"floor":28,"key":"Ancient Potion"},{"floor":30,"key":"EssenceOfSteel"},{"floor":31,"key":"Regen Potion"},{"floor":40,"key":"Weak Potion"},{"floor":42,"key":"Strength Potion"},{"floor":48,"key":"LiquidBronze"},{"floor":54,"key":"Block Potion"}],"is_trial":false,"path_per_floor":["M","M","M","$","M","R","M","M","T","E","R","$","E","M","R","B",null,"M","$","M","M","M","E","R","?","T","R","E","?","M","M","R","B",null,"M","?","$","M","$","E","M","M","T","E","R","?","M","M","R","B",null,"R","$","E","B",null],"character_chosen":"DEFECT","items_purchased":["Defragment","Storm","Machine Learning","Bronze Scales","Doom and Gloom"],"campfire_rested":4,"item_purchase_floors":[4,37,39,53,53],"current_hp_per_floor":[74,67,67,67,22,44,44,30,30,22,44,44,16,16,38,38,75,61,61,60,60,53,3,25,32,32,32,32,32,32,30,30,11,82,82,82,82,82,82,82,82,82,82,82,82,82,57,67,67,59,82,82,82,77,6],"gold":42,"neow_bonus":"BOSS_RELIC","is_prod":false,"is_daily":false,"chose_seed":false,"campfire_upgraded":4,"win_rate":0,"timestamp":1558743291,"path_taken":["M","M","M","$","M","R","M","M","T","E","R","$","E","M","R","BOSS","M","$","M","M","M","E","R","?","T","R","E","?","M","?","R","BOSS","M","?","$","M","$","E","?","M","T","E","R","?","M","M","R","BOSS","R","$","E","BOSS"],"build_version":"2019-01-23","purchased_purges":3,"victory":true,"max_hp_per_floor":[75,75,75,75,75,75,75,75,75,75,75,75,75,75,75,75,75,75,75,75,75,75,75,75,82,82,82,82,82,82,82,82,82,82,82,82,82,82,82,82,82,82,82,82,82,82,82,82,82,82,82,82,82,82,82],"card_choices":[{"not_picked":["Turbo","Hologram","Go for the Eyes"],"picked":"SKIP","floor":1},{"not_picked":["Sweeping Beam","Go for the Eyes"],"picked":"Conserve Battery","floor":2},{"not_picked":["Ball Lightning","Steam"],"picked":"Consume","floor":3},{"not_picked":["Heatsinks","Streamline","Leap"],"picked":"SKIP","floor":5},{"not_picked":["Redo","Skim"],"picked":"Coolheaded","floor":7},{"not_picked":["Cold Snap","Sweeping Beam"],"picked":"BootSequence","floor":8},{"not_picked":["Multi-Cast","Turbo"],"picked":"Conserve Battery","floor":10},{"not_picked":["Coolheaded","Steam"],"picked":"Rainbow","floor":13},{"not_picked":["Stack","Sweeping Beam","Aggregate"],"picked":"SKIP","floor":14},{"not_picked":["Fission","Machine Learning"],"picked":"Buffer","floor":16},{"not_picked":["Conserve Battery","Barrage"],"picked":"Compile Driver+1","floor":18},{"not_picked":["Lockon","Sweeping Beam"],"picked":"Compile Driver","floor":20},{"not_picked":["Gash","Go for the Eyes","Turbo"],"picked":"SKIP","floor":21},{"not_picked":["Core Surge","Compile Driver+1","Leap"],"picked":"SKIP","floor":22},{"not_picked":["Coolheaded","Sweeping Beam"],"picked":"Force Field+1","floor":23},{"not_picked":["Fusion","Steam"],"picked":"Meteor Strike","floor":28},{"not_picked":["BootSequence","Heatsinks"],"picked":"Barrage","floor":30},{"not_picked":["Beam Cell+1","Hologram+1"],"picked":"Coolheaded","floor":31},{"not_picked":["All For One","Biased Cognition"],"picked":"Machine Learning","floor":33},{"not_picked":["Beam Cell+1","Streamline","Cold Snap"],"picked":"SKIP","floor":35},{"not_picked":["Streamline+1","Tempest","Steam Power"],"picked":"SKIP","floor":38},{"not_picked":["Chaos","Sweeping Beam"],"picked":"Buffer","floor":40},{"not_picked":["Auto Shields","Tempest+1"],"picked":"Chill+1","floor":41},{"not_picked":["Rebound","Steam+1"],"picked":"Barrage+1","floor":42},{"not_picked":["Steam+1","Barrage","Leap+1"],"picked":"SKIP","floor":44},{"not_picked":["Stack","Steam Power+1","Leap"],"picked":"SKIP","floor":47},{"not_picked":["Defragment","Hologram"],"picked":"Ball Lightning+1","floor":48},{"not_picked":["Leap+1","Sweeping Beam"],"picked":"Echo Form","floor":54}],"player_experience":418159,"relics_obtained":[{"floor":9,"key":"PreservedInsect"},{"floor":10,"key":"DataDisk"},{"floor":13,"key":"Lantern"},{"floor":23,"key":"Shuriken"},{"floor":26,"key":"Mummified Hand"},{"floor":28,"key":"Kunai"},{"floor":40,"key":"Bird Faced Urn"},{"floor":44,"key":"Du-Vu Doll"},{"floor":54,"key":"Gambling Chip"}],"event_choices":[{"damage_healed":0,"gold_gain":0,"player_choice":"Obtained Relic","damage_taken":0,"relics_obtained":["Strawberry"],"max_hp_gain":0,"max_hp_loss":0,"event_name":"Addict","floor":25,"gold_loss":85},{"cards_removed":["Strike_B"],"damage_healed":0,"gold_gain":0,"player_choice":"Card Removal","damage_taken":0,"max_hp_gain":0,"max_hp_loss":0,"event_name":"Wheel of Change","floor":29,"gold_loss":0},{"damage_healed":0,"gold_gain":100,"player_choice":"Pray","damage_taken":0,"max_hp_gain":0,"max_hp_loss":0,"event_name":"Golden Shrine","floor":36,"gold_loss":0},{"damage_healed":0,"gold_gain":0,"player_choice":"Memory 1","damage_taken":0,"max_hp_gain":0,"max_hp_loss":0,"event_name":"SensoryStone","floor":46,"gold_loss":0}],"is_beta":false,"boss_relics":[{"not_picked":["Sozu","Runic Pyramid"],"picked":"Inserter"},{"not_picked":["Fusion Hammer","Tiny House"],"picked":"Astrolabe"}],"items_purged_floors":[4,12,39],"is_endless":false,"potions_floor_spawned":[7,8,14,16,22,28,30,31,40,42,48,54],"ascension_level":0}