{"gold_per_floor":[13,32,50,60,60,60,86,96,147,167,167,6,6,6,6,78,78,93,48,48],"floor_reached":20,"playtime":807,"items_purged":[],"score":347,"play_id":"179299e7-2194-4ba9-879c-ff5850ef9793","local_time":"20190628021740","is_ascension_mode":true,"campfire_choices":[{"data":"A Thousand Cuts","floor":6.0,"key":"SMITH"},{"floor":11,"key":"REST"},{"data":"Catalyst","floor":15,"key":"SMITH"}],"neow_cost":"NO_GOLD","seed_source_timestamp":255180985498200,"circlet_count":0,"master_deck":["AscendersBane","Defend_G","Defend_G","Defend_G","Defend_G","Strike_G","Strike_G","Strike_G","Strike_G","Survivor","Neutralize","Dagger Spray","Blur","Infinite Blades","Blade Dance","A Thousand Cuts+1","Neutralize","Terror","Finisher","Backflip","Noxious Fumes","Catalyst+1","Corpse Explosion","Doubt","Decay","Pain","PiercingWail"],"special_seed":0,"relics":["Ring of the Snake","Singing Bowl","Bag of Marbles","Calling Bell","Anchor","Frozen Egg 2","Shovel"],"potions_floor_usage":[13,16],"damage_taken":[{"damage":3.0,"enemies":"Cultist","floor":1.0,"turns":4.0},{"damage":0.0,"enemies":"2 Louse","floor":2.0,"turns":2.0},{"damage":0.0,"enemies":"Small Slimes","floor":3.0,"turns":4.0},{"damage":2.0,"enemies":"Red Slaver","floor":4.0,"turns":4.0},{"damage":15.0,"enemies":"Lagavulin","floor":7.0,"turns":8.0},{"damage":8.0,"enemies":"Large Slime","floor":8.0,"turns":6.0},{"damage":6,"enemies":"Looter","floor":10,"turns":4},{"damage":0,"enemies":"Exordium Thugs","floor":13,"turns":1},{"damage":14,"enemies":"Hexaghost","floor":16,"turns":7},{"damage":16,"enemies":"3 Byrds","floor":18,"turns":5},{"damage":18,"enemies":"2 Thieves","floor":19,"turns":5},{"damage":32,"enemies":"Shelled Parasite and Fungi","floor":20,"turns":3}],"seed_played":"2841221704687641628","potions_obtained":[{"floor":2.0,"key":"SmokeBomb"},{"floor":8.0,"key":"Poison Potion"},{"floor":16,"key":"SteroidPotion"}],"is_trial":false,"path_per_floor":["M","M","M","M","?","R","E","M","T","M","R","$","M","?","R","B",null,"M","M","M"],"character_chosen":"THE_SILENT","items_purchased":["Noxious Fumes","Catalyst"],"campfire_rested":1,"item_purchase_floors":[12,12],"current_hp_per_floor":[56,56,56,54,54,54,39,31,31,25,44,44,44,44,44,30,57,41,25,0],"gold":48,"neow_bonus":"REMOVE_TWO","is_prod":false,"is_daily":false,"chose_seed":false,"campfire_upgraded":2,"win_rate":0,"timestamp":1561659460,"path_taken":["M","M","M","?","?","R","E","M","T","M","R","?","?","?","R","BOSS","M","M","M"],"build_version":"2019-01-23","purchased_purges":0,"victory":false,"max_hp_per_floor":[66,66,66,66,66,66,66,66,66,66,66,66,66,66,66,66,66,66,68,68],"card_choices":[{"not_picked":["Dagger Throw","Prepared"],"picked":"Dagger Spray","floor":1.0},{"not_picked":["Slice","Terror"],"picked":"Blur","floor":2.0},{"not_picked":["Deflect","Dagger Throw"],"picked":"Infinite Blades","floor":3.0},{"not_picked":["Dagger Spray","Quick Slash"],"picked":"Blade Dance","floor":4.0},{"not_picked":["Poisoned Stab","Underhanded Strike"],"picked":"Terror","floor":7.0},{"not_picked":["Setup","Eviscerate"],"picked":"Finisher","floor":8.0},{"not_picked":["Crippling Poison","A Thousand Cuts"],"picked":"Backflip","floor":10},{"not_picked":["Doppelganger","Storm of Steel"],"picked":"Corpse Explosion","floor":16},{"not_picked":["Sucker Punch","Slice"],"picked":"PiercingWail","floor":18},{"not_picked":["Dagger Throw","Deflect","Setup"],"picked":"Singing Bowl","floor":19}],"player_experience":740171,"relics_obtained":[{"floor":7.0,"key":"Singing Bowl"},{"floor":9.0,"key":"Bag of Marbles"},{"floor":17,"key":"Anchor"},{"floor":17,"key":"Frozen Egg 2"},{"floor":17,"key":"Shovel"}],"event_choices":[{"damage_healed":0.0,"max_hp_gain":0.0,"max_hp_loss":0.0,"gold_gain":0.0,"event_name":"Match and Keep!","player_choice":"2 cards matched","floor":5.0,"gold_loss":0.0,"damage_taken":0.0,"cards_obtained":["A Thousand Cuts","Neutralize"]},{"damage_healed":0,"gold_gain":0,"player_choice":"Ignored","damage_taken":0,"max_hp_gain":0,"max_hp_loss":0,"event_name":"Golden Idol","floor":14,"gold_loss":0}],"is_beta":false,"boss_relics":[{"not_picked":["Busted Crown","HoveringKite"],"picked":"Calling Bell"}],"items_purged_floors":[],"is_endless":false,"potions_floor_spawned":[2,8,16],"killed_by":"Shelled Parasite and Fungi","ascension_level":19}