{"gold_per_floor":[114,130,130,145,157,191,204,238,238,238,250,37,37,12,12,115,115,129,29,41,41,57,82,82,94,94,94,106,106,120,152,152,249,249,267,122,122,138,152,152,166,197,269,287,320,195,495,345,345,345,345,345,25,54,54],"floor_reached":55,"playtime":5482,"items_purged":["Strike_B","Strike_B","Defend_B","Strike_B"],"score":779,"play_id":"0da4f0d2-7533-4a20-9e6a-03e365bd9878","local_time":"20190601140225","is_ascension_mode":false,"campfire_choices":[{"data":"Defragment","floor":10,"key":"SMITH"},{"data":"Dualcast","floor":13,"key":"SMITH"},{"data":"Fusion","floor":15,"key":"SMITH"},{"data":"Sunder","floor":24,"key":"SMITH"},{"floor":27,"key":"RECALL"},{"data":"Echo Form","floor":32,"key":"SMITH"},{"data":"Go for the Eyes","floor":40,"key":"SMITH"},{"floor":49,"key":"REST"},{"data":"Blizzard","floor":52,"key":"SMITH"}],"neow_cost":"NONE","seed_source_timestamp":71562808067387,"circlet_count":0,"master_deck":["Defend_B","Defend_B","Defend_B","Zap+1","Dualcast+1","Coolheaded+1","Go for the Eyes+1","Cold Snap","Gash","BootSequence","Doom and Gloom","Defragment+1","Loop+1","Fusion+1","Blizzard+1","Compile Driver","Echo Form+1","Capacitor","Stack","Sunder+1","Gash","Machine Learning","Stack","Storm+1","White Noise","Go for the Eyes+1"],"relics":["Cracked Core","Oddly Smooth Stone","Kunai","War Paint","Busted Crown","Centennial Puzzle","Ornamental Fan","Gambling Chip","Blood Vial","Runic Pyramid","DataDisk","Darkstone Periapt","Pear","Cables","Pantograph"],"potions_floor_usage":[6,6,6,8,18,22,22,30,38,38,39,42,42,44,50,55],"damage_taken":[{"damage":0,"enemies":"Small Slimes","floor":1,"turns":2},{"damage":0,"enemies":"Cultist","floor":2,"turns":3},{"damage":0,"enemies":"2 Louse","floor":4,"turns":2},{"damage":7,"enemies":"Exordium Wildlife","floor":5,"turns":7},{"damage":7,"enemies":"3 Sentries","floor":6,"turns":7},{"damage":9,"enemies":"Exordium Thugs","floor":7,"turns":6},{"damage":0,"enemies":"Lagavulin","floor":8,"turns":5},{"damage":4,"enemies":"Gremlin Gang","floor":11,"turns":3},{"damage":24,"enemies":"The Guardian","floor":16,"turns":9},{"damage":0,"enemies":"Shell Parasite","floor":18,"turns":3},{"damage":0,"enemies":"3 Byrds","floor":20,"turns":4},{"damage":0,"enemies":"Snecko","floor":22,"turns":4},{"damage":3,"enemies":"Book of Stabbing","floor":23,"turns":7},{"damage":2,"enemies":"Snake Plant","floor":25,"turns":3},{"damage":14,"enemies":"3 Cultists","floor":28,"turns":3},{"damage":6,"enemies":"Shelled Parasite and Fungi","floor":30,"turns":7},{"damage":9,"enemies":"Slavers","floor":31,"turns":4},{"damage":2,"enemies":"Automaton","floor":33,"turns":8},{"damage":10,"enemies":"3 Shapes","floor":35,"turns":5},{"damage":0,"enemies":"Orb Walker","floor":38,"turns":3},{"damage":11,"enemies":"Jaw Worm Horde","floor":39,"turns":5},{"damage":0,"enemies":"Maw","floor":41,"turns":6},{"damage":24,"enemies":"Reptomancer","floor":42,"turns":5},{"damage":15,"enemies":"Sphere and 2 Shapes","floor":44,"turns":4},{"damage":20,"enemies":"Nemesis","floor":45,"turns":9},{"damage":35,"enemies":"Donu and Deca","floor":50,"turns":8},{"damage":36,"enemies":"Shield and Spear","floor":54,"turns":6},{"damage":78,"enemies":"The Heart","floor":55,"turns":5}],"seed_played":"7486588876302544108","potions_obtained":[{"floor":3,"key":"SneckoOil"},{"floor":3,"key":"FocusPotion"},{"floor":3,"key":"Block Potion"},{"floor":4,"key":"Dexterity Potion"},{"floor":6,"key":"FocusPotion"},{"floor":11,"key":"SteroidPotion"},{"floor":16,"key":"Poison Potion"},{"floor":18,"key":"Block Potion"},{"floor":20,"key":"AttackPotion"},{"floor":28,"key":"Regen Potion"},{"floor":33,"key":"SteroidPotion"},{"floor":35,"key":"Regen Potion"},{"floor":38,"key":"Explosive Potion"},{"floor":41,"key":"SkillPotion"},{"floor":42,"key":"SkillPotion"},{"floor":45,"key":"Swift Potion"},{"floor":54,"key":"Strength Potion"}],"is_trial":false,"path_per_floor":["M","M","?","M","M","E","M","E","T","R","M","$","R","$","R","B",null,"M","$","M","?","M","E","R","M","T","R","M","?","M","E","R","B",null,"M","$","?","M","M","R","M","E","T","M","E","$","?","$","R","B",null,"R","$","E","B"],"character_chosen":"DEFECT","items_purchased":["Fusion","Blizzard","Compile Driver","DataDisk","Cables","White Noise"],"campfire_rested":1,"item_purchase_floors":[12,12,14,36,53,53],"current_hp_per_floor":[75,75,75,75,68,61,52,52,52,52,48,48,48,48,48,24,75,75,75,75,75,75,72,72,70,70,70,56,56,65,56,56,56,75,65,65,65,67,70,70,72,50,50,37,29,29,29,29,54,21,85,85,85,49,0],"gold":54,"neow_bonus":"REMOVE_CARD","is_prod":false,"is_daily":false,"chose_seed":false,"campfire_upgraded":7,"win_rate":0,"timestamp":1559394145,"path_taken":["M","M","?","?","M","E","M","E","T","R","M","$","R","?","R","BOSS","M","$","M","?","M","E","R","M","T","R","M","?","M","E","R","BOSS","M","$","?","?","M","R","M","E","T","M","E","$","?","?","R","BOSS","R","$","E","BOSS"],"build_version":"2019-01-23","purchased_purges":4,"victory":false,"max_hp_per_floor":[75,75,75,75,75,75,75,75,75,75,75,75,75,75,75,75,75,75,75,75,75,75,75,75,75,75,75,75,75,75,75,75,75,75,75,75,75,75,75,75,75,75,75,75,85,85,85,85,85,85,85,85,85,85,85],"card_choices":[{"not_picked":["Rebound","Lockon"],"picked":"Coolheaded","floor":1},{"not_picked":["Hologram","Leap"],"picked":"Go for the Eyes","floor":2},{"not_picked":["Turbo","Tempest"],"picked":"Cold Snap","floor":4},{"not_picked":["Rebound","Static Discharge"],"picked":"Gash","floor":5},{"not_picked":["Double Energy","Steam Power"],"picked":"BootSequence","floor":6},{"not_picked":["Lockon","Streamline"],"picked":"Doom and Gloom","floor":7},{"not_picked":["Beam Cell","Gash"],"picked":"Defragment","floor":8},{"not_picked":["White Noise","Compile Driver"],"picked":"Loop","floor":11},{"not_picked":["Amplify","Machine Learning"],"picked":"Echo Form","floor":16},{"not_picked":[],"picked":"Capacitor","floor":18},{"not_picked":["Double Energy"],"picked":"SKIP","floor":20},{"not_picked":[],"picked":"Stack","floor":22},{"not_picked":[],"picked":"Sunder","floor":23},{"not_picked":["Leap"],"picked":"SKIP","floor":25},{"not_picked":["Cold Snap"],"picked":"SKIP","floor":28},{"not_picked":["Streamline"],"picked":"SKIP","floor":30},{"not_picked":["Cold Snap+1"],"picked":"SKIP","floor":31},{"not_picked":[],"picked":"Machine Learning","floor":33},{"not_picked":["Sweeping Beam+1"],"picked":"SKIP","floor":35},{"not_picked":["Doom and Gloom"],"picked":"SKIP","floor":38},{"not_picked":[],"picked":"Stack","floor":39},{"not_picked":["Hologram"],"picked":"SKIP","floor":41},{"not_picked":["Sweeping Beam+1"],"picked":"SKIP","floor":42},{"not_picked":["Undo"],"picked":"SKIP","floor":44},{"not_picked":[],"picked":"Storm+1","floor":45},{"not_picked":[],"picked":"Go for the Eyes+1","floor":54}],"player_experience":575752,"relics_obtained":[{"floor":6,"key":"Oddly Smooth Stone"},{"floor":8,"key":"Kunai"},{"floor":9,"key":"War Paint"},{"floor":23,"key":"Ornamental Fan"},{"floor":26,"key":"Gambling Chip"},{"floor":31,"key":"Blood Vial"},{"floor":42,"key":"Darkstone Periapt"},{"floor":45,"key":"Pear"},{"floor":54,"key":"Pantograph"}],"event_choices":[{"damage_healed":0,"gold_gain":0,"player_choice":"Got Potions","damage_taken":0,"max_hp_gain":0,"max_hp_loss":0,"event_name":"Lab","floor":3,"gold_loss":0},{"damage_healed":0,"gold_gain":0,"player_choice":"Opened","damage_taken":0,"relics_obtained":["Centennial Puzzle"],"max_hp_gain":0,"max_hp_loss":0,"event_name":"The Mausoleum","floor":21,"gold_loss":0},{"damage_healed":0,"gold_gain":0,"player_choice":"Read","damage_taken":0,"max_hp_gain":0,"max_hp_loss":0,"event_name":"The Library","floor":29,"gold_loss":0,"cards_obtained":["Gash"]},{"damage_healed":0,"gold_gain":0,"player_choice":"Upgraded","damage_taken":0,"max_hp_gain":0,"max_hp_loss":0,"event_name":"Upgrade Shrine","floor":37,"gold_loss":0,"cards_upgraded":["Loop"]},{"damage_healed":0,"gold_gain":300,"player_choice":"Gold","damage_taken":0,"max_hp_gain":0,"max_hp_loss":0,"event_name":"Wheel of Change","floor":47,"gold_loss":0}],"is_beta":false,"boss_relics":[{"not_picked":["Astrolabe","White Beast Statue"],"picked":"Busted Crown"},{"not_picked":["Eternal Feather","Coffee Dripper"],"picked":"Runic Pyramid"}],"items_purged_floors":[12,19,46,48],"is_endless":false,"potions_floor_spawned":[4,6,11,16,18,20,28,33,35,38,41,42,45,54],"killed_by":"The Heart","ascension_level":0}