{"gold_per_floor":[116,0,18,36,53,53,83,158,158,158,185,185,204,76,76,150,150,163,183,35,35,50,80,80,93,93,118,118,145,158,43,43,114,114,133,148,148,166,166,166,566,566,591,611,83,83,116,131,131,131],"floor_reached":51,"playtime":8333,"items_purged":["Strike_G"],"score":1535,"play_id":"e20b6e8c-78df-42ff-976a-843363db8da9","local_time":"20190628170515","is_ascension_mode":true,"campfire_choices":[{"data":"Neutralize","floor":6.0,"key":"SMITH"},{"data":"Quick Slash","floor":10.0,"key":"SMITH"},{"floor":12.0,"key":"REST"},{"data":"Noxious Fumes","floor":15.0,"key":"SMITH"},{"data":"PiercingWail","floor":24.0,"key":"SMITH"},{"data":"Noxious Fumes","floor":28.0,"key":"SMITH"},{"data":"Footwork","floor":32.0,"key":"SMITH"},{"data":"Burst","floor":40,"key":"SMITH"},{"data":"Well Laid Plans","floor":42,"key":"SMITH"},{"data":"Adrenaline","floor":46,"key":"SMITH"},{"data":"Adrenaline","floor":49,"key":"SMITH"}],"neow_cost":"NONE","seed_source_timestamp":0,"circlet_count":0,"master_deck":["AscendersBane","Defend_G","Defend_G","Defend_G","Defend_G","Defend_G+1","Strike_G+1","Survivor","Neutralize+1","Blur","Quick Slash+1","Venomology","Backflip+1","Noxious Fumes+1","Backflip","Adrenaline+1","Well Laid Plans+1","Adrenaline+1","Well Laid Plans","Calculated Gamble","PiercingWail+1","Noxious Fumes+1","Night Terror","Leg Sweep+1","Footwork+1","Footwork","Burst+1","Prepared+1","Corpse Explosion+1","Crippling Poison+1","Backflip","Madness","Madness","Adrenaline","Corpse Explosion","Escape Plan"],"special_seed":0,"relics":["Ring of the Snake","Whetstone","Potion Belt","Torii","Pear","Odd Mushroom","Coffee Dripper","Ginger","Anchor","War Paint","The Courier","Astrolabe","Old Coin","Oddly Smooth Stone","Snake Skull","Bag of Marbles","Happy Flower","Girya"],"potions_floor_usage":[38,41,44,50,50,50,50],"damage_taken":[{"damage":2.0,"enemies":"Small Slimes","floor":1.0,"turns":5.0},{"damage":1.0,"enemies":"Cultist","floor":3.0,"turns":3.0},{"damage":2.0,"enemies":"Jaw Worm","floor":4.0,"turns":5.0},{"damage":0.0,"enemies":"Blue Slaver","floor":5.0,"turns":7.0},{"damage":33.0,"enemies":"Lagavulin","floor":7.0,"turns":11.0},{"damage":19.0,"enemies":"The Mushroom Lair","floor":11.0,"turns":6.0},{"damage":0.0,"enemies":"Looter","floor":13.0,"turns":4.0},{"damage":0.0,"enemies":"The Guardian","floor":16.0,"turns":12.0},{"damage":1.0,"enemies":"Chosen","floor":18.0,"turns":5.0},{"damage":13.0,"enemies":"2 Thieves","floor":19.0,"turns":4.0},{"damage":6.0,"enemies":"Shelled Parasite and Fungi","floor":22.0,"turns":7.0},{"damage":0.0,"enemies":"Gremlin Leader","floor":23.0,"turns":8.0},{"damage":0.0,"enemies":"Chosen and Byrds","floor":25.0,"turns":5.0},{"damage":7.0,"enemies":"Slavers","floor":27.0,"turns":7.0},{"damage":0.0,"enemies":"Gremlin Leader","floor":29.0,"turns":7.0},{"damage":0.0,"enemies":"Centurion and Healer","floor":30.0,"turns":6.0},{"damage":2.0,"enemies":"Collector","floor":33.0,"turns":11.0},{"damage":0,"enemies":"3 Darklings","floor":35,"turns":4},{"damage":0,"enemies":"Orb Walker","floor":36,"turns":5},{"damage":0,"enemies":"Jaw Worm Horde","floor":38,"turns":4},{"damage":0,"enemies":"Mind Bloom Boss Battle","floor":41,"turns":7},{"damage":1,"enemies":"Sphere and 2 Shapes","floor":44,"turns":6},{"damage":0,"enemies":"Giant Head","floor":47,"turns":8},{"damage":0,"enemies":"3 Darklings","floor":48,"turns":2},{"damage":0,"enemies":"Donu and Deca","floor":50,"turns":6}],"seed_played":"-6883910335296966266","potions_obtained":[{"floor":4.0,"key":"Fire Potion"},{"floor":5.0,"key":"Regen Potion"},{"floor":11.0,"key":"GhostInAJar"},{"floor":13.0,"key":"GamblersBrew"},{"floor":19.0,"key":"Weak Potion"},{"floor":22.0,"key":"EssenceOfSteel"},{"floor":23.0,"key":"Poison Potion"},{"floor":27.0,"key":"Block Potion"},{"floor":44,"key":"PowerPotion"}],"is_trial":false,"path_per_floor":["M","?","M","M","M","R","E","?","T","R","?","R","M","$","R","B",null,"M","M","$","?","M","E","R","M","T","E","R","E","M","$","R","B",null,"M","M","?","M","?","R","?","R","T","M","$","R","E","M","R","B",null],"character_chosen":"THE_SILENT","items_purchased":["Backflip","Adrenaline","Well Laid Plans","Footwork","Footwork","Snake Skull","Adrenaline","Corpse Explosion","Bag of Marbles","Happy Flower"],"campfire_rested":1,"item_purchase_floors":[14,20,20,31,31,45,45,45,45,45],"current_hp_per_floor":[61,61,60,58,58,58,40,29,39,39,20,44,44,44,44,44,71,70,71,71,56,50,50,50,50,50,43,43,43,43,43,43,41,74,74,74,74,74,63,63,75,75,75,74,74,74,74,74,74,74],"gold":131,"neow_bonus":"RANDOM_COMMON_RELIC","is_prod":false,"is_daily":false,"chose_seed":false,"campfire_upgraded":10,"win_rate":0,"timestamp":1561755915,"path_taken":["M","?","M","?","M","R","E","?","T","R","?","R","M","$","R","BOSS","M","M","$","?","M","E","R","M","T","E","R","E","M","$","R","BOSS","M","M","?","M","?","R","?","R","T","M","$","R","E","M","R","BOSS"],"build_version":"2019-01-23","purchased_purges":1,"victory":true,"max_hp_per_floor":[70,70,70,70,70,70,70,70,80,80,80,80,80,80,80,80,80,80,80,80,85,85,85,85,85,85,85,85,85,85,85,85,85,85,85,85,85,85,85,85,85,85,85,85,85,85,85,85,85,85],"card_choices":[{"not_picked":["Deadly Poison","Finisher"],"picked":"Blur","floor":1.0},{"not_picked":["Finisher","Deadly Poison"],"picked":"Quick Slash","floor":3.0},{"not_picked":["PiercingWail","Sucker Punch","Predator"],"picked":"SKIP","floor":4.0},{"not_picked":["Accuracy","Cloak And Dagger"],"picked":"Infinite Blades","floor":5.0},{"not_picked":["Prepared","Distraction"],"picked":"Venomology","floor":7.0},{"not_picked":["Infinite Blades","PiercingWail"],"picked":"Backflip","floor":11.0},{"not_picked":["PiercingWail","Catalyst"],"picked":"Noxious Fumes","floor":13.0},{"not_picked":["Doppelganger","Night Terror"],"picked":"Adrenaline","floor":16.0},{"not_picked":["Underhanded Strike","Bane"],"picked":"Well Laid Plans","floor":18.0},{"not_picked":["Dagger Spray","Infinite Blades","Sucker Punch"],"picked":"SKIP","floor":19.0},{"not_picked":["Slice","Quick Slash"],"picked":"Calculated Gamble","floor":22.0},{"not_picked":["Storm of Steel","Deadly Poison"],"picked":"PiercingWail","floor":23.0},{"not_picked":["Prepared","Eviscerate","Underhanded Strike"],"picked":"SKIP","floor":25.0},{"not_picked":["Backstab","Slice"],"picked":"Noxious Fumes","floor":27.0},{"not_picked":["Outmaneuver","Sucker Punch"],"picked":"Night Terror","floor":29.0},{"not_picked":["Dash+1","Dodge and Roll"],"picked":"Leg Sweep+1","floor":30.0},{"not_picked":["Night Terror","Tools of the Trade"],"picked":"Burst","floor":33.0},{"not_picked":["Crippling Poison","Prepared","Dagger Throw"],"picked":"SKIP","floor":35},{"not_picked":["Quick Slash","Deflect","Leg Sweep+1"],"picked":"SKIP","floor":36},{"not_picked":["Tools of the Trade","Blade Dance"],"picked":"Backflip","floor":38},{"not_picked":["PiercingWail","Dagger Throw","Poisoned Stab+1"],"picked":"SKIP","floor":44},{"not_picked":["Outmaneuver+1","Wraith Form v2","Expertise+1"],"picked":"SKIP","floor":47},{"not_picked":["Reflex","Endless Agony"],"picked":"Escape Plan","floor":48}],"player_experience":138636,"relics_obtained":[{"floor":7.0,"key":"Torii"},{"floor":9.0,"key":"Pear"},{"floor":11.0,"key":"Odd Mushroom"},{"floor":23.0,"key":"Ginger"},{"floor":26.0,"key":"Anchor"},{"floor":27.0,"key":"War Paint"},{"floor":29.0,"key":"The Courier"},{"floor":41,"key":"Old Coin"},{"floor":43,"key":"Oddly Smooth Stone"},{"floor":47,"key":"Girya"}],"event_choices":[{"damage_healed":0.0,"max_hp_gain":0.0,"max_hp_loss":0.0,"gold_gain":0.0,"event_name":"WeMeetAgain","player_choice":"Paid Gold","floor":2.0,"gold_loss":116.0,"damage_taken":0.0,"relics_obtained":["Potion Belt"]},{"damage_healed":0.0,"max_hp_gain":0.0,"max_hp_loss":0.0,"gold_gain":75.0,"event_name":"World of Goop","player_choice":"Gather Gold","floor":8.0,"gold_loss":0.0,"damage_taken":11.0},{"damage_healed":0.0,"max_hp_gain":0.0,"max_hp_loss":0.0,"gold_gain":0.0,"event_name":"Mushrooms","player_choice":"Fought Mushrooms","floor":11.0,"gold_loss":0.0,"damage_taken":0.0},{"damage_healed":0.0,"max_hp_gain":5.0,"max_hp_loss":0.0,"gold_gain":0.0,"event_name":"Forgotten Altar","player_choice":"Shed Blood","floor":21.0,"gold_loss":0.0,"damage_taken":20.0},{"cards_removed":["Strike_G"],"damage_healed":0,"gold_gain":0,"player_choice":"Removed Attack","damage_taken":0,"max_hp_gain":0,"max_hp_loss":0,"event_name":"Falling","floor":37,"gold_loss":0},{"damage_healed":0,"gold_gain":0,"player_choice":"Embrace Madness","damage_taken":11,"max_hp_gain":0,"max_hp_loss":0,"event_name":"Winding Halls","floor":39,"gold_loss":0,"cards_obtained":["Madness","Madness"]},{"damage_healed":0,"gold_gain":0,"player_choice":"Fight","damage_taken":0,"max_hp_gain":0,"max_hp_loss":0,"event_name":"MindBloom","floor":41,"gold_loss":0}],"is_beta":false,"boss_relics":[{"not_picked":["Velvet Choker","Tiny House"],"picked":"Coffee Dripper"},{"not_picked":["Empty Cage","Calling Bell"],"picked":"Astrolabe"}],"items_purged_floors":[14],"is_endless":false,"potions_floor_spawned":[4,5,11,13,18,19,22,23,27,30,35,41,44],"ascension_level":13}