{"gold_per_floor":[114,125,139,15,28,60,60,60,60,135,149,169,20,53,53,150,150,162,62,80,80,95,95],"floor_reached":23,"playtime":2342,"items_purged":["Strike_B","Strike_B"],"score":203,"play_id":"d01bfedf-35d4-416b-9891-e4312c966333","local_time":"20190606004043","is_ascension_mode":false,"campfire_choices":[{"data":"Zap","floor":8,"key":"SMITH"},{"floor":15,"key":"REST"}],"neow_cost":"NONE","seed_source_timestamp":21338822207314,"circlet_count":0,"master_deck":["Strike_B","Defend_B","Defend_B","Defend_B","Zap+1","Dualcast","Amplify","Coolheaded","Storm","Coolheaded","Genetic Algorithm","Glacier","Loop","Ball Lightning","Blizzard","BootSequence","Chaos","Creative AI","Self Repair","Capacitor+1","Lockon+1"],"relics":["FrozenCore","Art of War","Gremlin Horn"],"potions_floor_usage":[6,11,16,18,18],"damage_taken":[{"damage":4,"enemies":"2 Louse","floor":1,"turns":2},{"damage":0,"enemies":"Jaw Worm","floor":2,"turns":4},{"damage":5,"enemies":"Small Slimes","floor":3,"turns":3},{"damage":3,"enemies":"3 Louse","floor":5,"turns":6},{"damage":21,"enemies":"Lagavulin","floor":6,"turns":10},{"damage":0,"enemies":"Exordium Thugs","floor":11,"turns":5},{"damage":0,"enemies":"Looter","floor":12,"turns":4},{"damage":7,"enemies":"3 Sentries","floor":14,"turns":8},{"damage":4,"enemies":"The Guardian","floor":16,"turns":13},{"damage":32,"enemies":"3 Byrds","floor":18,"turns":6},{"damage":10,"enemies":"Chosen","floor":20,"turns":6},{"damage":6,"enemies":"Snake Plant","floor":22,"turns":6},{"damage":70,"enemies":"Gremlin Leader","floor":23,"turns":9}],"seed_played":"-6725428404693893781","potions_obtained":[{"floor":2,"key":"Regen Potion"},{"floor":5,"key":"Strength Potion"},{"floor":12,"key":"Energy Potion"},{"floor":14,"key":"FairyPotion"},{"floor":16,"key":"Weak Potion"}],"is_trial":false,"path_per_floor":["M","M","M","$","M","E","?","R","T","?","M","M","$","E","R","B",null,"M","$","M","?","M","E"],"character_chosen":"DEFECT","items_purchased":["Poison Potion","Blizzard","BootSequence"],"campfire_rested":1,"item_purchase_floors":[4,13,13],"current_hp_per_floor":[71,71,66,66,63,42,35,35,35,24,38,38,38,31,53,49,75,43,43,40,40,41,0],"gold":95,"neow_bonus":"TRANSFORM_CARD","is_prod":false,"is_daily":false,"chose_seed":false,"campfire_upgraded":1,"win_rate":0,"timestamp":1559778043,"path_taken":["M","M","M","$","M","E","?","R","T","?","M","M","$","E","R","BOSS","M","$","M","?","M","E"],"build_version":"2019-01-23","purchased_purges":2,"victory":false,"max_hp_per_floor":[75,75,75,75,75,75,75,75,75,75,75,75,75,75,75,75,75,75,75,75,75,75,75],"card_choices":[{"not_picked":["Turbo","Cold Snap"],"picked":"Coolheaded","floor":1},{"not_picked":["Aggregate","Gash"],"picked":"Storm","floor":2},{"not_picked":["Compile Driver","Tempest"],"picked":"Coolheaded","floor":3},{"not_picked":["Streamline","Leap"],"picked":"Genetic Algorithm","floor":5},{"not_picked":["Meteor Strike","Streamline"],"picked":"Glacier","floor":6},{"not_picked":["Beam Cell","Stack"],"picked":"Loop","floor":11},{"not_picked":["Glacier","Static Discharge"],"picked":"Ball Lightning","floor":12},{"not_picked":["Conserve Battery","Hyperbeam"],"picked":"Chaos","floor":14},{"not_picked":["Thunder Strike","Machine Learning"],"picked":"Creative AI","floor":16},{"not_picked":["Cold Snap","Compile Driver+1"],"picked":"Self Repair","floor":18},{"not_picked":["Cold Snap+1","Turbo"],"picked":"Capacitor+1","floor":20},{"not_picked":["FTL","Skim+1"],"picked":"Lockon+1","floor":22}],"player_experience":632316,"relics_obtained":[{"floor":6,"key":"Art of War"},{"floor":14,"key":"Gremlin Horn"}],"event_choices":[{"cards_removed":["Defend_B"],"damage_healed":0,"gold_gain":0,"player_choice":"Card Removal","damage_taken":7,"max_hp_gain":0,"max_hp_loss":0,"event_name":"Golden Wing","floor":7,"gold_loss":0},{"damage_healed":0,"gold_gain":75,"player_choice":"Gather Gold","damage_taken":11,"max_hp_gain":0,"max_hp_loss":0,"event_name":"World of Goop","floor":10,"gold_loss":0},{"damage_healed":0,"gold_gain":0,"player_choice":"Ignored","damage_taken":0,"max_hp_gain":0,"max_hp_loss":0,"event_name":"Ghosts","floor":21,"gold_loss":0}],"is_beta":false,"boss_relics":[{"not_picked":["Sozu","White Beast Statue"],"picked":"FrozenCore"}],"items_purged_floors":[4,19],"is_endless":false,"potions_floor_spawned":[2,5,12,14,16],"killed_by":"Gremlin Leader","ascension_level":0}