{"gold_per_floor":[364,364,364,124,136,169,169,169,243,277,452,452,481,494,494,599,599,619,634,293,328,156,186,204,204,204,204,220,238,238,238,238,336,336,348,362,362,21,40,40,50,50,73,108,125,152,252,283,283,283],"floor_reached":51,"playtime":5842,"items_purged":["Decay","Strike_B","Strike_B","Strike_B"],"score":896,"play_id":"9f392cfe-da5c-4519-93c1-75389cdf983d","local_time":"20190527184933","is_ascension_mode":false,"campfire_choices":[{"data":"Coolheaded","floor":8,"key":"SMITH"},{"floor":12,"key":"REST"},{"data":"Zap","floor":15,"key":"SMITH"},{"floor":25,"key":"RECALL"},{"data":"Coolheaded","floor":30,"key":"SMITH"},{"data":"Finesse","floor":32,"key":"SMITH"},{"data":"Creative AI","floor":40,"key":"SMITH"},{"data":"Darkness","floor":42,"key":"SMITH"},{"data":"Loop","floor":49,"key":"SMITH"}],"neow_cost":"CURSE","seed_source_timestamp":89651916539,"circlet_count":0,"master_deck":["Defend_B","Defend_B","Defend_B+1","Defend_B","Zap+1","Dualcast+1","Cold Snap","Coolheaded+1","Coolheaded+1","Blizzard+1","Core Surge+1","Cold Snap+1","Leap","Creative AI+1","Cold Snap+1","Loop+1","Finesse+1","Conserve Battery","Rebound+1","Coolheaded","Conserve Battery+1","Darkness+1","Capacitor","Darkness+1","Coolheaded+1","Chill+1","Hologram+1"],"relics":["FrozenCore","Molten Egg 2","Bronze Scales","Tiny Chest","Bag of Preparation","WingedGreaves","Incense Burner","DataDisk","Red Mask","Cables","Nunchaku","Nuclear Battery","Runic Capacitor","Smiling Mask","Girya","Boot","Mango","Dead Branch"],"potions_floor_usage":[6,10,44,50],"damage_taken":[{"damage":1,"enemies":"Cultist","floor":1,"turns":3},{"damage":1,"enemies":"Jaw Worm","floor":5,"turns":3},{"damage":12,"enemies":"Lagavulin","floor":6,"turns":8},{"damage":23,"enemies":"Gremlin Nob","floor":10,"turns":4},{"damage":11,"enemies":"Lagavulin","floor":13,"turns":6},{"damage":0,"enemies":"2 Louse","floor":14,"turns":2},{"damage":0,"enemies":"The Guardian","floor":16,"turns":11},{"damage":0,"enemies":"3 Byrds","floor":18,"turns":3},{"damage":7,"enemies":"Chosen","floor":19,"turns":5},{"damage":11,"enemies":"Masked Bandits","floor":21,"turns":5},{"damage":0,"enemies":"Book of Stabbing","floor":23,"turns":7},{"damage":0,"enemies":"Snake Plant","floor":24,"turns":4},{"damage":0,"enemies":"3 Cultists","floor":28,"turns":6},{"damage":0,"enemies":"Chosen and Byrds","floor":29,"turns":6},{"damage":39,"enemies":"Champ","floor":33,"turns":13},{"damage":0,"enemies":"Orb Walker","floor":35,"turns":4},{"damage":0,"enemies":"3 Shapes","floor":36,"turns":6},{"damage":1,"enemies":"Maw","floor":39,"turns":8},{"damage":0,"enemies":"Spire Growth","floor":41,"turns":7},{"damage":5,"enemies":"Nemesis","floor":44,"turns":11},{"damage":10,"enemies":"Jaw Worm Horde","floor":45,"turns":5},{"damage":3,"enemies":"Giant Head","floor":46,"turns":10},{"damage":0,"enemies":"Mind Bloom Boss Battle","floor":47,"turns":6},{"damage":0,"enemies":"Nemesis","floor":48,"turns":11},{"damage":10,"enemies":"Awakened One","floor":50,"turns":12}],"seed_played":"-9095578382990689500","potions_obtained":[{"floor":1,"key":"Weak Potion"},{"floor":5,"key":"Energy Potion"},{"floor":10,"key":"LiquidBronze"},{"floor":13,"key":"SneckoOil"},{"floor":16,"key":"SmokeBomb"},{"floor":21,"key":"GamblersBrew"},{"floor":29,"key":"Explosive Potion"},{"floor":44,"key":"Fruit Juice"},{"floor":46,"key":"Weak Potion"}],"is_trial":false,"path_per_floor":["M","?","?","$","M","E","?","R","T","E","?","R","E","M","R","B",null,"M","M","$","?","$","E","M","R","T","?","M","M","R","?","R","B",null,"M","M","?","$","M","R","M","R","T","E","M","E","?","E","R","B",null],"character_chosen":"DEFECT","items_purchased":["Tiny Chest","Coolheaded","DataDisk","Finesse","Rebound+1","Runic Capacitor"],"campfire_rested":1,"item_purchase_floors":[4,4,20,20,22,38],"current_hp_per_floor":[74,67,67,67,66,54,39,39,39,16,16,38,27,27,27,27,75,75,68,68,57,57,57,57,57,57,57,57,57,57,57,57,18,75,75,75,72,72,71,71,71,71,71,71,61,58,72,72,72,62],"gold":283,"neow_bonus":"TWO_FIFTY_GOLD","is_prod":false,"is_daily":false,"chose_seed":false,"campfire_upgraded":7,"win_rate":0,"timestamp":1558979373,"path_taken":["M","?","?","$","?","E","?","R","T","E","?","R","E","M","R","BOSS","M","M","$","?","$","E","M","R","T","?","?","?","R","?","R","BOSS","M","M","?","$","?","R","M","R","T","E","M","E","?","E","R","BOSS"],"build_version":"2019-01-23","purchased_purges":4,"victory":true,"max_hp_per_floor":[75,75,75,75,75,75,75,75,75,75,75,75,75,75,75,75,75,75,75,75,75,75,75,75,75,75,75,75,75,75,75,75,75,75,75,75,72,72,72,72,72,72,72,77,77,77,91,91,91,91],"card_choices":[{"not_picked":["Steam","Leap"],"picked":"Cold Snap","floor":1},{"not_picked":["Rebound+1","Redo"],"picked":"Coolheaded","floor":5},{"not_picked":["Beam Cell+1","Compile Driver+1"],"picked":"Blizzard+1","floor":6},{"not_picked":["Sweeping Beam+1","Hologram"],"picked":"Core Surge+1","floor":10},{"not_picked":["Rebound+1","Skim"],"picked":"Cold Snap+1","floor":13},{"not_picked":["Stack","Compile Driver+1"],"picked":"Leap","floor":14},{"not_picked":["Multi-Cast","Fission"],"picked":"Creative AI","floor":16},{"not_picked":["Leap","Compile Driver+1"],"picked":"Cold Snap+1","floor":18},{"not_picked":["Ball Lightning+1","Turbo"],"picked":"Loop","floor":19},{"not_picked":["Gash+1","Fission"],"picked":"Conserve Battery","floor":21},{"not_picked":["Redo+1","Skim"],"picked":"Coolheaded","floor":23},{"not_picked":["Cold Snap+1","Redo","Coolheaded"],"picked":"SKIP","floor":24},{"not_picked":["Beam Cell+1","Leap"],"picked":"Conserve Battery+1","floor":28},{"not_picked":["Double Energy","Compile Driver+1"],"picked":"Darkness","floor":29},{"not_picked":["Coolheaded","Rebound+1","Stack"],"picked":"SKIP","floor":35},{"not_picked":["Auto Shields+1","Conserve Battery"],"picked":"Darkness+1","floor":36},{"not_picked":["Gash+1","Scrape+1"],"picked":"Coolheaded+1","floor":39},{"not_picked":["Undo","Buffer","Genetic Algorithm+1"],"picked":"SKIP","floor":41},{"not_picked":["Cold Snap+1","Go for the Eyes+1"],"picked":"Chill+1","floor":44},{"not_picked":["Steam Power+1","Go for the Eyes+1","Redo"],"picked":"SKIP","floor":45},{"not_picked":["Static Discharge","Compile Driver+1","Auto Shields+1"],"picked":"SKIP","floor":46},{"not_picked":["Steam Power+1","Self Repair+1"],"picked":"Hologram+1","floor":47},{"not_picked":["Steam","Machine Learning","Sunder+1"],"picked":"SKIP","floor":48}],"player_experience":481318,"relics_obtained":[{"floor":3,"key":"Bronze Scales"},{"floor":6,"key":"Bag of Preparation"},{"floor":10,"key":"WingedGreaves"},{"floor":13,"key":"Incense Burner"},{"floor":21,"key":"Red Mask"},{"floor":23,"key":"Cables"},{"floor":26,"key":"Nunchaku"},{"floor":43,"key":"Smiling Mask"},{"floor":44,"key":"Girya"},{"floor":46,"key":"Boot"},{"floor":47,"key":"Mango"},{"floor":48,"key":"Dead Branch"}],"event_choices":[{"damage_healed":0,"gold_gain":0,"player_choice":"Success","damage_taken":7,"relics_obtained":["Molten Egg 2"],"max_hp_gain":0,"max_hp_loss":0,"event_name":"Scrap Ooze","floor":2,"gold_loss":0},{"damage_healed":0,"gold_gain":0,"player_choice":"Relic","damage_taken":0,"max_hp_gain":0,"max_hp_loss":0,"event_name":"Wheel of Change","floor":3,"gold_loss":0},{"damage_healed":0,"gold_gain":0,"player_choice":"Entered Light","damage_taken":15,"max_hp_gain":0,"max_hp_loss":0,"event_name":"Shining Light","floor":7,"gold_loss":0,"cards_upgraded":["Dualcast","Defend_B"]},{"damage_healed":0,"gold_gain":175,"player_choice":"AGREE","damage_taken":0,"max_hp_gain":0,"max_hp_loss":0,"event_name":"Liars Game","floor":11,"gold_loss":0,"cards_obtained":["Doubt"]},{"damage_healed":0,"gold_gain":0,"player_choice":"Fought Bandits","damage_taken":0,"max_hp_gain":0,"max_hp_loss":0,"event_name":"Masked Bandits","floor":21,"gold_loss":0},{"damage_healed":0,"gold_gain":0,"player_choice":"Ignored","damage_taken":0,"max_hp_gain":0,"max_hp_loss":0,"event_name":"NoteForYourself","floor":27,"gold_loss":0},{"damage_healed":0,"gold_gain":0,"cards_transformed":["Doubt","Strike_B"],"player_choice":"Became Test Subject","damage_taken":0,"max_hp_gain":0,"max_hp_loss":0,"event_name":"Drug Dealer","floor":31,"gold_loss":0,"cards_obtained":["Parasite","Capacitor"]},{"cards_removed":["Parasite"],"damage_healed":0,"gold_gain":0,"player_choice":"Card Removal","damage_taken":0,"max_hp_gain":0,"max_hp_loss":0,"event_name":"Wheel of Change","floor":37,"gold_loss":0},{"damage_healed":0,"gold_gain":0,"player_choice":"Fight","damage_taken":0,"max_hp_gain":0,"max_hp_loss":0,"event_name":"MindBloom","floor":47,"gold_loss":0}],"is_beta":false,"boss_relics":[{"not_picked":["Pandora\u0027s Box","Busted Crown"],"picked":"FrozenCore"},{"not_picked":["White Beast Statue","Cursed Key"],"picked":"Nuclear Battery"}],"items_purged_floors":[4,20,22,38],"is_endless":false,"potions_floor_spawned":[1,5,10,13,16,21,29,33,41,44,46,47],"ascension_level":0}