{"gold_per_floor":[114,134,150,161,39,39,59,76,100,135,135,135,135,147,147,245,245,185,185,110,110,110,110,110,110,110,110,110,110,110,110,110,110,110,110,110,110,110,110,110,110,110,110,110,2,2,0,0,0,0],"floor_reached":51,"playtime":6708,"items_purged":["Strike_G","Strike_G"],"score":1520,"play_id":"9bb469d8-dc55-4b3f-96b0-22bc94ae21e6","local_time":"20190627221034","is_ascension_mode":true,"campfire_choices":[{"data":"Neutralize","floor":6,"key":"SMITH"},{"data":"Noxious Fumes","floor":11,"key":"SMITH"},{"floor":13,"key":"REST"},{"data":"Well Laid Plans","floor":15,"key":"SMITH"},{"data":"Catalyst","floor":24,"key":"SMITH"},{"data":"PiercingWail","floor":27,"key":"SMITH"},{"data":"Backflip","floor":30,"key":"SMITH"},{"data":"After Image","floor":32,"key":"SMITH"},{"data":"Burst","floor":41,"key":"SMITH"},{"floor":49,"key":"REST"}],"neow_cost":"NONE","seed_source_timestamp":204105221156100,"circlet_count":0,"master_deck":["AscendersBane","Defend_G+1","Defend_G+1","Defend_G+1","Defend_G+1","Defend_G+1","Strike_G+1","Strike_G+1","Strike_G+1","Survivor+1","Neutralize+1","Venomology+1","Skewer+1","Well Laid Plans+1","Flash of Steel+1","Noxious Fumes+1","Dodge and Roll+1","Escape Plan+1","After Image+1","Catalyst+1","PiercingWail+1","Dodge and Roll+1","Backflip+1","Dodge and Roll+1","Acrobatics+1","Noxious Fumes+1","Burst+1","Noxious Fumes+1","Footwork+1","Bouncing Flask+1","Madness+1","Madness+1","Escape Plan+1","Catalyst+1"],"relics":["Ring of the Serpent","Bag of Preparation","Bronze Scales","Mummified Hand","Ectoplasm","Smiling Mask","The Courier","Anchor","Regal Pillow","Strawberry","Shuriken","Red Mask","Mark of the Bloom"],"potions_floor_usage":[7,8,10,13,16,16,16,19,21,21,22,22,25,28,28,31,33,33,33,36,37,40,42,44,46,46,46,46,46,50,50,50],"damage_taken":[{"damage":1,"enemies":"Cultist","floor":1,"turns":4},{"damage":0,"enemies":"Small Slimes","floor":2,"turns":4},{"damage":23,"enemies":"Jaw Worm","floor":3,"turns":8},{"damage":11,"enemies":"Lots of Slimes","floor":4,"turns":8},{"damage":4,"enemies":"Blue Slaver","floor":7,"turns":4},{"damage":1,"enemies":"Large Slime","floor":8,"turns":8},{"damage":23,"enemies":"Lagavulin","floor":10,"turns":8},{"damage":7,"enemies":"3 Louse","floor":14,"turns":5},{"damage":0,"enemies":"Slime Boss","floor":16,"turns":11},{"damage":6,"enemies":"2 Thieves","floor":18,"turns":4},{"damage":0,"enemies":"Chosen","floor":19,"turns":6},{"damage":13,"enemies":"Centurion and Healer","floor":21,"turns":7},{"damage":1,"enemies":"3 Cultists","floor":22,"turns":6},{"damage":1,"enemies":"Book of Stabbing","floor":23,"turns":8},{"damage":0,"enemies":"Snake Plant","floor":25,"turns":5},{"damage":0,"enemies":"Shelled Parasite and Fungi","floor":28,"turns":5},{"damage":0,"enemies":"Centurion and Healer","floor":29,"turns":7},{"damage":0,"enemies":"Sentry and Sphere","floor":31,"turns":7},{"damage":0,"enemies":"Champ","floor":33,"turns":11},{"damage":0,"enemies":"Orb Walker","floor":35,"turns":5},{"damage":0,"enemies":"3 Shapes","floor":36,"turns":5},{"damage":4,"enemies":"3 Darklings","floor":37,"turns":6},{"damage":0,"enemies":"Nemesis","floor":40,"turns":5},{"damage":0,"enemies":"Giant Head","floor":42,"turns":7},{"damage":0,"enemies":"Writhing Mass","floor":44,"turns":5},{"damage":0,"enemies":"Reptomancer","floor":46,"turns":6},{"damage":0,"enemies":"Donu and Deca","floor":50,"turns":7}],"seed_played":"-510291578898791723","potions_obtained":[{"floor":2,"key":"Strength Potion"},{"floor":4,"key":"Ancient Potion"},{"floor":8,"key":"PowerPotion"},{"floor":10,"key":"Fruit Juice"},{"floor":14,"key":"EssenceOfSteel"},{"floor":18,"key":"Weak Potion"},{"floor":19,"key":"Fire Potion"},{"floor":23,"key":"GhostInAJar"},{"floor":29,"key":"Energy Potion"},{"floor":33,"key":"AttackPotion"},{"floor":35,"key":"EssenceOfSteel"},{"floor":36,"key":"LiquidBronze"},{"floor":46,"key":"Energy Potion"}],"is_trial":false,"path_per_floor":["M","M","M","M","$","R","M","M","T","E","R","?","R","M","R","B",null,"M","M","$","M","M","E","R","M","T","R","M","M","R","M","R","B",null,"M","M","M","?","?","E","R","E","T","M","$","E","?","?","R","B",null],"character_chosen":"THE_SILENT","items_purchased":["Well Laid Plans","Flash of Steel","Escape Plan"],"campfire_rested":2,"item_purchase_floors":[5,5,45],"current_hp_per_floor":[62,62,39,28,28,28,24,38,38,15,15,1,27,20,20,20,61,55,55,55,42,41,40,40,40,40,40,40,40,40,40,40,40,66,66,66,62,53,53,53,53,53,60,60,60,60,60,60,60,60],"gold":0,"neow_bonus":"RANDOM_COMMON_RELIC","is_prod":false,"is_daily":false,"chose_seed":false,"campfire_upgraded":8,"win_rate":0,"timestamp":1561687834,"path_taken":["M","M","M","M","?","R","M","?","T","E","R","?","R","M","R","BOSS","M","M","$","M","M","E","R","M","T","R","M","M","R","M","R","BOSS","M","M","M","?","?","E","R","E","T","?","$","E","?","?","R","BOSS"],"build_version":"2019-01-23","purchased_purges":2,"victory":true,"max_hp_per_floor":[70,70,70,70,70,70,70,70,70,70,70,70,75,75,75,75,75,75,75,75,75,75,75,75,75,75,75,75,75,75,75,75,75,75,75,75,75,75,75,75,75,75,82,82,82,82,82,82,82,82],"card_choices":[{"not_picked":["Deflect","Outmaneuver","Dagger Throw"],"picked":"SKIP","floor":1},{"not_picked":["Quick Slash","Infinite Blades","Poisoned Stab"],"picked":"SKIP","floor":2},{"not_picked":["Underhanded Strike","Dagger Throw"],"picked":"Venomology","floor":3},{"not_picked":["Dagger Throw","Prepared"],"picked":"Skewer","floor":4},{"not_picked":["Acrobatics","Flying Knee"],"picked":"Noxious Fumes","floor":7},{"not_picked":["Skewer","Sucker Punch"],"picked":"Dodge and Roll","floor":8},{"not_picked":["Infinite Blades","Poisoned Stab","Heel Hook"],"picked":"SKIP","floor":10},{"not_picked":["Slice","Noxious Fumes"],"picked":"Escape Plan","floor":14},{"not_picked":["Die Die Die","Envenom"],"picked":"After Image","floor":16},{"not_picked":["Dagger Throw","Poisoned Stab+1"],"picked":"Catalyst","floor":18},{"not_picked":["Dash+1","Quick Slash"],"picked":"PiercingWail","floor":19},{"not_picked":["Deflect","Quick Slash"],"picked":"Dodge and Roll+1","floor":21},{"not_picked":["Blade Dance+1","Skewer"],"picked":"Backflip","floor":22},{"not_picked":["Predator","Bullet Time","Reflex"],"picked":"SKIP","floor":23},{"not_picked":["Leg Sweep+1","Deflect+1"],"picked":"Dodge and Roll+1","floor":25},{"not_picked":["Backstab+1","Dodge and Roll","Calculated Gamble"],"picked":"SKIP","floor":28},{"not_picked":["Sucker Punch+1","Leg Sweep+1"],"picked":"Acrobatics+1","floor":29},{"not_picked":["Tools of the Trade","Escape Plan"],"picked":"Noxious Fumes+1","floor":31},{"not_picked":["Phantasmal Killer","Bullet Time"],"picked":"Burst","floor":33},{"not_picked":["Dagger Spray+1","Dodge and Roll"],"picked":"Noxious Fumes+1","floor":35},{"not_picked":["Bane","Finisher+1"],"picked":"Footwork","floor":36},{"not_picked":["Accuracy+1","Acrobatics+1"],"picked":"Bouncing Flask+1","floor":37},{"not_picked":["A Thousand Cuts","Cloak And Dagger","Dagger Spray+1"],"picked":"SKIP","floor":40},{"not_picked":["Bane","PiercingWail+1","Envenom"],"picked":"SKIP","floor":42},{"not_picked":["Bane","PiercingWail+1","Envenom"],"picked":"SKIP","floor":42},{"not_picked":["Bane","PiercingWail+1","Envenom"],"picked":"SKIP","floor":42},{"not_picked":["Acrobatics","Outmaneuver+1","Cloak And Dagger"],"picked":"SKIP","floor":44},{"not_picked":["Deflect","Unload"],"picked":"Catalyst+1","floor":46}],"player_experience":117040,"relics_obtained":[{"floor":9,"key":"Bronze Scales"},{"floor":10,"key":"Mummified Hand"},{"floor":23,"key":"Smiling Mask"},{"floor":26,"key":"The Courier"},{"floor":40,"key":"Anchor"},{"floor":42,"key":"Regal Pillow"},{"floor":43,"key":"Strawberry"},{"floor":46,"key":"Shuriken"}],"event_choices":[{"damage_healed":0,"gold_gain":0,"player_choice":"Entered Light","damage_taken":14,"max_hp_gain":0,"max_hp_loss":0,"event_name":"Shining Light","floor":12,"gold_loss":0,"cards_upgraded":["Dodge and Roll","Defend_G"]},{"damage_healed":0,"gold_gain":0,"player_choice":"Embrace Madness","damage_taken":9,"max_hp_gain":0,"max_hp_loss":0,"event_name":"Winding Halls","floor":38,"gold_loss":0,"cards_obtained":["Madness","Madness"]},{"damage_healed":0,"gold_gain":0,"player_choice":"0 cards matched","damage_taken":0,"max_hp_gain":0,"max_hp_loss":0,"event_name":"Match and Keep!","floor":39,"gold_loss":0,"cards_obtained":[]},{"damage_healed":0,"gold_gain":0,"player_choice":"Paid","damage_taken":0,"relics_obtained":["Red Mask"],"max_hp_gain":0,"max_hp_loss":0,"event_name":"Tomb of Lord Red Mask","floor":47,"gold_loss":2},{"damage_healed":0,"gold_gain":0,"player_choice":"Upgrade","damage_taken":0,"relics_obtained":["Mark of the Bloom"],"max_hp_gain":0,"max_hp_loss":0,"event_name":"MindBloom","floor":48,"gold_loss":0,"cards_upgraded":["Defend_G","Defend_G","Defend_G","Defend_G","Strike_G","Strike_G","Strike_G","Survivor","Venomology","Skewer","Flash of Steel","Escape Plan","Footwork","Madness","Madness","Escape Plan"]}],"is_beta":false,"boss_relics":[{"not_picked":["Empty Cage","White Beast Statue"],"picked":"Ectoplasm"},{"not_picked":["Velvet Choker","HoveringKite"],"picked":"Ring of the Serpent"}],"items_purged_floors":[20,45],"is_endless":false,"potions_floor_spawned":[2,4,8,10,14,18,19,23,29,33,35,36,44,46],"ascension_level":10}