{"gold_per_floor":[111,36,36,103,171,171,17,32,112,112,128,128,191,226,238,354,366,391,378,540,616,7,34,84,117,140,153,185,185,235,269,269,372,372,386,400,504,515,533,683,683,717,717,163,193,41,1,17,17,17],"floor_reached":51,"playtime":7817,"items_purged":["Strike_G","Strike_G","Strike_G"],"score":1035,"play_id":"1e074762-66dc-421a-9723-c51dbf8c8cb7","local_time":"20190626213317","is_ascension_mode":true,"campfire_choices":[{"data":"Neutralize","floor":6.0,"key":"SMITH"},{"data":"Apotheosis","floor":10.0,"key":"SMITH"},{"data":"Noxious Fumes","floor":12.0,"key":"SMITH"},{"data":"Well Laid Plans","floor":15.0,"key":"SMITH"},{"floor":29.0,"key":"DIG"},{"floor":32.0,"key":"DIG"},{"floor":41.0,"key":"DIG"},{"floor":49,"key":"DIG"}],"neow_cost":"NONE","seed_source_timestamp":0,"circlet_count":0,"master_deck":["Defend_G","Defend_G","Defend_G","Defend_G","Defend_G","Survivor","Neutralize+1","Well Laid Plans+1","Apotheosis+1","Noxious Fumes+1","Footwork","Footwork","Corpse Explosion+1","PiercingWail+1","Master of Strategy","Madness","Leg Sweep+1","Blur","After Image","Catalyst","Expertise+1","Dodge and Roll+1","Thinking Ahead","Night Terror"],"special_seed":0,"relics":["Ring of the Serpent","NeowsBlessing","SsserpentHead","Tiny Chest","MawBank","Meat on the Bone","Shovel","Molten Egg 2","Shuriken","PreservedInsect","Ninja Scroll","Oddly Smooth Stone","Mercury Hourglass","Centennial Puzzle","Fusion Hammer","Bird Faced Urn","Torii","Happy Flower","Lantern","Blood Vial","Bottled Lightning","Pear","Du-Vu Doll"],"potions_floor_usage":[50,50],"damage_taken":[{"damage":0.0,"enemies":"2 Louse","floor":1.0,"turns":1.0},{"damage":0.0,"enemies":"Cultist","floor":4.0,"turns":1.0},{"damage":0.0,"enemies":"Jaw Worm","floor":5.0,"turns":1.0},{"damage":0.0,"enemies":"Looter","floor":8.0,"turns":5.0},{"damage":0.0,"enemies":"Red Slaver","floor":11.0,"turns":5.0},{"damage":10.0,"enemies":"Exordium Wildlife","floor":13.0,"turns":6.0},{"damage":28.0,"enemies":"Gremlin Nob","floor":14.0,"turns":6.0},{"damage":11.0,"enemies":"Slime Boss","floor":16.0,"turns":15.0},{"damage":0.0,"enemies":"Chosen","floor":18.0,"turns":6.0},{"damage":0.0,"enemies":"Spheric Guardian","floor":21.0,"turns":7.0},{"damage":26.0,"enemies":"Slavers","floor":23.0,"turns":5.0},{"damage":9.0,"enemies":"Gremlin Leader","floor":25.0,"turns":8.0},{"damage":0.0,"enemies":"Cultist and Chosen","floor":27.0,"turns":5.0},{"damage":27.0,"enemies":"Slavers","floor":28.0,"turns":4.0},{"damage":3.0,"enemies":"Book of Stabbing","floor":31.0,"turns":7.0},{"damage":8.0,"enemies":"Collector","floor":33.0,"turns":11.0},{"damage":6.0,"enemies":"3 Shapes","floor":35.0,"turns":4.0},{"damage":5.0,"enemies":"3 Darklings","floor":36.0,"turns":4.0},{"damage":0.0,"enemies":"2 Orb Walkers","floor":37.0,"turns":3.0},{"damage":0.0,"enemies":"Spire Growth","floor":38.0,"turns":8.0},{"damage":0.0,"enemies":"Writhing Mass","floor":39.0,"turns":7.0},{"damage":0.0,"enemies":"Mind Bloom Boss Battle","floor":40.0,"turns":7.0},{"damage":0.0,"enemies":"Nemesis","floor":42.0,"turns":7.0},{"damage":0,"enemies":"Giant Head","floor":45,"turns":7},{"damage":0,"enemies":"4 Shapes","floor":48,"turns":3},{"damage":19,"enemies":"Awakened One","floor":50,"turns":18}],"seed_played":"2471962887139281762","potions_obtained":[{"floor":4.0,"key":"SkillPotion"},{"floor":8.0,"key":"Dexterity Potion"},{"floor":13.0,"key":"Dexterity Potion"},{"floor":16.0,"key":"Dexterity Potion"},{"floor":21.0,"key":"GhostInAJar"},{"floor":35.0,"key":"EssenceOfSteel"},{"floor":39.0,"key":"Regen Potion"}],"is_trial":false,"path_per_floor":["M","$","?","M","M","R","$","M","T","R","M","R","M","E","R","B",null,"M","?","?","M","$","E","T","E","T","M","E","R","?","E","R","B",null,"M","M","?","M","M","?","R","E","T","$","E","$","?","M","R","B",null],"character_chosen":"THE_SILENT","items_purchased":["Apotheosis","Noxious Fumes","Master of Strategy","Meat on the Bone","Madness","Bottled Lightning","Thinking Ahead","Night Terror","GhostInAJar"],"campfire_rested":0,"item_purchase_floors":[7,7,22,22,22,44,44,46,46],"current_hp_per_floor":[70,70,70,70,70,70,70,70,70,70,70,70,60,32,32,21,58,58,58,58,58,58,44,44,47,47,47,32,32,32,41,41,45,64,58,53,53,63,70,70,70,70,70,70,80,80,80,80,80,67],"gold":17,"neow_bonus":"THREE_ENEMY_KILL","is_prod":false,"is_daily":false,"chose_seed":false,"campfire_upgraded":4,"win_rate":0,"timestamp":1561599197,"path_taken":["M","$","?","?","?","R","?","M","T","R","M","R","?","E","R","BOSS","M","?","?","?","$","E","?","E","T","M","E","R","?","E","R","BOSS","M","M","?","M","M","?","R","E","T","$","E","$","?","M","R","BOSS"],"build_version":"2019-01-23","purchased_purges":3,"victory":true,"max_hp_per_floor":[70,70,70,70,70,70,70,70,70,70,70,70,70,70,70,70,70,70,70,70,70,70,70,70,70,70,70,70,70,70,70,70,70,70,70,70,70,70,70,70,70,70,70,70,80,80,80,80,80,80],"card_choices":[{"not_picked":["Dodge and Roll","Slice","Prepared"],"picked":"SKIP","floor":1.0},{"not_picked":["Leg Sweep","Quick Slash"],"picked":"Well Laid Plans","floor":4.0},{"not_picked":["Bane","Poisoned Stab","Deadly Poison"],"picked":"SKIP","floor":5.0},{"not_picked":["Doppelganger","Reflex"],"picked":"Footwork","floor":8.0},{"not_picked":["Underhanded Strike","Blade Dance","All Out Attack"],"picked":"SKIP","floor":11.0},{"not_picked":["Sucker Punch","Accuracy","Tactician"],"picked":"SKIP","floor":13.0},{"not_picked":["Deflect","Dash"],"picked":"Footwork","floor":14.0},{"not_picked":["Die Die Die","Unload"],"picked":"Corpse Explosion","floor":16.0},{"not_picked":["Cloak And Dagger","Sucker Punch","Prepared+1"],"picked":"SKIP","floor":18.0},{"not_picked":["Heel Hook","Terror+1"],"picked":"PiercingWail+1","floor":21.0},{"not_picked":["Dagger Spray","Underhanded Strike"],"picked":"Leg Sweep+1","floor":23.0},{"not_picked":["Slice+1","Flying Knee+1"],"picked":"Blur","floor":25.0},{"not_picked":["Expertise","Skewer+1","Flying Knee+1"],"picked":"SKIP","floor":27.0},{"not_picked":["Cloak And Dagger+1","Flying Knee+1","Eviscerate+1"],"picked":"SKIP","floor":28.0},{"not_picked":["Eviscerate+1","Concentrate+1","Masterful Stab+1"],"picked":"SKIP","floor":31.0},{"not_picked":["A Thousand Cuts","Night Terror"],"picked":"After Image","floor":33.0},{"not_picked":["Poisoned Stab+1","Dodge and Roll","Bane+1"],"picked":"SKIP","floor":35.0},{"not_picked":["Caltrops+1","Dagger Throw+1"],"picked":"Catalyst","floor":36.0},{"not_picked":["Tactician","Backstab+1"],"picked":"Expertise+1","floor":37.0},{"not_picked":["Deflect","Terror","Reflex"],"picked":"SKIP","floor":38.0},{"not_picked":["Blade Dance","Prepared+1"],"picked":"Dodge and Roll+1","floor":39.0},{"not_picked":["Dagger Spray+1","Concentrate+1","Quick Slash+1"],"picked":"SKIP","floor":42.0},{"not_picked":["Distraction+1","Dagger Spray+1","Underhanded Strike+1"],"picked":"SKIP","floor":45},{"not_picked":["Masterful Stab+1","Poisoned Stab+1","Deadly Poison+1"],"picked":"SKIP","floor":48}],"player_experience":71074,"relics_obtained":[{"floor":9.0,"key":"Tiny Chest"},{"floor":14.0,"key":"MawBank"},{"floor":23.0,"key":"Shovel"},{"floor":24.0,"key":"Molten Egg 2"},{"floor":25.0,"key":"Shuriken"},{"floor":26.0,"key":"PreservedInsect"},{"floor":28.0,"key":"Ninja Scroll"},{"floor":29.0,"key":"Oddly Smooth Stone"},{"floor":31.0,"key":"Mercury Hourglass"},{"floor":32.0,"key":"Centennial Puzzle"},{"floor":37.0,"key":"Bird Faced Urn"},{"floor":40.0,"key":"Torii"},{"floor":41.0,"key":"Happy Flower"},{"floor":42.0,"key":"Lantern"},{"floor":43.0,"key":"Blood Vial"},{"floor":45,"key":"Pear"},{"floor":49,"key":"Du-Vu Doll"}],"event_choices":[{"damage_healed":0.0,"max_hp_gain":0.0,"max_hp_loss":0.0,"gold_gain":0.0,"event_name":"FaceTrader","player_choice":"Trade","floor":3.0,"gold_loss":0.0,"damage_taken":0.0,"relics_obtained":["SsserpentHead"]},{"cards_removed":["Strike_G"],"damage_healed":0.0,"max_hp_gain":0.0,"max_hp_loss":0.0,"gold_gain":0.0,"event_name":"Beggar","player_choice":"Gave Gold","floor":19.0,"gold_loss":75.0,"damage_taken":0.0},{"damage_healed":0.0,"max_hp_gain":0.0,"max_hp_loss":0.0,"gold_gain":100.0,"event_name":"Golden Shrine","player_choice":"Pray","floor":20.0,"gold_loss":0.0,"damage_taken":0.0},{"damage_healed":0.0,"max_hp_gain":0.0,"max_hp_loss":0.0,"gold_gain":0.0,"event_name":"Vampires","player_choice":"Ignored","floor":30.0,"gold_loss":0.0,"damage_taken":0.0},{"damage_healed":0.0,"max_hp_gain":0.0,"max_hp_loss":0.0,"gold_gain":0.0,"event_name":"Mysterious Sphere","player_choice":"Fight","floor":37.0,"gold_loss":0.0,"damage_taken":0.0},{"damage_healed":0.0,"max_hp_gain":0.0,"max_hp_loss":0.0,"gold_gain":0.0,"event_name":"MindBloom","player_choice":"Fight","floor":40.0,"gold_loss":0.0,"damage_taken":0.0},{"cards_removed":["Strike_G"],"damage_healed":0,"gold_gain":0,"player_choice":"Upgrade and Remove","damage_taken":0,"max_hp_gain":0,"max_hp_loss":0,"event_name":"Designer","floor":47,"gold_loss":90,"cards_upgraded":["Corpse Explosion"]}],"is_beta":false,"boss_relics":[{"not_picked":["Pandora\u0027s Box","HoveringKite"],"picked":"Ring of the Serpent"},{"not_picked":["Sozu","Snecko Eye"],"picked":"Fusion Hammer"}],"items_purged_floors":[2,22,44],"is_endless":false,"potions_floor_spawned":[4,8,13,16,21,23,31,35,36,39,40,42],"ascension_level":5}