{"gold_per_floor":[117,131,131,34,34,34,34,51,74,93,105,123,123,139,139,237,237,249,265,283,283,298,327,327,4,4,4,22,40,53,73,73,175,175,186,166,42,53,72,72,72],"floor_reached":41,"playtime":3605,"items_purged":["Strike_B","Strike_B"],"score":411,"play_id":"1cc15f3e-2a17-468a-bc6b-1aaf8242259a","local_time":"20190606201230","is_ascension_mode":false,"campfire_choices":[{"data":"Dualcast","floor":7,"key":"SMITH"},{"data":"Fusion","floor":13,"key":"SMITH"},{"data":"Loop","floor":15,"key":"SMITH"},{"floor":24,"key":"REST"},{"floor":27,"key":"REST"},{"data":"Rainbow","floor":32,"key":"SMITH"},{"floor":40,"key":"REST"}],"neow_cost":"NONE","seed_source_timestamp":121374619523,"circlet_count":0,"master_deck":["Strike_B","Defend_B","Defend_B","Defend_B","Zap","Dualcast+1","Multi-Cast","Leap","Gash","Barrage","BootSequence","Loop+1","Coolheaded","Fusion+1","Storm","Rainbow+1","White Noise","Chaos","Ball Lightning","Force Field","Capacitor","Coolheaded","Cold Snap","Leap","Stack","Self Repair","Static Discharge","Creative AI","Barrage+1","Stack+1","Compile Driver","Parasite"],"relics":["Cracked Core","PreservedInsect","Nuclear Battery","Happy Flower","Thread and Needle","Membership Card","Symbiotic Virus","White Beast Statue","Toxic Egg 2"],"potions_floor_usage":[2,14,16,19,23,29,31,38,38,38,38,38,39],"damage_taken":[{"damage":0,"enemies":"Cultist","floor":1,"turns":3},{"damage":0,"enemies":"2 Louse","floor":2,"turns":1},{"damage":2,"enemies":"Jaw Worm","floor":8,"turns":3},{"damage":9,"enemies":"Exordium Wildlife","floor":10,"turns":4},{"damage":8,"enemies":"Lots of Slimes","floor":11,"turns":6},{"damage":1,"enemies":"Blue Slaver","floor":12,"turns":4},{"damage":2,"enemies":"Exordium Thugs","floor":14,"turns":4},{"damage":8,"enemies":"The Guardian","floor":16,"turns":14},{"damage":14,"enemies":"Spheric Guardian","floor":18,"turns":4},{"damage":0,"enemies":"Shell Parasite","floor":19,"turns":5},{"damage":9,"enemies":"Snake Plant","floor":20,"turns":3},{"damage":9,"enemies":"Shelled Parasite and Fungi","floor":22,"turns":3},{"damage":42,"enemies":"Book of Stabbing","floor":23,"turns":5},{"damage":0,"enemies":"Centurion and Healer","floor":28,"turns":6},{"damage":21,"enemies":"3 Cultists","floor":29,"turns":6},{"damage":4,"enemies":"Sentry and Sphere","floor":30,"turns":7},{"damage":13,"enemies":"Cultist and Chosen","floor":31,"turns":6},{"damage":24,"enemies":"Champ","floor":33,"turns":19},{"damage":61,"enemies":"3 Darklings","floor":35,"turns":8},{"damage":3,"enemies":"Orb Walker","floor":38,"turns":5},{"damage":6,"enemies":"Sphere and 2 Shapes","floor":39,"turns":7},{"damage":0,"enemies":"Writhing Mass","floor":41,"turns":2}],"seed_played":"4893203073400586729","potions_obtained":[{"floor":1,"key":"EntropicBrew"},{"floor":8,"key":"SpeedPotion"},{"floor":12,"key":"Poison Potion"},{"floor":20,"key":"PowerPotion"},{"floor":22,"key":"FocusPotion"},{"floor":29,"key":"Fruit Juice"},{"floor":30,"key":"SteroidPotion"},{"floor":33,"key":"FocusPotion"},{"floor":35,"key":"Block Potion"},{"floor":36,"key":"EntropicBrew"},{"floor":38,"key":"Ancient Potion"},{"floor":39,"key":"Dexterity Potion"}],"is_trial":false,"path_per_floor":["M","M","?","$","?","$","R","M","T","M","M","M","R","M","R","B",null,"M","M","M","?","M","E","R","$","T","R","M","M","M","M","R","B",null,"M","?","$","M","M","R","M"],"character_chosen":"DEFECT","items_purchased":["Barrage","Membership Card","Coolheaded","Cold Snap","Leap","Toxic Egg 2"],"campfire_rested":3,"item_purchase_floors":[4,25,25,25,25,37],"current_hp_per_floor":[75,75,75,75,68,68,68,66,66,57,49,48,48,46,46,38,75,61,61,52,52,43,1,23,23,23,45,45,29,32,33,33,16,80,19,19,19,23,24,48,48],"gold":72,"neow_bonus":"ONE_RANDOM_RARE_CARD","is_prod":false,"is_daily":false,"chose_seed":false,"campfire_upgraded":4,"win_rate":0,"timestamp":1559848350,"path_taken":["M","?","?","$","?","?","R","M","T","M","M","M","R","?","R","BOSS","M","M","?","?","M","E","R","?","T","R","M","M","M","M","R","BOSS","M","?","$","?","M","R","M"],"build_version":"2019-01-23","purchased_purges":2,"victory":false,"max_hp_per_floor":[75,75,75,75,75,75,75,75,75,75,75,75,75,75,75,75,75,75,75,75,75,75,75,75,75,75,75,75,80,80,80,80,80,80,80,80,80,80,80,80,80],"card_choices":[{"not_picked":["Tempest","Hologram"],"picked":"Leap","floor":1},{"not_picked":["Hologram","Recycle"],"picked":"Gash","floor":2},{"not_picked":["Conserve Battery","Storm"],"picked":"BootSequence","floor":8},{"not_picked":["Compile Driver","Hello World"],"picked":"Loop","floor":10},{"not_picked":["Compile Driver","Rebound"],"picked":"Coolheaded","floor":11},{"not_picked":["Conserve Battery","Leap"],"picked":"Fusion","floor":12},{"not_picked":["Sweeping Beam","Hyperbeam"],"picked":"Storm","floor":14},{"not_picked":["Multi-Cast","Machine Learning"],"picked":"Rainbow","floor":16},{"not_picked":["Turbo","Genetic Algorithm"],"picked":"White Noise","floor":18},{"not_picked":["Melter+1","Auto Shields"],"picked":"Chaos","floor":19},{"not_picked":["Hologram+1","Streamline"],"picked":"Ball Lightning","floor":20},{"not_picked":["Rip and Tear","Rebound"],"picked":"Force Field","floor":22},{"not_picked":["Doom and Gloom","Coolheaded"],"picked":"Capacitor","floor":23},{"not_picked":["Sunder","Redo"],"picked":"Stack","floor":28},{"not_picked":["Sweeping Beam","FTL"],"picked":"Self Repair","floor":29},{"not_picked":["Beam Cell","Steam"],"picked":"Static Discharge","floor":30},{"not_picked":["Steam","Amplify","Redo"],"picked":"SKIP","floor":31},{"not_picked":["All For One","Biased Cognition"],"picked":"Creative AI","floor":33},{"not_picked":["Coolheaded","Compile Driver"],"picked":"Barrage+1","floor":35},{"not_picked":["Leap+1","Turbo+1"],"picked":"Stack+1","floor":38},{"not_picked":["Gash+1","Beam Cell+1"],"picked":"Compile Driver","floor":39}],"player_experience":634658,"relics_obtained":[{"floor":9,"key":"PreservedInsect"},{"floor":23,"key":"Thread and Needle"},{"floor":26,"key":"Symbiotic Virus"}],"event_choices":[{"cards_removed":["Strike_B"],"damage_healed":0,"gold_gain":0,"player_choice":"Forget","damage_taken":0,"max_hp_gain":0,"max_hp_loss":0,"event_name":"Living Wall","floor":3,"gold_loss":0},{"cards_removed":["Defend_B"],"damage_healed":0,"gold_gain":0,"player_choice":"Card Removal","damage_taken":7,"max_hp_gain":0,"max_hp_loss":0,"event_name":"Golden Wing","floor":5,"gold_loss":0},{"damage_healed":0,"gold_gain":0,"player_choice":"Gave Potion","damage_taken":0,"relics_obtained":["Happy Flower"],"max_hp_gain":0,"max_hp_loss":0,"event_name":"WeMeetAgain","floor":21,"gold_loss":0},{"damage_healed":0,"gold_gain":0,"player_choice":"Bought 1 Potion","damage_taken":0,"max_hp_gain":0,"max_hp_loss":0,"event_name":"The Woman in Blue","floor":36,"gold_loss":0}],"is_beta":false,"boss_relics":[{"not_picked":["Orrery","Sozu"],"picked":"Nuclear Battery"},{"not_picked":["Velvet Choker","Fusion Hammer"],"picked":"White Beast Statue"}],"items_purged_floors":[4,25],"is_endless":false,"potions_floor_spawned":[1,8,11,12,20,22,29,30,33,35,38,39],"killed_by":"Writhing Mass","ascension_level":0}