{"gold_per_floor":[15,90,105,115,115,115,65,65,92,92,113,146,146,159,159,279,279,294,315,47,47,65,104,104,145,145,164,164,202,55,70,70,191,191,204,217,217,217,233,233,246,246,270,284,347,360,400,10,10,10,10,10,10,10],"floor_reached":54,"playtime":4580,"items_purged":["Defend_B"],"score":802,"play_id":"220af917-8955-4389-989c-3a96329465a5","local_time":"20190530184245","is_ascension_mode":false,"campfire_choices":[{"data":"Zap","floor":6.0,"key":"SMITH"},{"data":"Dualcast","floor":8.0,"key":"SMITH"},{"data":"Darkness","floor":10.0,"key":"SMITH"},{"data":"Coolheaded","floor":13.0,"key":"SMITH"},{"floor":15.0,"key":"RECALL"},{"data":"Rainbow","floor":24.0,"key":"SMITH"},{"data":"Barricade","floor":28.0,"key":"SMITH"},{"data":"Loop","floor":32.0,"key":"SMITH"},{"data":"Rainbow","floor":40.0,"key":"SMITH"},{"data":"Chaos","floor":42.0,"key":"SMITH"},{"data":"Entrench","floor":49.0,"key":"SMITH"},{"data":"Deep Breath","floor":52.0,"key":"SMITH"}],"neow_cost":"NO_GOLD","seed_source_timestamp":0,"circlet_count":0,"master_deck":["Defend_B","Defend_B","Defend_B","Zap+1","Dualcast+1","Self Repair","Darkness+1","Coolheaded+1","BootSequence","Compile Driver","Electrodynamics","Coolheaded","Ball Lightning+1","Capacitor","Shrug It Off","Rainbow+1","Barricade+1","Barrage+1","Loop+1","Redo+1","Rainbow+1","Cloak And Dagger","Chaos+1","Deep Breath+1","Body Slam+1","Noxious Fumes+1","Entrench+1","Master of Strategy"],"special_seed":0,"relics":["Cracked Core","Golden Idol","Blood Vial","Pen Nib","Coffee Dripper","PrismaticShard","Shuriken","Nunchaku","Dodecahedron","Nuclear Battery","Bag of Marbles","Unceasing Top","Potion Belt"],"potions_floor_usage":[],"damage_taken":[{"damage":8.0,"enemies":"Jaw Worm","floor":1.0,"turns":4.0},{"damage":0.0,"enemies":"Small Slimes","floor":3.0,"turns":3.0},{"damage":0.0,"enemies":"Cultist","floor":4.0,"turns":3.0},{"damage":0.0,"enemies":"2 Fungi Beasts","floor":11.0,"turns":2.0},{"damage":13.0,"enemies":"Gremlin Nob","floor":12.0,"turns":3.0},{"damage":0.0,"enemies":"Looter","floor":14.0,"turns":2.0},{"damage":19.0,"enemies":"Hexaghost","floor":16.0,"turns":7.0},{"damage":0.0,"enemies":"Shell Parasite","floor":18.0,"turns":3.0},{"damage":0.0,"enemies":"Chosen","floor":19.0,"turns":3.0},{"damage":19.0,"enemies":"Shelled Parasite and Fungi","floor":22.0,"turns":5.0},{"damage":26.0,"enemies":"Book of Stabbing","floor":23.0,"turns":7.0},{"damage":6.0,"enemies":"Gremlin Leader","floor":25.0,"turns":5.0},{"damage":0.0,"enemies":"3 Cultists","floor":27.0,"turns":2.0},{"damage":0.0,"enemies":"Book of Stabbing","floor":29.0,"turns":6.0},{"damage":6.0,"enemies":"Snake Plant","floor":31.0,"turns":4.0},{"damage":9.0,"enemies":"Automaton","floor":33.0,"turns":8.0},{"damage":8.0,"enemies":"Orb Walker","floor":35.0,"turns":3.0},{"damage":3.0,"enemies":"3 Darklings","floor":36.0,"turns":4.0},{"damage":2.0,"enemies":"Maw","floor":39.0,"turns":5.0},{"damage":1.0,"enemies":"4 Shapes","floor":41.0,"turns":3.0},{"damage":0.0,"enemies":"Transient","floor":44.0,"turns":5.0},{"damage":45.0,"enemies":"2 Orb Walkers","floor":45.0,"turns":4.0},{"damage":18.0,"enemies":"Spire Growth","floor":46.0,"turns":4.0},{"damage":36.0,"enemies":"Reptomancer","floor":47.0,"turns":5.0},{"damage":0.0,"enemies":"Awakened One","floor":50.0,"turns":9.0},{"damage":75,"enemies":"Shield and Spear","floor":54,"turns":5}],"seed_played":"-8810305304215369025","potions_obtained":[{"floor":1.0,"key":"Swift Potion"},{"floor":3.0,"key":"AttackPotion"},{"floor":11.0,"key":"PowerPotion"},{"floor":16.0,"key":"Block Potion"},{"floor":18.0,"key":"SpeedPotion"},{"floor":23.0,"key":"Weak Potion"},{"floor":25.0,"key":"SpeedPotion"},{"floor":31.0,"key":"Block Potion"},{"floor":35.0,"key":"GamblersBrew"},{"floor":45.0,"key":"FairyPotion"}],"is_trial":false,"path_per_floor":["M","?","M","M","?","R","?","R","T","R","M","E","R","M","R","B",null,"M","M","$","?","M","E","R","E","T","M","R","E","$","M","R","B",null,"M","M","?","?","M","R","M","R","T","M","?","M","E","$","R","B",null,"R","$","E"],"character_chosen":"DEFECT","items_purchased":["PrismaticShard","Capacitor","Loop","Master of Strategy","FocusPotion","FocusPotion","Poison Potion"],"campfire_rested":0,"item_purchase_floors":[20,20,30,48,48,48,48],"current_hp_per_floor":[67,56,63,63,63,63,63,63,63,63,69,63,63,69,69,57,69,69,69,69,69,57,40,40,43,43,52,52,61,61,57,57,57,69,68,69,69,69,69,69,69,69,69,69,31,22,13,13,13,22,69,69,69,0],"gold":10,"neow_bonus":"REMOVE_TWO","is_prod":false,"is_daily":false,"chose_seed":false,"campfire_upgraded":11,"win_rate":0,"timestamp":1559238165,"path_taken":["M","?","M","M","?","R","?","R","T","R","M","E","R","M","R","BOSS","M","M","$","?","M","E","R","E","T","M","R","E","$","M","R","BOSS","M","M","?","?","M","R","M","R","T","M","?","M","E","$","R","BOSS","R","$","E"],"build_version":"2019-01-23","purchased_purges":1,"victory":false,"max_hp_per_floor":[75,75,75,75,69,69,69,69,69,69,69,69,69,69,69,69,69,69,69,69,69,69,69,69,69,69,69,69,69,69,69,69,69,69,69,69,69,69,69,69,69,69,69,69,69,69,69,69,69,69,69,69,69,69],"card_choices":[{"not_picked":["Go for the Eyes","Ball Lightning"],"picked":"Self Repair","floor":1.0},{"not_picked":["Self Repair","Rebound"],"picked":"Darkness","floor":3.0},{"not_picked":["Lockon","Sweeping Beam"],"picked":"Coolheaded","floor":4.0},{"not_picked":["Auto Shields","Gash","Hologram"],"picked":"SKIP","floor":11.0},{"not_picked":["Turbo","Steam"],"picked":"BootSequence","floor":12.0},{"not_picked":["FTL","Static Discharge"],"picked":"Compile Driver","floor":14.0},{"not_picked":["Buffer","Core Surge"],"picked":"Electrodynamics","floor":16.0},{"not_picked":["Reinforced Body","Streamline"],"picked":"Coolheaded","floor":18.0},{"not_picked":["Barrage","Conserve Battery"],"picked":"Ball Lightning+1","floor":19.0},{"not_picked":["Finisher","Dramatic Entrance"],"picked":"Shrug It Off","floor":22.0},{"not_picked":["Infinite Blades","Burst"],"picked":"Rainbow","floor":23.0},{"not_picked":["Deadly Poison","Backflip+1"],"picked":"Barricade","floor":25.0},{"not_picked":["Stack+1","Heavy Blade+1"],"picked":"Barrage+1","floor":27.0},{"not_picked":["Clothesline","Undo+1","Accuracy"],"picked":"SKIP","floor":29.0},{"not_picked":["Clash","Wild Strike"],"picked":"Redo+1","floor":31.0},{"not_picked":["Seek","Double Tap"],"picked":"Rainbow","floor":33.0},{"not_picked":["Heel Hook+1","Choke+1"],"picked":"Cloak And Dagger","floor":35.0},{"not_picked":["True Grit","Evolve"],"picked":"Chaos","floor":36.0},{"not_picked":["Trip","Madness"],"picked":"Deep Breath","floor":38.0},{"not_picked":["Flechettes+1","Cloak And Dagger"],"picked":"Body Slam+1","floor":39.0},{"not_picked":["Bloodletting","Exhume","Tactician"],"picked":"SKIP","floor":41.0},{"not_picked":["Compile Driver","Disarm+1"],"picked":"Noxious Fumes+1","floor":44.0},{"not_picked":["Cold Snap","Flying Knee+1","Havoc"],"picked":"SKIP","floor":46.0},{"not_picked":["Electrodynamics","Flame Barrier+1"],"picked":"Entrench","floor":47.0}],"player_experience":530035,"relics_obtained":[{"floor":9.0,"key":"Blood Vial"},{"floor":12.0,"key":"Pen Nib"},{"floor":23.0,"key":"Shuriken"},{"floor":25.0,"key":"Nunchaku"},{"floor":29.0,"key":"Dodecahedron"},{"floor":43.0,"key":"Bag of Marbles"},{"floor":45.0,"key":"Unceasing Top"},{"floor":47.0,"key":"Potion Belt"}],"event_choices":[{"damage_healed":0.0,"max_hp_gain":0.0,"max_hp_loss":0.0,"gold_gain":75.0,"event_name":"World of Goop","player_choice":"Gather Gold","floor":2.0,"gold_loss":0.0,"damage_taken":11.0},{"damage_healed":0.0,"max_hp_gain":0.0,"max_hp_loss":6.0,"gold_gain":0.0,"event_name":"Golden Idol","player_choice":"Lose Max HP","floor":5.0,"gold_loss":0.0,"damage_taken":0.0,"relics_obtained":["Golden Idol"]},{"cards_removed":["Strike_B"],"damage_healed":0.0,"max_hp_gain":0.0,"max_hp_loss":0.0,"gold_gain":0.0,"event_name":"The Cleric","player_choice":"Card Removal","floor":7.0,"gold_loss":50.0,"damage_taken":0.0},{"cards_removed":["Strike_B"],"damage_healed":0.0,"max_hp_gain":0.0,"max_hp_loss":0.0,"gold_gain":0.0,"event_name":"Bonfire Elementals","player_choice":"Offered Basic","floor":21.0,"gold_loss":0.0,"damage_taken":0.0},{"damage_healed":0.0,"max_hp_gain":0.0,"max_hp_loss":0.0,"gold_gain":0.0,"event_name":"Tomb of Lord Red Mask","player_choice":"Ignored","floor":37.0,"gold_loss":0.0,"damage_taken":0.0},{"damage_healed":0.0,"max_hp_gain":0.0,"max_hp_loss":0.0,"gold_gain":0.0,"event_name":"SensoryStone","player_choice":"Memory 1","floor":38.0,"gold_loss":0.0,"damage_taken":0.0},{"damage_healed":0.0,"max_hp_gain":0.0,"max_hp_loss":0.0,"gold_gain":0.0,"event_name":"Mysterious Sphere","player_choice":"Fight","floor":45.0,"gold_loss":0.0,"damage_taken":0.0}],"is_beta":false,"boss_relics":[{"not_picked":["Snecko Eye","Black Star"],"picked":"Coffee Dripper"},{"not_picked":["Calling Bell","Philosopher\u0027s Stone"],"picked":"Nuclear Battery"}],"items_purged_floors":[30],"is_endless":false,"potions_floor_spawned":[1,3,11,16,18,23,25,31,35,45],"killed_by":"Shield and Spear","ascension_level":0}