{"gold_per_floor":[118,8,83,98,98,98,71,71,71,71,105,126,160,85,85,206,206,231,231,247,262,281,312,312,33,33,76,76,119,119,154,154,274,274,297,297,41,54,120,159,177,177,224,224,49,69,104,122,122,122],"floor_reached":51,"playtime":10163,"items_purged":["Strike_G","Defend_G","Defend_G"],"score":994,"play_id":"5cca3931-cc60-49cb-8e88-600baeb52c60","local_time":"20190626133721","is_ascension_mode":true,"campfire_choices":[{"data":"Neutralize","floor":6,"key":"SMITH"},{"data":"Well Laid Plans","floor":8,"key":"SMITH"},{"data":"Skewer","floor":10,"key":"SMITH"},{"data":"Footwork","floor":15,"key":"SMITH"},{"data":"Malaise","floor":24,"key":"SMITH"},{"data":"Outmaneuver","floor":28,"key":"SMITH"},{"data":"Expertise","floor":32,"key":"SMITH"},{"data":"Escape Plan","floor":42,"key":"SMITH"},{"data":"Survivor","floor":44,"key":"SMITH"},{"floor":49,"key":"REST"}],"neow_cost":"NONE","seed_source_timestamp":83331280226200,"circlet_count":0,"master_deck":["Defend_G","Defend_G","Survivor+1","Neutralize+1","Well Laid Plans+1","Skewer+1","Outmaneuver+1","Footwork+1","Malaise+1","Malaise+1","Night Terror+1","Riddle With Holes+1","After Image","Expertise+1","PiercingWail+1","Escape Plan+1","Envenom+1","Footwork+1","Footwork+1","Backflip","Catalyst"],"relics":["Ring of the Snake","Golden Idol","Regal Pillow","Juzu Bracelet","PreservedInsect","Astrolabe","Happy Flower","Chemical X","Mummified Hand","Sundial","Gremlin Horn","Frozen Egg 2","Runic Dome","Vajra","Nunchaku","Pen Nib","Omamori","Shuriken"],"potions_floor_usage":[16,23,23,23,39,46,47,47,50],"damage_taken":[{"damage":0,"enemies":"2 Louse","floor":1,"turns":3},{"damage":0,"enemies":"Cultist","floor":4,"turns":5},{"damage":5,"enemies":"3 Sentries","floor":11,"turns":7},{"damage":0,"enemies":"Small Slimes","floor":12,"turns":3},{"damage":13,"enemies":"Gremlin Nob","floor":13,"turns":4},{"damage":7,"enemies":"The Guardian","floor":16,"turns":13},{"damage":0,"enemies":"3 Byrds","floor":18,"turns":7},{"damage":0,"enemies":"Chosen","floor":20,"turns":7},{"damage":0,"enemies":"Snecko","floor":21,"turns":10},{"damage":4,"enemies":"Centurion and Healer","floor":22,"turns":10},{"damage":0,"enemies":"Gremlin Leader","floor":23,"turns":10},{"damage":7,"enemies":"Book of Stabbing","floor":27,"turns":8},{"damage":0,"enemies":"Slavers","floor":29,"turns":6},{"damage":0,"enemies":"Gremlin Leader","floor":31,"turns":4},{"damage":24,"enemies":"Automaton","floor":33,"turns":8},{"damage":3,"enemies":"3 Shapes","floor":35,"turns":5},{"damage":0,"enemies":"Orb Walker","floor":38,"turns":3},{"damage":13,"enemies":"2 Orb Walkers","floor":39,"turns":3},{"damage":0,"enemies":"Nemesis","floor":40,"turns":5},{"damage":0,"enemies":"Spire Growth","floor":41,"turns":5},{"damage":0,"enemies":"Maw","floor":46,"turns":6},{"damage":13,"enemies":"Reptomancer","floor":47,"turns":3},{"damage":7,"enemies":"Sphere and 2 Shapes","floor":48,"turns":10},{"damage":34,"enemies":"Time Eater","floor":50,"turns":9}],"seed_played":"4409494164869710039","potions_obtained":[{"floor":1,"key":"SkillPotion"},{"floor":11,"key":"EssenceOfSteel"},{"floor":16,"key":"SteroidPotion"},{"floor":21,"key":"Energy Potion"},{"floor":22,"key":"GhostInAJar"},{"floor":27,"key":"Weak Potion"},{"floor":29,"key":"Poison Potion"},{"floor":40,"key":"Block Potion"},{"floor":41,"key":"SkillPotion"},{"floor":46,"key":"Weak Potion"}],"is_trial":false,"path_per_floor":["M","$","?","M","?","R","$","R","T","R","E","M","E","$","R","B",null,"M","?","M","M","M","E","R","$","T","E","R","E","?","E","R","B",null,"M","?","$","M","?","E","M","R","T","R","$","M","E","M","R","B",null],"character_chosen":"THE_SILENT","items_purchased":["Well Laid Plans","Outmaneuver","Footwork","Chemical X","Expertise","Vajra","Backflip"],"campfire_rested":1,"item_purchase_floors":[2,7,14,25,25,37,45],"current_hp_per_floor":[70,70,59,59,42,42,42,42,42,42,37,37,24,24,24,17,70,70,70,70,70,66,66,66,66,66,59,59,59,59,59,59,35,70,67,67,67,67,54,54,54,54,54,54,54,54,41,34,70,36],"gold":122,"neow_bonus":"REMOVE_CARD","is_prod":false,"is_daily":false,"chose_seed":false,"campfire_upgraded":9,"win_rate":1,"timestamp":1561570641,"path_taken":["M","$","?","M","?","R","$","R","T","R","E","M","E","$","R","BOSS","M","?","M","M","M","E","R","?","T","E","R","E","?","E","R","BOSS","M","?","$","M","?","E","M","R","T","R","$","M","E","M","R","BOSS"],"build_version":"2019-01-23","purchased_purges":3,"victory":true,"max_hp_per_floor":[70,70,70,70,70,70,70,70,70,70,70,70,70,70,70,70,70,70,70,70,70,70,70,70,70,70,70,70,70,70,70,70,70,70,70,70,70,70,70,70,70,70,70,70,70,70,70,70,70,70],"card_choices":[{"not_picked":["Riddle With Holes","Masterful Stab","PiercingWail"],"picked":"SKIP","floor":1},{"not_picked":["Deflect","Dodge and Roll"],"picked":"Skewer","floor":4},{"not_picked":["Underhanded Strike","Skewer","Reflex"],"picked":"SKIP","floor":11},{"not_picked":["Deadly Poison","Blade Dance","Bane"],"picked":"SKIP","floor":12},{"not_picked":["Bane","Deadly Poison","Dagger Spray"],"picked":"SKIP","floor":13},{"not_picked":["Doppelganger","Glass Knife"],"picked":"Malaise","floor":16},{"not_picked":["Outmaneuver+1","Finisher","Cloak And Dagger"],"picked":"SKIP","floor":18},{"not_picked":["Tactician","Flying Knee","Bane"],"picked":"SKIP","floor":20},{"not_picked":["Infinite Blades","Deflect","Tactician"],"picked":"SKIP","floor":21},{"not_picked":["Underhanded Strike+1","Predator","Deadly Poison+1"],"picked":"SKIP","floor":22},{"not_picked":["Blade Dance","Sucker Punch","Slice+1"],"picked":"SKIP","floor":23},{"not_picked":["Prepared","Backstab"],"picked":"PiercingWail+1","floor":27},{"not_picked":["Sucker Punch","Storm of Steel","Endless Agony"],"picked":"SKIP","floor":29},{"not_picked":["Dagger Spray+1","PiercingWail","Quick Slash"],"picked":"SKIP","floor":31},{"not_picked":["Night Terror","Glass Knife"],"picked":"Envenom+1","floor":33},{"not_picked":["Calculated Gamble","Tactician+1"],"picked":"Footwork+1","floor":35},{"not_picked":["Backstab+1","Leg Sweep+1","Dagger Throw+1"],"picked":"SKIP","floor":38},{"not_picked":["Dagger Spray+1","Bane+1"],"picked":"Footwork+1","floor":40},{"not_picked":["Dodge and Roll","Glass Knife","Finisher+1"],"picked":"SKIP","floor":41},{"not_picked":["Dodge and Roll","PiercingWail"],"picked":"Catalyst","floor":46},{"not_picked":["Distraction","Terror+1","Riddle With Holes"],"picked":"SKIP","floor":47},{"not_picked":["Catalyst","Sucker Punch","Blade Dance"],"picked":"SKIP","floor":48}],"player_experience":44267,"relics_obtained":[{"floor":9,"key":"Regal Pillow"},{"floor":11,"key":"Juzu Bracelet"},{"floor":13,"key":"PreservedInsect"},{"floor":23,"key":"Happy Flower"},{"floor":26,"key":"Mummified Hand"},{"floor":27,"key":"Sundial"},{"floor":29,"key":"Gremlin Horn"},{"floor":31,"key":"Frozen Egg 2"},{"floor":39,"key":"Nunchaku"},{"floor":40,"key":"Pen Nib"},{"floor":43,"key":"Omamori"},{"floor":47,"key":"Shuriken"}],"event_choices":[{"damage_healed":0,"gold_gain":75,"player_choice":"Gather Gold","damage_taken":11,"max_hp_gain":0,"max_hp_loss":0,"event_name":"World of Goop","floor":3,"gold_loss":0},{"damage_healed":0,"gold_gain":0,"player_choice":"Take Damage","damage_taken":17,"relics_obtained":["Golden Idol"],"max_hp_gain":0,"max_hp_loss":0,"event_name":"Golden Idol","floor":5,"gold_loss":0},{"damage_healed":0,"gold_gain":0,"cards_transformed":["Defend_G"],"player_choice":"Transformed","damage_taken":0,"max_hp_gain":0,"max_hp_loss":0,"event_name":"Transmorgrifier","floor":19,"gold_loss":0,"cards_obtained":["After Image"]},{"damage_healed":0,"gold_gain":0,"player_choice":"Read","damage_taken":0,"max_hp_gain":0,"max_hp_loss":0,"event_name":"The Library","floor":30,"gold_loss":0,"cards_obtained":["Escape Plan"]},{"damage_healed":0,"gold_gain":0,"player_choice":"Memory 1","damage_taken":0,"max_hp_gain":0,"max_hp_loss":0,"event_name":"SensoryStone","floor":36,"gold_loss":0},{"damage_healed":0,"gold_gain":0,"player_choice":"Fight","damage_taken":0,"max_hp_gain":0,"max_hp_loss":0,"event_name":"Mysterious Sphere","floor":39,"gold_loss":0}],"is_beta":false,"boss_relics":[{"not_picked":["Orrery","Tiny House"],"picked":"Astrolabe"},{"not_picked":["WristBlade","Lizard Tail"],"picked":"Runic Dome"}],"items_purged_floors":[2,37,45],"is_endless":false,"potions_floor_spawned":[1,11,16,21,22,27,29,40,41,46],"ascension_level":3}