{"gold_per_floor":[113,113,123,137,32,58,58,71,71,81,112,112,129,129,129,206,206,217,217,18,28,38,38],"floor_reached":23,"playtime":1399,"items_purged":["Strike_R","Strike_R"],"score":406,"play_id":"7b441cd0-b3f7-49c0-aaa5-b729ce92e090","local_time":"20190627235820","is_ascension_mode":true,"campfire_choices":[{"data":"Uppercut","floor":7.0,"key":"SMITH"},{"data":"Armaments","floor":12.0,"key":"SMITH"},{"floor":15.0,"key":"REST"}],"neow_cost":"NONE","seed_source_timestamp":688801239274800,"circlet_count":0,"master_deck":["AscendersBane","Strike_R","Defend_R","Defend_R","Defend_R","Defend_R","Bash","Uppercut+1","Combust","True Grit","Twin Strike","Headbutt","Power Through","Armaments+1","Shrug It Off","Uppercut","Demon Form","Dropkick","True Grit"],"special_seed":0,"relics":["Burning Blood","Art of War","Question Card","Charon\u0027s Ashes","Gambling Chip","Busted Crown"],"potions_floor_usage":[22,23],"damage_taken":[{"damage":5.0,"enemies":"Small Slimes","floor":1.0,"turns":5.0},{"damage":4.0,"enemies":"Jaw Worm","floor":3.0,"turns":4.0},{"damage":4.0,"enemies":"Cultist","floor":4.0,"turns":4.0},{"damage":38.0,"enemies":"3 Sentries","floor":6.0,"turns":8.0},{"damage":3.0,"enemies":"Looter","floor":8.0,"turns":3.0},{"damage":9.0,"enemies":"Red Slaver","floor":10.0,"turns":4.0},{"damage":25.0,"enemies":"Lagavulin","floor":11.0,"turns":6.0},{"damage":8.0,"enemies":"Exordium Thugs","floor":13.0,"turns":6.0},{"damage":9,"enemies":"The Guardian","floor":16,"turns":13},{"damage":7,"enemies":"3 Byrds","floor":18,"turns":3},{"damage":13,"enemies":"Chosen","floor":21,"turns":5},{"damage":11,"enemies":"Centurion and Healer","floor":22,"turns":9},{"damage":77,"enemies":"Slavers","floor":23,"turns":3}],"seed_played":"-168606726339068726","potions_obtained":[{"floor":3.0,"key":"SteroidPotion"},{"floor":6.0,"key":"Ancient Potion"},{"floor":11.0,"key":"BloodPotion"},{"floor":13.0,"key":"Weak Potion"},{"floor":21,"key":"BloodPotion"}],"is_trial":false,"path_per_floor":["M","?","M","M","$","E","R","M","T","M","E","R","M","?","R","B",null,"M","?","$","M","M","E"],"character_chosen":"IRONCLAD","items_purchased":["Twin Strike","Dropkick","True Grit"],"campfire_rested":1,"item_purchase_floors":[5,20,20],"current_hp_per_floor":[69,74,76,78,78,46,46,49,49,46,27,27,25,18,42,39,70,69,69,69,62,65,0],"gold":38,"neow_bonus":"RANDOM_COMMON_RELIC","is_prod":false,"is_daily":false,"chose_seed":false,"campfire_upgraded":2,"win_rate":0,"timestamp":1561694300,"path_taken":["M","?","M","M","$","E","R","M","T","M","E","R","M","?","R","BOSS","M","?","$","M","M","E"],"build_version":"2019-01-23","purchased_purges":2,"victory":false,"max_hp_per_floor":[75,80,80,80,80,80,80,80,80,80,80,80,80,80,80,80,80,80,80,80,80,80,80],"card_choices":[{"not_picked":["True Grit","Combust"],"picked":"Uppercut","floor":1.0},{"not_picked":["Clothesline","True Grit"],"picked":"Combust","floor":3.0},{"not_picked":["Iron Wave","Corruption"],"picked":"True Grit","floor":4.0},{"not_picked":["Shockwave","Rupture"],"picked":"Headbutt","floor":6.0},{"not_picked":["Warcry","Intimidate","Rampage"],"picked":"Power Through","floor":8.0},{"not_picked":["Intimidate","Blood for Blood","Bloodletting"],"picked":"Armaments","floor":10.0},{"not_picked":["Wild Strike","Brutality","Sever Soul"],"picked":"Shrug It Off","floor":11.0},{"not_picked":["Combust","Wild Strike","Havoc"],"picked":"Uppercut","floor":13.0},{"not_picked":["Immolate","Impervious","Feed"],"picked":"Demon Form","floor":16},{"not_picked":["Fire Breathing","Wild Strike"],"picked":"SKIP","floor":18},{"not_picked":["Fire Breathing","Blood for Blood"],"picked":"SKIP","floor":21},{"not_picked":["Body Slam","Bloodletting"],"picked":"SKIP","floor":22}],"player_experience":505965,"relics_obtained":[{"floor":6.0,"key":"Question Card"},{"floor":9.0,"key":"Charon\u0027s Ashes"},{"floor":11.0,"key":"Gambling Chip"}],"event_choices":[{"damage_healed":0.0,"max_hp_gain":5.0,"max_hp_loss":0.0,"gold_gain":0.0,"event_name":"Big Fish","player_choice":"Donut","floor":2.0,"gold_loss":0.0,"damage_taken":0.0},{"cards_removed":["Strike_R"],"damage_healed":0.0,"max_hp_gain":0.0,"max_hp_loss":0.0,"gold_gain":0.0,"event_name":"Golden Wing","player_choice":"Card Removal","floor":14.0,"gold_loss":0.0,"damage_taken":7.0},{"cards_removed":["Strike_R"],"damage_healed":0,"gold_gain":0,"player_choice":"Purged","damage_taken":0,"max_hp_gain":0,"max_hp_loss":0,"event_name":"Purifier","floor":19,"gold_loss":0}],"is_beta":false,"boss_relics":[{"not_picked":["Coffee Dripper","Black Blood"],"picked":"Busted Crown"}],"items_purged_floors":[5,20],"is_endless":false,"potions_floor_spawned":[3,6,11,13,21],"killed_by":"Slavers","ascension_level":20}