{"gold_per_floor":[114,44,62,78,153,178,178,196,196,228,228,246,246,246,246,343,343,354,354,22,40,55,55,87,101,101,101,130,50,50,60,60,164,164,180,199,35,49,65,93,93,110,185,185,86,86,102,113,113,113,113,113,16,43,43],"floor_reached":55,"playtime":5574,"items_purged":["Strike_B","Strike_B","Defend_B"],"score":799,"play_id":"008dd20f-3154-4b95-8162-19ba89a5b4dd","local_time":"20190611232724","is_ascension_mode":false,"campfire_choices":[{"data":"Defragment","floor":7,"key":"SMITH"},{"floor":11,"key":"REST"},{"data":"Zap","floor":15,"key":"SMITH"},{"data":"Streamline","floor":23,"key":"SMITH"},{"data":"Coolheaded","floor":27,"key":"SMITH"},{"data":"Coolheaded","floor":32,"key":"SMITH"},{"floor":44,"key":"RECALL"},{"data":"Hologram","floor":46,"key":"SMITH"},{"data":"Chaos","floor":49,"key":"SMITH"},{"data":"Dualcast","floor":52,"key":"SMITH"}],"neow_cost":"NONE","seed_source_timestamp":101606373320594,"circlet_count":0,"master_deck":["Defend_B","Defend_B","Defend_B","Zap+1","Dualcast+1","Conserve Battery","Defragment+1","Coolheaded+1","Static Discharge","Electrodynamics","Coolheaded+1","Glacier","Cold Snap","Fission+1","Go for the Eyes+1","Self Repair","Static Discharge","Streamline+1","Genetic Algorithm","Reinforced Body+1","Glacier","Rebound+1","Sunder+1","Gash","Ball Lightning","Hologram+1","Chaos+1","Capacitor","Doom and Gloom","Tempest+1"],"relics":["FrozenCore","Boot","The Courier","Thread and Needle","Busted Crown","Matryoshka","Sundial","Lantern","DataDisk","Vajra","Symbiotic Virus","Blood Vial","Meat on the Bone","Happy Flower"],"potions_floor_usage":[10,21,24,36,47,54,54],"damage_taken":[{"damage":0,"enemies":"2 Louse","floor":1,"turns":2},{"damage":0,"enemies":"Small Slimes","floor":3,"turns":3},{"damage":0,"enemies":"Cultist","floor":4,"turns":3},{"damage":20,"enemies":"3 Sentries","floor":6,"turns":10},{"damage":15,"enemies":"Exordium Thugs","floor":8,"turns":4},{"damage":0,"enemies":"Lagavulin","floor":10,"turns":7},{"damage":0,"enemies":"Exordium Wildlife","floor":12,"turns":3},{"damage":0,"enemies":"The Guardian","floor":16,"turns":20},{"damage":10,"enemies":"Chosen","floor":18,"turns":6},{"damage":8,"enemies":"2 Thieves","floor":21,"turns":4},{"damage":0,"enemies":"Snecko","floor":22,"turns":7},{"damage":18,"enemies":"Slavers","floor":24,"turns":3},{"damage":0,"enemies":"Centurion and Healer","floor":25,"turns":13},{"damage":6,"enemies":"Book of Stabbing","floor":28,"turns":6},{"damage":0,"enemies":"Snake Plant","floor":31,"turns":4},{"damage":25,"enemies":"Automaton","floor":33,"turns":16},{"damage":0,"enemies":"3 Darklings","floor":35,"turns":7},{"damage":0,"enemies":"Orb Walker","floor":36,"turns":6},{"damage":0,"enemies":"Sphere and 2 Shapes","floor":38,"turns":4},{"damage":0,"enemies":"Spire Growth","floor":39,"turns":6},{"damage":0,"enemies":"Reptomancer","floor":40,"turns":8},{"damage":0,"enemies":"Jaw Worm Horde","floor":42,"turns":4},{"damage":0,"enemies":"4 Shapes","floor":47,"turns":4},{"damage":5,"enemies":"3 Darklings","floor":48,"turns":6},{"damage":57,"enemies":"Donu and Deca","floor":50,"turns":13},{"damage":54,"enemies":"Shield and Spear","floor":54,"turns":8},{"damage":55,"enemies":"The Heart","floor":55,"turns":3}],"seed_played":"8245587335905710338","potions_obtained":[{"floor":3,"key":"Weak Potion"},{"floor":6,"key":"Energy Potion"},{"floor":16,"key":"Regen Potion"},{"floor":18,"key":"Regen Potion"},{"floor":22,"key":"SteroidPotion"},{"floor":24,"key":"GamblersBrew"},{"floor":25,"key":"Strength Potion"},{"floor":38,"key":"FearPotion"},{"floor":40,"key":"Weak Potion"}],"is_trial":false,"path_per_floor":["M","$","M","M","?","E","R","M","T","E","R","M","?","?","R","B",null,"M","?","$","M","M","R","E","M","T","R","E","$","?","M","R","B",null,"M","M","$","M","M","E","?","M","T","R","$","R","M","M","R","B",null,"R","$","E","B"],"character_chosen":"DEFECT","items_purchased":["Defragment","Matryoshka","Self Repair","Glacier","Gash","Ball Lightning","Hologram","Capacitor","Doom and Gloom"],"campfire_rested":1,"item_purchase_floors":[2,20,20,37,45,45,45,53,53],"current_hp_per_floor":[75,75,75,75,64,44,44,29,29,29,51,51,51,51,51,51,75,65,65,65,75,75,75,64,71,71,71,72,72,58,65,65,47,80,80,80,80,80,80,80,80,80,80,80,80,80,80,80,80,42,80,80,80,48,0],"gold":43,"neow_bonus":"RANDOM_COMMON_RELIC","is_prod":false,"is_daily":false,"chose_seed":false,"campfire_upgraded":8,"win_rate":0,"timestamp":1560292044,"path_taken":["M","$","M","M","?","E","R","M","T","E","R","M","?","?","R","BOSS","M","?","?","M","M","R","E","M","T","R","E","?","?","M","R","BOSS","M","M","$","M","M","E","?","M","T","R","$","R","M","M","R","BOSS","R","$","E","BOSS"],"build_version":"2019-01-23","purchased_purges":3,"victory":false,"max_hp_per_floor":[75,75,75,75,75,75,75,75,75,75,75,75,75,75,75,75,75,75,75,75,75,75,75,75,75,75,75,75,75,80,80,80,80,80,80,80,80,80,80,80,80,80,80,80,80,80,80,80,80,80,80,80,80,80,80],"card_choices":[{"not_picked":["Auto Shields","Stack"],"picked":"Conserve Battery","floor":1},{"not_picked":["Heatsinks","Chaos"],"picked":"Coolheaded","floor":3},{"not_picked":["Turbo","Conserve Battery"],"picked":"Static Discharge","floor":4},{"not_picked":["Barrage","Compile Driver"],"picked":"Electrodynamics","floor":6},{"not_picked":["Static Discharge","Compile Driver"],"picked":"Coolheaded","floor":8},{"not_picked":["Rebound","Turbo"],"picked":"Glacier","floor":10},{"not_picked":["Streamline","Darkness"],"picked":"Cold Snap","floor":12},{"not_picked":["Machine Learning","Core Surge"],"picked":"Fission","floor":16},{"not_picked":[],"picked":"Go for the Eyes+1","floor":18},{"not_picked":[],"picked":"Static Discharge","floor":21},{"not_picked":[],"picked":"Streamline","floor":22},{"not_picked":[],"picked":"Genetic Algorithm","floor":24},{"not_picked":["Recycle"],"picked":"SKIP","floor":25},{"not_picked":[],"picked":"Reinforced Body+1","floor":28},{"not_picked":["Reinforced Body"],"picked":"SKIP","floor":31},{"not_picked":["FTL"],"picked":"SKIP","floor":35},{"not_picked":["Steam"],"picked":"SKIP","floor":36},{"not_picked":[],"picked":"Rebound+1","floor":38},{"not_picked":[],"picked":"Sunder+1","floor":39},{"not_picked":["Leap+1"],"picked":"SKIP","floor":40},{"not_picked":["Compile Driver"],"picked":"SKIP","floor":42},{"not_picked":["Coolheaded+1"],"picked":"SKIP","floor":47},{"not_picked":[],"picked":"Chaos","floor":48},{"not_picked":[],"picked":"Tempest+1","floor":54}],"player_experience":699704,"relics_obtained":[{"floor":6,"key":"The Courier"},{"floor":10,"key":"Thread and Needle"},{"floor":24,"key":"Sundial"},{"floor":26,"key":"Lantern"},{"floor":26,"key":"DataDisk"},{"floor":28,"key":"Vajra"},{"floor":40,"key":"Symbiotic Virus"},{"floor":43,"key":"Blood Vial"},{"floor":43,"key":"Meat on the Bone"},{"floor":54,"key":"Happy Flower"}],"event_choices":[{"damage_healed":0,"gold_gain":75,"player_choice":"Gather Gold","damage_taken":11,"max_hp_gain":0,"max_hp_loss":0,"event_name":"World of Goop","floor":5,"gold_loss":0},{"cards_removed":["Strike_B"],"damage_healed":0,"gold_gain":0,"player_choice":"Forget","damage_taken":0,"max_hp_gain":0,"max_hp_loss":0,"event_name":"Living Wall","floor":13,"gold_loss":0},{"cards_removed":["Strike_B"],"damage_healed":0,"gold_gain":0,"player_choice":"Purged","damage_taken":0,"max_hp_gain":0,"max_hp_loss":0,"event_name":"Purifier","floor":14,"gold_loss":0},{"damage_healed":0,"gold_gain":0,"player_choice":"Forge","damage_taken":0,"max_hp_gain":0,"max_hp_loss":0,"event_name":"Accursed Blacksmith","floor":19,"gold_loss":0,"cards_upgraded":["Fission"]},{"damage_healed":0,"gold_gain":0,"player_choice":"Shed Blood","damage_taken":19,"max_hp_gain":5,"max_hp_loss":0,"event_name":"Forgotten Altar","floor":30,"gold_loss":0},{"damage_healed":0,"gold_gain":0,"player_choice":"Ignored","damage_taken":0,"max_hp_gain":0,"max_hp_loss":0,"event_name":"Tomb of Lord Red Mask","floor":41,"gold_loss":0}],"is_beta":false,"boss_relics":[{"not_picked":["Runic Pyramid","Pandora\u0027s Box"],"picked":"Busted Crown"},{"not_picked":["Orrery","Velvet Choker"],"picked":"FrozenCore"}],"items_purged_floors":[20,29,37],"is_endless":false,"potions_floor_spawned":[3,6,16,18,22,24,25,33,38,40,42],"killed_by":"The Heart","ascension_level":0}