{"gold_per_floor":[113,130,147,72,134,134,168,168,247,264,295,308,326,337,337,409,409,426,456,371,112,128,128,128],"floor_reached":24,"playtime":1718,"items_purged":["Strike_B"],"score":343,"play_id":"7461fadd-5bd5-4bea-ada4-92b62058cf34","local_time":"20190628184642","is_ascension_mode":true,"campfire_choices":[{"data":"Creative AI","floor":6.0,"key":"SMITH"},{"floor":8.0,"key":"REST"},{"data":"Streamline","floor":15.0,"key":"SMITH"},{"data":"Doom and Gloom","floor":23.0,"key":"SMITH"}],"neow_cost":"TEN_PERCENT_HP_LOSS","seed_source_timestamp":0,"circlet_count":0,"master_deck":["AscendersBane","Strike_B","Strike_B","Strike_B","Defend_B","Defend_B","Defend_B","Defend_B","Zap","Dualcast","Creative AI+1","Streamline+1","Genetic Algorithm","Compile Driver","Conserve Battery","Self Repair","Doom and Gloom+1","Seek","Sweeping Beam","Steam","Leap+1"],"special_seed":0,"relics":["Cracked Core","Centennial Puzzle","Singing Bowl","Meat on the Bone","Sozu","Red Mask","Bag of Marbles","Mummified Hand"],"potions_floor_usage":[],"damage_taken":[{"damage":5.0,"enemies":"2 Louse","floor":1.0,"turns":3.0},{"damage":7.0,"enemies":"Jaw Worm","floor":2.0,"turns":2.0},{"damage":8.0,"enemies":"Small Slimes","floor":3.0,"turns":3.0},{"damage":32.0,"enemies":"Gremlin Nob","floor":7.0,"turns":5.0},{"damage":1.0,"enemies":"2 Fungi Beasts","floor":10.0,"turns":4.0},{"damage":34.0,"enemies":"3 Sentries","floor":11.0,"turns":7.0},{"damage":3.0,"enemies":"Blue Slaver","floor":12.0,"turns":5.0},{"damage":27.0,"enemies":"Gremlin Gang","floor":13.0,"turns":6.0},{"damage":20.0,"enemies":"Large Slime","floor":14.0,"turns":8.0},{"damage":17.0,"enemies":"The Guardian","floor":16.0,"turns":13.0},{"damage":7.0,"enemies":"Chosen","floor":18.0,"turns":4.0},{"damage":28.0,"enemies":"Masked Bandits","floor":19.0,"turns":4.0},{"damage":7.0,"enemies":"3 Byrds","floor":22.0,"turns":5.0},{"damage":59,"enemies":"Slavers","floor":24,"turns":4}],"seed_played":"-6095748174565742157","potions_obtained":[{"floor":3.0,"key":"EssenceOfSteel"},{"floor":10.0,"key":"Strength Potion"},{"floor":11.0,"key":"SkillPotion"}],"is_trial":false,"path_per_floor":["M","M","M","$","?","R","E","R","T","M","E","M","M","M","R","B",null,"M","?","?","$","M","R","E"],"character_chosen":"DEFECT","items_purchased":["Mummified Hand"],"campfire_rested":1,"item_purchase_floors":[21],"current_hp_per_floor":[63,56,48,48,48,48,16,36,36,35,10,28,22,21,21,23,61,61,52,52,52,52,52,0],"gold":128,"neow_bonus":"THREE_RARE_CARDS","is_prod":false,"is_daily":false,"chose_seed":false,"campfire_upgraded":3,"win_rate":0,"timestamp":1561718802,"path_taken":["M","M","M","$","?","R","E","R","T","M","E","M","M","M","R","BOSS","M","?","?","$","M","R","E"],"build_version":"2019-01-23","purchased_purges":1,"victory":false,"max_hp_per_floor":[68,68,68,68,68,68,68,68,68,68,70,72,74,74,74,74,74,74,74,74,74,74,74,74],"card_choices":[{"not_picked":["Fission","Meteor Strike"],"picked":"Creative AI","floor":0.0},{"not_picked":["Compile Driver","White Noise"],"picked":"Streamline","floor":1.0},{"not_picked":["Consume","Leap"],"picked":"Genetic Algorithm","floor":2.0},{"not_picked":["White Noise","Gash"],"picked":"Compile Driver","floor":3.0},{"not_picked":["Redo","Steam"],"picked":"Conserve Battery","floor":7.0},{"not_picked":["Coolheaded","Compile Driver"],"picked":"Self Repair","floor":10.0},{"not_picked":["Barrage","Chaos","Multi-Cast"],"picked":"Singing Bowl","floor":11.0},{"not_picked":["Genetic Algorithm","Blizzard","Doom and Gloom"],"picked":"Singing Bowl","floor":12.0},{"not_picked":["Steam","Streamline","Stack"],"picked":"Singing Bowl","floor":13.0},{"not_picked":["Redo","Sweeping Beam"],"picked":"Doom and Gloom","floor":14.0},{"not_picked":["Electrodynamics","Hyperbeam"],"picked":"Seek","floor":16.0},{"not_picked":["Hologram","Rebound"],"picked":"Sweeping Beam","floor":18.0},{"not_picked":["Double Energy","Conserve Battery"],"picked":"Steam","floor":19.0},{"not_picked":["Stack","Conserve Battery"],"picked":"Leap+1","floor":22.0}],"player_experience":802751,"relics_obtained":[{"floor":7.0,"key":"Centennial Puzzle"},{"floor":9.0,"key":"Singing Bowl"},{"floor":11.0,"key":"Meat on the Bone"},{"floor":19.0,"key":"Red Mask"}],"event_choices":[{"damage_healed":0.0,"max_hp_gain":0.0,"max_hp_loss":0.0,"gold_gain":62.0,"event_name":"Golden Wing","player_choice":"Gained Gold","floor":5.0,"gold_loss":0.0,"damage_taken":0.0},{"damage_healed":0.0,"max_hp_gain":0.0,"max_hp_loss":0.0,"gold_gain":0.0,"event_name":"Masked Bandits","player_choice":"Fought Bandits","floor":19.0,"gold_loss":0.0,"damage_taken":0.0},{"damage_healed":0.0,"max_hp_gain":0.0,"max_hp_loss":0.0,"gold_gain":0.0,"event_name":"Addict","player_choice":"Obtained Relic","floor":20.0,"gold_loss":85.0,"damage_taken":0.0,"relics_obtained":["Bag of Marbles"]}],"is_beta":false,"boss_relics":[{"not_picked":["Philosopher\u0027s Stone","Runic Pyramid"],"picked":"Sozu"}],"items_purged_floors":[4],"is_endless":false,"potions_floor_spawned":[3,10,11,14,22],"killed_by":"Slavers","ascension_level":13}