{"gold_per_floor":[119,119,5,22,39,67,67,101,101,101,111,125,150,166,166,261,261,274,290,290,303,315,342,354,366,401,444,469,481,510,113,113,218,218,231,247,48,62,81,111,111,130,183,212,258,258,270,289,289,289,289,289,7,39,39],"floor_reached":55,"playtime":5188,"items_purged":["Strike_B","Strike_B"],"score":818,"play_id":"617a2a61-426b-4191-bd19-efd49a6bfebc","local_time":"20190607184150","is_ascension_mode":false,"campfire_choices":[{"floor":7.0,"key":"REST"},{"data":"Zap","floor":10.0,"key":"SMITH"},{"data":"Sunder","floor":15.0,"key":"SMITH"},{"data":"Dualcast","floor":25,"key":"SMITH"},{"data":"Fusion","floor":29,"key":"SMITH"},{"floor":32,"key":"REST"},{"data":"Fission","floor":41,"key":"SMITH"},{"floor":49,"key":"RECALL"},{"data":"Reinforced Body","floor":52,"key":"SMITH"}],"neow_cost":"NONE","seed_source_timestamp":0,"circlet_count":0,"master_deck":["Defend_B","Defend_B","Zap+1","Dualcast+1","Trip","Sunder+1","Reinforced Body+1","Doom and Gloom","Cold Snap","Capacitor","Blizzard","Genetic Algorithm","Glacier","Cold Snap","Coolheaded","Stack","Rainbow+1","Fusion+1","Capacitor+1","Coolheaded+1","Barrage","Compile Driver","Fission+1","Redo+1","Storm+1","Reprogram+1","Ball Lightning","Stack","Coolheaded","Go for the Eyes+1","Ball Lightning","Self Repair+1","Static Discharge+1","Apotheosis"],"special_seed":0,"relics":["Cracked Core","Blood Vial","Meat on the Bone","PreservedInsect","Vajra","Busted Crown","MawBank","Bronze Scales","Gremlin Horn","Frozen Egg 2","Astrolabe","DataDisk","Happy Flower","Pantograph","Peace Pipe","Mercury Hourglass","Bottled Tornado"],"potions_floor_usage":[22,23,33,42,42,45,54],"damage_taken":[{"damage":0.0,"enemies":"Small Slimes","floor":1.0,"turns":2.0},{"damage":0.0,"enemies":"Cultist","floor":4.0,"turns":2.0},{"damage":7.0,"enemies":"Jaw Worm","floor":5.0,"turns":3.0},{"damage":36.0,"enemies":"Gremlin Nob","floor":6.0,"turns":4.0},{"damage":31.0,"enemies":"3 Sentries","floor":8.0,"turns":7.0},{"damage":0.0,"enemies":"Large Slime","floor":11.0,"turns":4.0},{"damage":15.0,"enemies":"Gremlin Gang","floor":12.0,"turns":4.0},{"damage":9.0,"enemies":"Lagavulin","floor":13.0,"turns":6.0},{"damage":0.0,"enemies":"2 Fungi Beasts","floor":14.0,"turns":3.0},{"damage":18.0,"enemies":"Hexaghost","floor":16.0,"turns":11.0},{"damage":5.0,"enemies":"Spheric Guardian","floor":18.0,"turns":6.0},{"damage":6.0,"enemies":"Shell Parasite","floor":19.0,"turns":6.0},{"damage":13.0,"enemies":"Chosen and Byrds","floor":21.0,"turns":5.0},{"damage":2,"enemies":"3 Cultists","floor":22,"turns":7},{"damage":9,"enemies":"Gremlin Leader","floor":23,"turns":9},{"damage":17,"enemies":"Slavers","floor":27,"turns":3},{"damage":0,"enemies":"Snecko","floor":28,"turns":5},{"damage":25,"enemies":"Cultist and Chosen","floor":30,"turns":7},{"damage":0,"enemies":"Champ","floor":33,"turns":10},{"damage":0,"enemies":"3 Shapes","floor":35,"turns":6},{"damage":5,"enemies":"Orb Walker","floor":36,"turns":3},{"damage":14,"enemies":"3 Darklings","floor":38,"turns":5},{"damage":0,"enemies":"4 Shapes","floor":39,"turns":7},{"damage":12,"enemies":"Reptomancer","floor":40,"turns":4},{"damage":16,"enemies":"Sphere and 2 Shapes","floor":42,"turns":5},{"damage":0,"enemies":"Nemesis","floor":44,"turns":3},{"damage":31,"enemies":"2 Orb Walkers","floor":45,"turns":5},{"damage":7,"enemies":"Jaw Worm Horde","floor":47,"turns":3},{"damage":0,"enemies":"Writhing Mass","floor":48,"turns":4},{"damage":59,"enemies":"Donu and Deca","floor":50,"turns":10},{"damage":42,"enemies":"Shield and Spear","floor":54,"turns":3},{"damage":80,"enemies":"The Heart","floor":55,"turns":3}],"seed_played":"856080593079359334","potions_obtained":[{"floor":5.0,"key":"Swift Potion"},{"floor":11.0,"key":"FearPotion"},{"floor":12.0,"key":"Strength Potion"},{"floor":16.0,"key":"SteroidPotion"},{"floor":18.0,"key":"Swift Potion"},{"floor":22,"key":"FocusPotion"},{"floor":30,"key":"SteroidPotion"},{"floor":33,"key":"Dexterity Potion"},{"floor":40,"key":"Poison Potion"},{"floor":44,"key":"Swift Potion"}],"is_trial":false,"path_per_floor":["M","?","$","M","M","E","R","E","T","R","M","M","E","M","R","B",null,"M","M","?","M","M","E","?","R","T","E","M","R","M","$","R","B",null,"M","M","$","M","M","E","R","M","T","E","?","T","M","M","R","B",null,"R","$","E","B"],"character_chosen":"DEFECT","items_purchased":["Doom and Gloom","Frozen Egg 2","PowerPotion","DataDisk","Stack","Static Discharge+1","Apotheosis","Poison Potion"],"campfire_rested":2,"item_purchase_floors":[3,31,31,37,37,53,53,53],"current_hp_per_floor":[75,75,75,75,68,32,54,25,25,25,39,38,43,45,45,41,75,70,66,66,55,55,48,48,48,48,45,47,47,36,36,58,60,75,75,70,70,58,60,50,50,48,48,50,33,33,40,42,42,32,75,75,75,45,0],"gold":39,"neow_bonus":"RANDOM_COLORLESS","is_prod":false,"is_daily":false,"chose_seed":false,"campfire_upgraded":6,"win_rate":0,"timestamp":1559929310,"path_taken":["M","?","$","M","M","E","R","E","T","R","?","M","E","M","R","BOSS","M","M","?","M","M","E","?","R","T","E","M","R","M","$","R","BOSS","M","M","$","M","?","E","R","M","T","E","?","?","M","?","R","BOSS","R","$","E","BOSS"],"build_version":"2019-01-23","purchased_purges":2,"victory":false,"max_hp_per_floor":[75,75,75,75,75,75,75,75,75,75,75,75,75,75,75,75,75,75,75,75,75,75,75,75,75,75,75,75,75,75,75,75,75,75,75,75,75,75,75,75,75,75,75,75,75,75,75,75,75,75,75,75,75,75,75],"card_choices":[{"not_picked":["Storm","Steam"],"picked":"Sunder","floor":1.0},{"not_picked":["Sweeping Beam","Genetic Algorithm"],"picked":"Cold Snap","floor":4.0},{"not_picked":["Stack","Double Energy"],"picked":"Capacitor","floor":5.0},{"not_picked":["Conserve Battery","Go for the Eyes"],"picked":"Blizzard","floor":6.0},{"not_picked":["Rip and Tear","Auto Shields"],"picked":"Genetic Algorithm","floor":8.0},{"not_picked":["Cold Snap","BootSequence"],"picked":"Glacier","floor":11.0},{"not_picked":["Turbo","Static Discharge"],"picked":"Cold Snap","floor":12.0},{"not_picked":["FTL","Reprogram"],"picked":"Coolheaded","floor":13.0},{"not_picked":["Steam","Auto Shields"],"picked":"Stack","floor":14.0},{"not_picked":["Hyperbeam","Seek"],"picked":"Rainbow","floor":16.0},{"not_picked":["Compile Driver"],"picked":"SKIP","floor":18.0},{"not_picked":[],"picked":"Fusion","floor":19.0},{"not_picked":[],"picked":"Capacitor+1","floor":21.0},{"not_picked":[],"picked":"Coolheaded+1","floor":22},{"not_picked":[],"picked":"Barrage","floor":23},{"not_picked":["Reprogram"],"picked":"SKIP","floor":27},{"not_picked":["Steam Power"],"picked":"SKIP","floor":28},{"not_picked":[],"picked":"Compile Driver","floor":30},{"not_picked":[],"picked":"Fission","floor":33},{"not_picked":["Compile Driver"],"picked":"SKIP","floor":35},{"not_picked":[],"picked":"Ball Lightning","floor":36},{"not_picked":["Redo"],"picked":"SKIP","floor":38},{"not_picked":[],"picked":"Coolheaded","floor":39},{"not_picked":["Stack"],"picked":"SKIP","floor":40},{"not_picked":["Stack"],"picked":"SKIP","floor":40},{"not_picked":[],"picked":"Go for the Eyes+1","floor":42},{"not_picked":["Tempest+1"],"picked":"SKIP","floor":44},{"not_picked":[],"picked":"Ball Lightning","floor":47},{"not_picked":[],"picked":"Self Repair+1","floor":48},{"not_picked":["Glacier"],"picked":"SKIP","floor":54}],"player_experience":643783,"relics_obtained":[{"floor":6.0,"key":"Blood Vial"},{"floor":8.0,"key":"Meat on the Bone"},{"floor":9.0,"key":"PreservedInsect"},{"floor":13.0,"key":"Vajra"},{"floor":23,"key":"MawBank"},{"floor":26,"key":"Bronze Scales"},{"floor":27,"key":"Gremlin Horn"},{"floor":40,"key":"Happy Flower"},{"floor":44,"key":"Pantograph"},{"floor":45,"key":"Peace Pipe"},{"floor":46,"key":"Mercury Hourglass"},{"floor":54,"key":"Bottled Tornado"}],"event_choices":[{"damage_healed":0.0,"max_hp_gain":0.0,"max_hp_loss":0.0,"gold_gain":0.0,"cards_transformed":["Strike_B"],"event_name":"Transmorgrifier","player_choice":"Transformed","floor":2.0,"gold_loss":0.0,"damage_taken":0.0,"cards_obtained":["Reinforced Body"]},{"damage_healed":0.0,"max_hp_gain":0.0,"max_hp_loss":0.0,"gold_gain":0.0,"event_name":"Ghosts","player_choice":"Ignored","floor":20.0,"gold_loss":0.0,"damage_taken":0.0},{"damage_healed":0,"gold_gain":0,"player_choice":"Forge","damage_taken":0,"max_hp_gain":0,"max_hp_loss":0,"event_name":"Accursed Blacksmith","floor":24,"gold_loss":0,"cards_upgraded":["Rainbow"]},{"damage_healed":0,"gold_gain":0,"player_choice":"Fight","damage_taken":0,"max_hp_gain":0,"max_hp_loss":0,"event_name":"Mysterious Sphere","floor":45,"gold_loss":0}],"is_beta":false,"boss_relics":[{"not_picked":["White Beast Statue","Fusion Hammer"],"picked":"Busted Crown"},{"not_picked":["Inserter","Sozu"],"picked":"Astrolabe"}],"items_purged_floors":[3,31],"is_endless":false,"potions_floor_spawned":[5,11,12,16,18,22,30,33,40,44,54],"killed_by":"The Heart","ascension_level":0}