{"gold_per_floor":[115,134,8,21,41,71,71,88,137,152,152,166,166,16,16,119,119,138,13,13,25,25,25,42,42,42,60,71,101,51,51],"floor_reached":31,"playtime":2472,"items_purged":["Strike_B","Strike_B","Undo+1"],"score":284,"play_id":"5dcf46e4-b6d0-472f-8226-4d21dddcabce","local_time":"20190531231216","is_ascension_mode":false,"campfire_choices":[{"data":"Creative AI","floor":7,"key":"SMITH"},{"floor":13,"key":"REST"},{"floor":15,"key":"RECALL"},{"data":"Echo Form","floor":23,"key":"SMITH"},{"floor":25,"key":"REST"}],"neow_cost":"NONE","seed_source_timestamp":21168553430464,"circlet_count":0,"master_deck":["Defend_B+1","Defend_B","Zap","Dualcast","Doom and Gloom","Conserve Battery+1","Leap","Chill","Creative AI+1","Redo+1","Conserve Battery+1","BootSequence+1","Redo+1","Echo Form+1","FTL+1","Coolheaded+1","Glacier+1","Coolheaded+1","Sweeping Beam+1","Cold Snap","Hologram+1","Coolheaded+1"],"relics":["Cracked Core","Toxic Egg 2","Astrolabe","Kunai","Mummified Hand"],"potions_floor_usage":[6,8,10,16,29,29],"damage_taken":[{"damage":1,"enemies":"Cultist","floor":1,"turns":4},{"damage":6,"enemies":"Jaw Worm","floor":2,"turns":3},{"damage":0,"enemies":"2 Louse","floor":4,"turns":2},{"damage":2,"enemies":"Blue Slaver","floor":5,"turns":3},{"damage":0,"enemies":"3 Sentries","floor":6,"turns":8},{"damage":1,"enemies":"Looter","floor":8,"turns":3},{"damage":5,"enemies":"Gremlin Gang","floor":10,"turns":5},{"damage":11,"enemies":"3 Louse","floor":12,"turns":2},{"damage":6,"enemies":"The Guardian","floor":16,"turns":10},{"damage":0,"enemies":"Chosen","floor":18,"turns":10},{"damage":18,"enemies":"2 Thieves","floor":21,"turns":4},{"damage":11,"enemies":"Snake Plant","floor":24,"turns":5},{"damage":7,"enemies":"Cultist and Chosen","floor":27,"turns":10},{"damage":5,"enemies":"Shelled Parasite and Fungi","floor":28,"turns":7},{"damage":41,"enemies":"Slavers","floor":29,"turns":7},{"damage":7,"enemies":"3 Cultists","floor":31,"turns":3}],"seed_played":"-8053620091889597013","potions_obtained":[{"floor":5,"key":"EssenceOfSteel"},{"floor":6,"key":"FocusPotion"},{"floor":8,"key":"AttackPotion"},{"floor":16,"key":"SneckoOil"},{"floor":21,"key":"FearPotion"},{"floor":27,"key":"Block Potion"}],"is_trial":false,"path_per_floor":["M","M","$","M","M","E","R","M","T","M","?","M","R","$","R","B",null,"M","$","?","M","?","R","M","R","T","M","M","E","?","M"],"character_chosen":"DEFECT","items_purchased":["Poison Potion","Redo+1"],"campfire_rested":2,"item_purchase_floors":[3,14],"current_hp_per_floor":[74,68,68,68,66,66,66,65,65,60,45,34,56,56,56,50,75,75,75,61,43,43,43,32,56,56,49,44,3,3,0],"gold":51,"neow_bonus":"REMOVE_CARD","is_prod":false,"is_daily":false,"chose_seed":false,"campfire_upgraded":2,"win_rate":0,"timestamp":1559340736,"path_taken":["M","M","$","M","?","E","R","M","T","M","?","M","R","$","R","BOSS","M","$","?","M","?","R","M","R","T","M","M","E","?","M"],"build_version":"2019-01-23","purchased_purges":3,"victory":false,"max_hp_per_floor":[75,75,75,75,75,75,75,75,75,75,75,75,75,75,75,75,75,75,75,80,80,80,80,80,80,80,80,80,80,80,80],"card_choices":[{"not_picked":["Rebound","Leap"],"picked":"Doom and Gloom","floor":1},{"not_picked":["Static Discharge","Beam Cell"],"picked":"Conserve Battery","floor":2},{"not_picked":["Beam Cell","Streamline"],"picked":"Leap","floor":4},{"not_picked":["Beam Cell","Leap"],"picked":"Chill","floor":5},{"not_picked":["Consume","Rainbow"],"picked":"Creative AI","floor":6},{"not_picked":["Barrage","Double Energy+1"],"picked":"Redo+1","floor":8},{"not_picked":["Hologram+1","Streamline"],"picked":"Conserve Battery+1","floor":10},{"not_picked":["Static Discharge","Conserve Battery+1"],"picked":"BootSequence+1","floor":12},{"not_picked":["Buffer","Multi-Cast+1"],"picked":"Echo Form","floor":16},{"not_picked":["Barrage","FTL"],"picked":"Glacier+1","floor":18},{"not_picked":["Compile Driver","Hologram+1"],"picked":"Coolheaded+1","floor":21},{"not_picked":["Skim+1","Turbo+1"],"picked":"Sweeping Beam+1","floor":24},{"not_picked":["Sweeping Beam","Sunder"],"picked":"Cold Snap","floor":27},{"not_picked":["Genetic Algorithm+1","Rebound"],"picked":"Hologram+1","floor":28},{"not_picked":["Leap+1","Buffer"],"picked":"Coolheaded+1","floor":29}],"player_experience":562141,"relics_obtained":[{"floor":6,"key":"Toxic Egg 2"},{"floor":26,"key":"Kunai"},{"floor":29,"key":"Mummified Hand"}],"event_choices":[{"damage_healed":0,"gold_gain":0,"player_choice":"Entered Light","damage_taken":15,"max_hp_gain":0,"max_hp_loss":0,"event_name":"Shining Light","floor":11,"gold_loss":0,"cards_upgraded":["Defend_B","Conserve Battery"]},{"damage_healed":0,"gold_gain":0,"player_choice":"Shed Blood","damage_taken":19,"max_hp_gain":5,"max_hp_loss":0,"event_name":"Forgotten Altar","floor":20,"gold_loss":0},{"damage_healed":0,"gold_gain":0,"player_choice":"Ignored","damage_taken":0,"max_hp_gain":0,"max_hp_loss":0,"event_name":"Vampires","floor":22,"gold_loss":0},{"damage_healed":0,"gold_gain":0,"player_choice":"Bet on Murderer","damage_taken":0,"max_hp_gain":0,"max_hp_loss":0,"event_name":"The Joust","floor":30,"gold_loss":50}],"is_beta":false,"boss_relics":[{"not_picked":["Ectoplasm","Orrery"],"picked":"Astrolabe"}],"items_purged_floors":[3,14,19],"is_endless":false,"potions_floor_spawned":[5,6,8,16,21,27],"killed_by":"3 Cultists","ascension_level":0}