{"gold_per_floor":[112,112,130,130,143,169,169,188,211,211],"floor_reached":10,"playtime":711,"items_purged":[],"score":68,"play_id":"bb89a252-f5a3-41a4-b440-8f1a987a5683","local_time":"20190517182622","is_ascension_mode":false,"campfire_choices":[{"data":"Redo","floor":7,"key":"SMITH"}],"neow_cost":"NONE","seed_source_timestamp":2414623460034,"circlet_count":0,"master_deck":["Strike_B","Strike_B","Strike_B","Defend_B","Defend_B","Defend_B","Defend_B","Zap","Dualcast","Redo+1","Capacitor","Leap","Conserve Battery","Loop"],"relics":["Nuclear Battery","Smiling Mask"],"potions_floor_usage":[6,6],"damage_taken":[{"damage":0,"enemies":"Small Slimes","floor":1,"turns":3},{"damage":1,"enemies":"Jaw Worm","floor":3,"turns":4},{"damage":0,"enemies":"2 Louse","floor":5,"turns":2},{"damage":26,"enemies":"Lagavulin","floor":6,"turns":6},{"damage":18,"enemies":"Lots of Slimes","floor":8,"turns":8},{"damage":27,"enemies":"3 Sentries","floor":10,"turns":4}],"seed_played":"2348571875548754558","potions_obtained":[{"floor":1,"key":"Explosive Potion"},{"floor":3,"key":"PowerPotion"},{"floor":8,"key":"Energy Potion"}],"is_trial":false,"path_per_floor":["M","?","M","?","M","E","R","M","T","E"],"character_chosen":"DEFECT","items_purchased":[],"campfire_rested":0,"item_purchase_floors":[],"current_hp_per_floor":[75,68,67,67,67,41,41,23,23,0],"gold":211,"neow_bonus":"BOSS_RELIC","is_prod":false,"is_daily":false,"chose_seed":false,"campfire_upgraded":1,"win_rate":0,"timestamp":1558113982,"path_taken":["M","?","M","?","M","E","R","M","T","E"],"build_version":"2019-01-23","purchased_purges":0,"victory":false,"max_hp_per_floor":[75,75,75,75,75,75,75,75,75,75],"card_choices":[{"not_picked":["FTL","Static Discharge"],"picked":"Redo","floor":1},{"not_picked":["Auto Shields","Hologram"],"picked":"Capacitor","floor":3},{"not_picked":["Stack","Beam Cell"],"picked":"Leap","floor":5},{"not_picked":["Double Energy","Steam"],"picked":"Conserve Battery","floor":6},{"not_picked":["Streamline","Rebound"],"picked":"Loop","floor":8}],"player_experience":283136,"relics_obtained":[{"floor":6,"key":"Smiling Mask"}],"event_choices":[{"cards_removed":["Strike_B"],"damage_healed":0,"gold_gain":0,"player_choice":"Card Removal","damage_taken":7,"max_hp_gain":0,"max_hp_loss":0,"event_name":"Golden Wing","floor":2,"gold_loss":0},{"damage_healed":0,"gold_gain":0,"player_choice":"Ignored","damage_taken":0,"max_hp_gain":0,"max_hp_loss":0,"event_name":"Liars Game","floor":4,"gold_loss":0}],"is_beta":false,"boss_relics":[],"items_purged_floors":[],"is_endless":false,"potions_floor_spawned":[1,3,8],"killed_by":"3 Sentries","ascension_level":0}