{"gold_per_floor":[366,366,381,331,70,80,80,98,98,25,25,25,52,71,71,167,167,181,201,92,106,124,124],"floor_reached":23,"playtime":1784,"items_purged":["Strike_B"],"score":193,"play_id":"ec0489c0-fb6a-4e04-8649-db3694357200","local_time":"20190527000825","is_ascension_mode":false,"campfire_choices":[{"floor":12,"key":"REST"},{"floor":15,"key":"REST"}],"neow_cost":"PERCENT_DAMAGE","seed_source_timestamp":44369492379338,"circlet_count":0,"master_deck":["Strike_B+1","Defend_B","Defend_B","Defend_B","Defend_B+1","Zap","Dualcast","Coolheaded+1","Barrage","Redo","Blizzard+1","Coolheaded","Ball Lightning+1","Coolheaded","Ball Lightning+1","Meteor Strike+1","Capacitor","Storm","Conserve Battery","Cold Snap+1"],"relics":["Cracked Core","Runic Capacitor","Molten Egg 2","War Paint","Ginger","Eternal Feather"],"potions_floor_usage":[8,14,14,16,21,22],"damage_taken":[{"damage":1,"enemies":"Jaw Worm","floor":1,"turns":3},{"damage":3,"enemies":"Small Slimes","floor":3,"turns":5},{"damage":0,"enemies":"2 Louse","floor":6,"turns":2},{"damage":6,"enemies":"Lots of Slimes","floor":8,"turns":3},{"damage":20,"enemies":"Gremlin Nob","floor":13,"turns":4},{"damage":6,"enemies":"Exordium Thugs","floor":14,"turns":4},{"damage":4,"enemies":"Slime Boss","floor":16,"turns":7},{"damage":10,"enemies":"Shell Parasite","floor":18,"turns":7},{"damage":4,"enemies":"Chosen","floor":19,"turns":4},{"damage":22,"enemies":"Sentry and Sphere","floor":21,"turns":8},{"damage":0,"enemies":"3 Cultists","floor":22,"turns":2},{"damage":47,"enemies":"Book of Stabbing","floor":23,"turns":8}],"seed_played":"703568471702650531","potions_obtained":[{"floor":1,"key":"AttackPotion"},{"floor":6,"key":"Energy Potion"},{"floor":8,"key":"SkillPotion"},{"floor":13,"key":"Energy Potion"},{"floor":14,"key":"SkillPotion"},{"floor":18,"key":"PowerPotion"},{"floor":19,"key":"GamblersBrew"}],"is_trial":false,"path_per_floor":["M","?","M","?","$","M","?","M","T","$","?","R","E","M","R","B",null,"M","M","$","M","M","E"],"character_chosen":"DEFECT","items_purchased":["Runic Capacitor","Redo","Ball Lightning+1","Hologram","Storm"],"campfire_rested":2,"item_purchase_floors":[5,5,10,10,20],"current_hp_per_floor":[53,46,43,43,43,43,28,22,22,22,22,44,24,18,40,36,75,65,61,61,39,39,0],"gold":124,"neow_bonus":"TWO_FIFTY_GOLD","is_prod":false,"is_daily":false,"chose_seed":false,"campfire_upgraded":0,"win_rate":0,"timestamp":1558912105,"path_taken":["M","?","M","?","$","M","?","M","T","$","?","R","E","M","R","BOSS","M","?","$","M","M","E"],"build_version":"2019-01-23","purchased_purges":1,"victory":false,"max_hp_per_floor":[75,75,75,75,75,75,75,75,75,75,75,75,75,75,75,75,75,75,75,75,75,75,75],"card_choices":[{"not_picked":["Steam","Barrage"],"picked":"Coolheaded","floor":1},{"not_picked":["Beam Cell","Stack"],"picked":"Barrage","floor":3},{"not_picked":["Reprogram","Hello World"],"picked":"Blizzard","floor":6},{"not_picked":["FTL","Sunder"],"picked":"Coolheaded","floor":8},{"not_picked":["Go for the Eyes+1","Turbo"],"picked":"Coolheaded","floor":13},{"not_picked":["Recycle","Streamline+1"],"picked":"Ball Lightning+1","floor":14},{"not_picked":["Biased Cognition","All For One+1"],"picked":"Meteor Strike+1","floor":16},{"not_picked":["Sweeping Beam+1","Compile Driver+1","Rebound+1"],"picked":"SKIP","floor":18},{"not_picked":["Streamline+1","Sweeping Beam+1"],"picked":"Capacitor","floor":19},{"not_picked":["White Noise","Tempest+1"],"picked":"Conserve Battery","floor":21},{"not_picked":["Barrage+1","Hologram"],"picked":"Cold Snap+1","floor":22}],"player_experience":469227,"relics_obtained":[{"floor":9,"key":"Molten Egg 2"},{"floor":13,"key":"Ginger"}],"event_choices":[{"cards_removed":["Strike_B"],"damage_healed":0,"gold_gain":0,"player_choice":"Card Removal","damage_taken":7,"max_hp_gain":0,"max_hp_loss":0,"event_name":"Golden Wing","floor":2,"gold_loss":0},{"cards_removed":["Strike_B"],"damage_healed":0,"gold_gain":0,"player_choice":"Card Removal","damage_taken":0,"max_hp_gain":0,"max_hp_loss":0,"event_name":"The Cleric","floor":4,"gold_loss":50},{"damage_healed":0,"gold_gain":0,"player_choice":"Entered Light","damage_taken":15,"max_hp_gain":0,"max_hp_loss":0,"event_name":"Shining Light","floor":7,"gold_loss":0,"cards_upgraded":["Strike_B","Blizzard"]},{"cards_removed":["Hologram"],"damage_healed":0,"gold_gain":0,"player_choice":"Gave Card","damage_taken":0,"relics_obtained":["War Paint"],"max_hp_gain":0,"max_hp_loss":0,"event_name":"WeMeetAgain","floor":11,"gold_loss":0}],"is_beta":false,"boss_relics":[{"not_picked":["Calling Bell","Orrery"],"picked":"Eternal Feather"}],"items_purged_floors":[20],"is_endless":false,"potions_floor_spawned":[1,6,8,13,14,18,19],"killed_by":"Book of Stabbing","ascension_level":0}