{"gold_per_floor":[110,38,49,49,69,84,103,131,131,146,146,180,180,199,199,300,300,313,313,323,422,433,463,70,87,87,87,142,142,161,161,161,266,266,285,297,311,311,54,54,73,73,126,161,161,216,234,253,253,253,253,253,9,42,42],"floor_reached":56,"playtime":6901,"items_purged":["Strike_B","Defend_B","Defend_B"],"score":1231,"play_id":"30d5fc05-78d8-476a-8b14-be2a8a8b7c12","local_time":"20190601223310","is_ascension_mode":false,"campfire_choices":[{"data":"Sunder","floor":11,"key":"SMITH"},{"floor":13,"key":"REST"},{"data":"Rainbow","floor":15,"key":"SMITH"},{"data":"Defragment","floor":29,"key":"SMITH"},{"data":"Fission","floor":32,"key":"SMITH"},{"data":"Echo Form","floor":40,"key":"SMITH"},{"data":"Chaos","floor":42,"key":"SMITH"},{"floor":45,"key":"RECALL"},{"data":"Barrage","floor":49,"key":"SMITH"},{"data":"Loop","floor":52,"key":"SMITH"}],"neow_cost":"NONE","seed_source_timestamp":100754678528377,"circlet_count":0,"master_deck":["Defend_B","Defend_B","Zap","Dualcast","Barrage+1","Gash","Defragment+1","Loop+1","Sunder+1","Leap","Gash","Compile Driver","Cold Snap","Hello World","Chill","Cold Snap","Rainbow+1","Echo Form+1","Coolheaded","Chaos+1","BootSequence+1","Conserve Battery","Cold Snap+1","BootSequence","Defragment","Gash+1","Coolheaded","Cold Snap+1","Stack","Fission+1","All For One","Machine Learning+1","Core Surge+1","Seek+1","Defragment","Compile Driver+1","Hologram+1","Madness","Madness","Force Field+1","Coolheaded+1","Machine Learning","Redo+1"],"relics":["Cracked Core","Meat on the Bone","Prayer Wheel","Thread and Needle","Inserter","Pocketwatch","Pantograph","Tiny Chest","Astrolabe","Orichalcum","Bag of Marbles","DataDisk","Peace Pipe","Blue Candle"],"potions_floor_usage":[8,12,16,18,20,23,29,35,50,55,55,55],"damage_taken":[{"damage":0,"enemies":"Small Slimes","floor":1,"turns":4},{"damage":0,"enemies":"Cultist","floor":3,"turns":2},{"damage":1,"enemies":"Jaw Worm","floor":5,"turns":3},{"damage":13,"enemies":"3 Louse","floor":6,"turns":3},{"damage":12,"enemies":"Blue Slaver","floor":7,"turns":2},{"damage":26,"enemies":"3 Sentries","floor":8,"turns":7},{"damage":0,"enemies":"Large Slime","floor":10,"turns":5},{"damage":18,"enemies":"Lagavulin","floor":12,"turns":6},{"damage":6,"enemies":"Looter","floor":14,"turns":2},{"damage":9,"enemies":"Hexaghost","floor":16,"turns":9},{"damage":0,"enemies":"Chosen","floor":18,"turns":4},{"damage":0,"enemies":"3 Byrds","floor":20,"turns":4},{"damage":18,"enemies":"Centurion and Healer","floor":22,"turns":11},{"damage":5,"enemies":"Book of Stabbing","floor":23,"turns":7},{"damage":9,"enemies":"Shelled Parasite and Fungi","floor":25,"turns":7},{"damage":9,"enemies":"Slavers","floor":28,"turns":6},{"damage":2,"enemies":"Snecko","floor":30,"turns":5},{"damage":45,"enemies":"Automaton","floor":33,"turns":11},{"damage":0,"enemies":"Orb Walker","floor":35,"turns":5},{"damage":0,"enemies":"3 Shapes","floor":36,"turns":5},{"damage":0,"enemies":"Jaw Worm Horde","floor":37,"turns":6},{"damage":0,"enemies":"4 Shapes","floor":41,"turns":4},{"damage":0,"enemies":"Giant Head","floor":44,"turns":8},{"damage":22,"enemies":"2 Orb Walkers","floor":46,"turns":7},{"damage":0,"enemies":"Spire Growth","floor":47,"turns":6},{"damage":0,"enemies":"Sphere and 2 Shapes","floor":48,"turns":7},{"damage":45,"enemies":"Awakened One","floor":50,"turns":13},{"damage":7,"enemies":"Shield and Spear","floor":54,"turns":9},{"damage":79,"enemies":"The Heart","floor":55,"turns":11}],"seed_played":"1475436744645921009","potions_obtained":[{"floor":1,"key":"Poison Potion"},{"floor":6,"key":"FearPotion"},{"floor":12,"key":"Poison Potion"},{"floor":14,"key":"FearPotion"},{"floor":18,"key":"Explosive Potion"},{"floor":22,"key":"Dexterity Potion"},{"floor":23,"key":"FairyPotion"},{"floor":28,"key":"Fruit Juice"},{"floor":33,"key":"FocusPotion"},{"floor":36,"key":"SteroidPotion"},{"floor":37,"key":"Strength Potion"},{"floor":47,"key":"Fire Potion"}],"is_trial":false,"path_per_floor":["M","$","M","?","M","M","M","E","T","M","R","E","R","M","R","B",null,"M","?","M","?","M","E","$","M","T","$","E","R","M","?","R","B",null,"M","M","M","?","$","R","M","R","T","E","R","?","M","M","R","B",null,"R","$","E","B",null],"character_chosen":"DEFECT","items_purchased":["Defragment","Defragment","Pantograph","Orichalcum","PowerPotion","FocusPotion"],"campfire_rested":1,"item_purchase_floors":[2,24,24,39,53,53],"current_hp_per_floor":[75,75,75,75,74,61,49,23,23,35,35,29,51,45,45,48,75,75,75,75,75,57,52,52,43,43,43,46,51,49,49,49,41,80,80,80,80,70,70,70,70,70,70,70,70,48,48,48,48,40,80,80,80,73,13],"gold":42,"neow_bonus":"THREE_CARDS","is_prod":false,"is_daily":false,"chose_seed":false,"campfire_upgraded":8,"win_rate":0,"timestamp":1559424790,"path_taken":["M","$","M","?","M","M","?","E","T","M","R","E","R","M","R","BOSS","M","?","M","?","M","E","$","M","T","?","E","R","M","?","R","BOSS","M","M","M","?","$","R","M","R","T","E","R","?","M","M","R","BOSS","R","$","E","BOSS"],"build_version":"2019-01-23","purchased_purges":3,"victory":true,"max_hp_per_floor":[75,75,75,75,75,75,75,75,75,75,75,75,75,75,75,75,75,75,75,75,75,75,75,75,75,75,75,75,80,80,80,80,80,80,80,80,80,80,80,80,80,80,80,80,80,80,80,80,80,80,80,80,80,80,80],"card_choices":[{"not_picked":["Hologram","Stack"],"picked":"Barrage","floor":0},{"not_picked":["Heatsinks","Melter"],"picked":"Gash","floor":1},{"not_picked":["Static Discharge","Go for the Eyes"],"picked":"Loop","floor":3},{"not_picked":["Coolheaded","Stack"],"picked":"Sunder","floor":5},{"not_picked":["Steam Power","Sweeping Beam"],"picked":"Leap","floor":6},{"not_picked":["Barrage","Double Energy"],"picked":"Gash","floor":7},{"not_picked":["Consume","Buffer"],"picked":"Compile Driver","floor":8},{"not_picked":["Scrape","Compile Driver"],"picked":"Cold Snap","floor":10},{"not_picked":["Streamline","Hologram"],"picked":"Hello World","floor":10},{"not_picked":["Streamline","Heatsinks"],"picked":"Chill","floor":12},{"not_picked":["Rebound","Leap"],"picked":"Cold Snap","floor":14},{"not_picked":["Conserve Battery","Barrage"],"picked":"Rainbow","floor":14},{"not_picked":["Core Surge","Multi-Cast"],"picked":"Echo Form","floor":16},{"not_picked":["Double Energy","Hologram"],"picked":"Coolheaded","floor":18},{"not_picked":["Double Energy+1","Go for the Eyes+1"],"picked":"Chaos","floor":18},{"not_picked":["Steam Power","Skim+1"],"picked":"BootSequence+1","floor":20},{"not_picked":["Rebound","Redo"],"picked":"Conserve Battery","floor":20},{"not_picked":["Reboot","Loop"],"picked":"Cold Snap+1","floor":22},{"not_picked":["Tempest","Go for the Eyes","Streamline"],"picked":"SKIP","floor":22},{"not_picked":["Scrape","Tempest"],"picked":"BootSequence","floor":23},{"not_picked":["Conserve Battery","Turbo+1"],"picked":"Gash+1","floor":25},{"not_picked":["Skim+1","Sweeping Beam"],"picked":"Coolheaded","floor":25},{"not_picked":["Sweeping Beam","Steam Power"],"picked":"Cold Snap+1","floor":28},{"not_picked":["FTL","Undo"],"picked":"Stack","floor":30},{"not_picked":["Go for the Eyes","BootSequence+1"],"picked":"Fission","floor":30},{"not_picked":["Echo Form","Hyperbeam"],"picked":"All For One","floor":33},{"not_picked":["Steam","Doom and Gloom","Tempest+1"],"picked":"SKIP","floor":35},{"not_picked":["Rip and Tear","Scrape+1","Rebound+1"],"picked":"SKIP","floor":35},{"not_picked":["Go for the Eyes","Chaos"],"picked":"Defragment","floor":36},{"not_picked":["Streamline+1","Ball Lightning"],"picked":"Compile Driver+1","floor":36},{"not_picked":["Stack","Leap+1"],"picked":"Hologram+1","floor":37},{"not_picked":["Reinforced Body+1","Go for the Eyes","Recycle+1"],"picked":"SKIP","floor":37},{"not_picked":["Compile Driver+1","Go for the Eyes+1"],"picked":"Force Field+1","floor":41},{"not_picked":["Rip and Tear","Cold Snap"],"picked":"Coolheaded+1","floor":41},{"not_picked":["Beam Cell","Doom and Gloom","Turbo"],"picked":"SKIP","floor":44},{"not_picked":["Doom and Gloom","FTL"],"picked":"Machine Learning","floor":46},{"not_picked":["Hologram+1","Lockon","Genetic Algorithm+1"],"picked":"SKIP","floor":47},{"not_picked":["Leap","Redo","Double Energy"],"picked":"SKIP","floor":47},{"not_picked":["Leap","Turbo","Streamline+1"],"picked":"SKIP","floor":48},{"not_picked":["Conserve Battery+1","Ball Lightning+1","Machine Learning"],"picked":"SKIP","floor":48},{"not_picked":["Steam+1","Streamline+1"],"picked":"Redo+1","floor":54}],"player_experience":583898,"relics_obtained":[{"floor":8,"key":"Meat on the Bone"},{"floor":9,"key":"Prayer Wheel"},{"floor":12,"key":"Thread and Needle"},{"floor":23,"key":"Pocketwatch"},{"floor":28,"key":"Tiny Chest"},{"floor":43,"key":"Bag of Marbles"},{"floor":44,"key":"DataDisk"},{"floor":46,"key":"Peace Pipe"},{"floor":54,"key":"Blue Candle"}],"event_choices":[{"damage_healed":0,"gold_gain":0,"player_choice":"Ignored","damage_taken":0,"max_hp_gain":0,"max_hp_loss":0,"event_name":"NoteForYourself","floor":4,"gold_loss":0},{"damage_healed":0,"gold_gain":0,"player_choice":"Ignored","damage_taken":0,"max_hp_gain":0,"max_hp_loss":0,"event_name":"Cursed Tome","floor":19,"gold_loss":0},{"damage_healed":0,"gold_gain":99,"player_choice":"Stole From Cult","damage_taken":0,"max_hp_gain":0,"max_hp_loss":0,"event_name":"Nest","floor":21,"gold_loss":0},{"damage_healed":0,"gold_gain":0,"player_choice":"Ignored","damage_taken":0,"max_hp_gain":0,"max_hp_loss":0,"event_name":"Ghosts","floor":31,"gold_loss":0},{"damage_healed":0,"gold_gain":0,"player_choice":"Embrace Madness","damage_taken":10,"max_hp_gain":0,"max_hp_loss":0,"event_name":"Winding Halls","floor":38,"gold_loss":0,"cards_obtained":["Madness","Madness"]},{"damage_healed":0,"gold_gain":0,"player_choice":"Fight","damage_taken":0,"max_hp_gain":0,"max_hp_loss":0,"event_name":"Mysterious Sphere","floor":46,"gold_loss":0}],"is_beta":false,"boss_relics":[{"not_picked":["Black Star","Eternal Feather"],"picked":"Inserter"},{"not_picked":["Velvet Choker","Tiny House"],"picked":"Astrolabe"}],"items_purged_floors":[24,39,53],"is_endless":false,"potions_floor_spawned":[1,6,12,14,18,22,23,28,33,36,37,47,48],"ascension_level":0}