{"gold_per_floor":[113,123,123,137,27,27,39,71,94,94,108,108,125,54,54,149,149,160,160,160,180,180,180,214,12,12,12,27,60,80,80,80,180,180,192,204,204,217,217,230,230],"floor_reached":41,"playtime":3268,"items_purged":["Defend_B"],"score":433,"play_id":"59e7377b-e828-40e9-aaa6-c2fe29ca00dd","local_time":"20190528122010","is_ascension_mode":false,"campfire_choices":[{"data":"Sunder","floor":6,"key":"SMITH"},{"data":"Redo","floor":12,"key":"SMITH"},{"data":"Dualcast","floor":15,"key":"SMITH"},{"data":"Zap","floor":23,"key":"SMITH"},{"floor":27,"key":"RECALL"},{"floor":32,"key":"REST"}],"neow_cost":"NONE","seed_source_timestamp":9704624560160,"circlet_count":0,"master_deck":["Defend_B","Defend_B","Defend_B","Zap+1","Dualcast+1","Leap","Ball Lightning","Sunder+1","BootSequence","Glacier","Conserve Battery","Redo+1","Machine Learning","Blizzard","Machine Learning","Hologram+1","Coolheaded+1","Defragment+1","Ball Lightning","Force Field","Stack","Coolheaded","Fusion+1","Fission","Chaos+1","Hologram+1","Loop","Madness","Madness"],"relics":["Cracked Core","Blood Vial","Empty Cage","Pen Nib","Bronze Scales","Regal Pillow","Dream Catcher","White Beast Statue"],"potions_floor_usage":[7,8,8,24,28,33,33,38,40,40,40,41],"damage_taken":[{"damage":0,"enemies":"Jaw Worm","floor":1,"turns":3},{"damage":0,"enemies":"Cultist","floor":2,"turns":3},{"damage":0,"enemies":"Small Slimes","floor":4,"turns":2},{"damage":0,"enemies":"Exordium Thugs","floor":7,"turns":3},{"damage":14,"enemies":"Gremlin Nob","floor":8,"turns":3},{"damage":0,"enemies":"Blue Slaver","floor":11,"turns":4},{"damage":0,"enemies":"3 Louse","floor":13,"turns":2},{"damage":7,"enemies":"The Guardian","floor":16,"turns":8},{"damage":14,"enemies":"3 Byrds","floor":18,"turns":7},{"damage":0,"enemies":"Chosen","floor":21,"turns":8},{"damage":2,"enemies":"Book of Stabbing","floor":24,"turns":7},{"damage":5,"enemies":"Centurion and Healer","floor":28,"turns":7},{"damage":29,"enemies":"Gremlin Leader","floor":29,"turns":6},{"damage":20,"enemies":"Snake Plant","floor":30,"turns":3},{"damage":23,"enemies":"Collector","floor":33,"turns":9},{"damage":0,"enemies":"3 Shapes","floor":35,"turns":5},{"damage":10,"enemies":"Orb Walker","floor":36,"turns":4},{"damage":5,"enemies":"4 Shapes","floor":38,"turns":5},{"damage":11,"enemies":"Transient","floor":40,"turns":5},{"damage":48,"enemies":"Reptomancer","floor":41,"turns":2}],"seed_played":"-8845505576540698375","potions_obtained":[{"floor":3,"key":"Weak Potion"},{"floor":3,"key":"FairyPotion"},{"floor":3,"key":"Ancient Potion"},{"floor":4,"key":"SteroidPotion"},{"floor":8,"key":"Energy Potion"},{"floor":16,"key":"Energy Potion"},{"floor":28,"key":"PowerPotion"},{"floor":29,"key":"Strength Potion"},{"floor":30,"key":"SpeedPotion"},{"floor":35,"key":"FocusPotion"},{"floor":36,"key":"Swift Potion"},{"floor":38,"key":"FocusPotion"},{"floor":40,"key":"FocusPotion"}],"is_trial":false,"path_per_floor":["M","M","?","M","$","R","M","E","T","?","M","R","M","$","R","B",null,"M","?","?","M","?","R","E","$","T","R","M","E","M","?","R","B",null,"M","M","?","M","?","M","E"],"character_chosen":"DEFECT","items_purchased":["Glacier","Blizzard","Bronze Scales","Ball Lightning"],"campfire_rested":1,"item_purchase_floors":[5,14,25,25],"current_hp_per_floor":[75,75,75,75,75,75,75,61,61,61,63,63,65,65,65,60,75,61,61,61,63,63,63,63,63,63,63,60,33,15,15,52,31,75,75,65,65,62,53,44,0],"gold":230,"neow_bonus":"TRANSFORM_CARD","is_prod":false,"is_daily":false,"chose_seed":false,"campfire_upgraded":4,"win_rate":0,"timestamp":1559042410,"path_taken":["M","M","?","M","$","R","?","E","T","?","M","R","M","?","R","BOSS","M","?","?","M","?","R","E","$","T","R","M","E","?","?","R","BOSS","M","?","?","M","?","M","E"],"build_version":"2019-01-23","purchased_purges":1,"victory":false,"max_hp_per_floor":[75,75,75,75,75,75,75,75,75,75,75,75,75,75,75,75,75,75,75,75,75,75,75,75,75,75,75,75,75,75,75,75,75,75,75,75,75,75,75,75,75],"card_choices":[{"not_picked":["Redo","Hello World"],"picked":"Ball Lightning","floor":1},{"not_picked":["Stack","Reinforced Body"],"picked":"Sunder","floor":2},{"not_picked":["Loop","Compile Driver"],"picked":"BootSequence","floor":4},{"not_picked":["Reprogram","Leap"],"picked":"Conserve Battery","floor":7},{"not_picked":["Reinforced Body","Compile Driver"],"picked":"Redo","floor":8},{"not_picked":["Steam","Sweeping Beam","Rebound"],"picked":"SKIP","floor":11},{"not_picked":["Steam","Turbo"],"picked":"Machine Learning","floor":13},{"not_picked":["Buffer","Creative AI"],"picked":"Machine Learning","floor":16},{"not_picked":["Scrape","Turbo+1"],"picked":"Hologram+1","floor":18},{"not_picked":["Chaos","Ball Lightning"],"picked":"Coolheaded+1","floor":21},{"not_picked":["Redo+1","Conserve Battery+1"],"picked":"Defragment","floor":24},{"not_picked":["Ball Lightning","White Noise"],"picked":"Force Field","floor":28},{"not_picked":["Hyperbeam","Lockon"],"picked":"Stack","floor":29},{"not_picked":["Barrage","Redo"],"picked":"Coolheaded","floor":30},{"not_picked":["Ball Lightning","Rebound+1"],"picked":"Fusion+1","floor":32},{"not_picked":["Biased Cognition","Hyperbeam"],"picked":"Fission","floor":33},{"not_picked":["Genetic Algorithm","FTL+1"],"picked":"Chaos+1","floor":35},{"not_picked":["Auto Shields+1","Compile Driver"],"picked":"Hologram+1","floor":36},{"not_picked":["Turbo+1","Steam"],"picked":"Loop","floor":38},{"not_picked":["Reinforced Body","Stack+1","Barrage+1"],"picked":"SKIP","floor":40}],"player_experience":500132,"relics_obtained":[{"floor":8,"key":"Blood Vial"},{"floor":24,"key":"Pen Nib"},{"floor":26,"key":"Regal Pillow"},{"floor":29,"key":"Dream Catcher"}],"event_choices":[{"damage_healed":0,"gold_gain":0,"player_choice":"Got Potions","damage_taken":0,"max_hp_gain":0,"max_hp_loss":0,"event_name":"Lab","floor":3,"gold_loss":0},{"cards_removed":["Strike_B"],"damage_healed":0,"gold_gain":0,"player_choice":"Offered Basic","damage_taken":0,"max_hp_gain":0,"max_hp_loss":0,"event_name":"Bonfire Elementals","floor":10,"gold_loss":0},{"damage_healed":0,"gold_gain":0,"player_choice":"Ignored","damage_taken":0,"max_hp_gain":0,"max_hp_loss":0,"event_name":"Vampires","floor":19,"gold_loss":0},{"damage_healed":0,"gold_gain":0,"player_choice":"Ignored","damage_taken":0,"max_hp_gain":0,"max_hp_loss":0,"event_name":"Ghosts","floor":20,"gold_loss":0},{"damage_healed":0,"gold_gain":0,"player_choice":"Bought 0 Potions","damage_taken":0,"max_hp_gain":0,"max_hp_loss":0,"event_name":"The Woman in Blue","floor":22,"gold_loss":0},{"damage_healed":0,"gold_gain":0,"player_choice":"Forge","damage_taken":0,"max_hp_gain":0,"max_hp_loss":0,"event_name":"Accursed Blacksmith","floor":31,"gold_loss":0,"cards_upgraded":["Defragment"]},{"damage_healed":0,"gold_gain":0,"player_choice":"Ignored","damage_taken":0,"max_hp_gain":0,"max_hp_loss":0,"event_name":"Tomb of Lord Red Mask","floor":37,"gold_loss":0},{"damage_healed":0,"gold_gain":0,"player_choice":"Embrace Madness","damage_taken":9,"max_hp_gain":0,"max_hp_loss":0,"event_name":"Winding Halls","floor":39,"gold_loss":0,"cards_obtained":["Madness","Madness"]}],"is_beta":false,"boss_relics":[{"not_picked":["Snecko Eye","Eternal Feather"],"picked":"Empty Cage"},{"not_picked":["Velvet Choker","Coffee Dripper"],"picked":"White Beast Statue"}],"items_purged_floors":[5],"is_endless":false,"potions_floor_spawned":[4,8,16,28,29,30,35,36,38,40],"killed_by":"Reptomancer","ascension_level":0}