{"gold_per_floor":[18,35,54,74,91,118,118,148,174,174,201,231,231,109,109,212,212,232,232,184,203,108,143,143,218,218,218,248,248,265,296,296,394,394,411,411,411,411,5,23,36,36,36,36,50,105,125,28,28,28,28,28,28,59,59],"floor_reached":56,"playtime":6139,"items_purged":["Strike_B"],"score":1186,"play_id":"18a7507f-fc09-4986-97d5-d69f1ed95363","local_time":"20190528183732","is_ascension_mode":false,"campfire_choices":[{"floor":7,"key":"REST"},{"floor":13,"key":"RECALL"},{"floor":15,"key":"REST"},{"data":"Creative AI","floor":24,"key":"SMITH"},{"data":"Zap","floor":27,"key":"SMITH"},{"floor":29,"key":"REST"},{"floor":32,"key":"REST"},{"data":"Apotheosis","floor":42,"key":"SMITH"},{"data":"Seek","floor":44,"key":"SMITH"},{"floor":49,"key":"REST"},{"data":"Loop","floor":52,"key":"SMITH"}],"neow_cost":"NO_GOLD","seed_source_timestamp":29448003110927,"circlet_count":0,"master_deck":["Strike_B+1","Defend_B","Defend_B","Zap+1","Dualcast","Loop+1","Chill","Gash","Defragment","Compile Driver","Go for the Eyes","Gash","Creative AI+1","Conserve Battery","Conserve Battery","Coolheaded","Heatsinks","Gash","Seek+1","Fission","Apotheosis+1","Coolheaded+1","Loop+1","Streamline+1","Fission","Conserve Battery","Coolheaded","Conserve Battery"],"relics":["Cracked Core","Incense Burner","Sundial","Tiny Chest","Oddly Smooth Stone","Kunai","Whetstone","Busted Crown","Bottled Lightning","Matryoshka","Ornamental Fan","Frozen Egg 2","Empty Cage","Bag of Preparation","Cables","PreservedInsect","Shuriken","Orichalcum","Du-Vu Doll","Boot"],"potions_floor_usage":[11,16,16,21,31,33,33,35,47,50,55],"damage_taken":[{"damage":8,"enemies":"Jaw Worm","floor":1,"turns":3},{"damage":0,"enemies":"Small Slimes","floor":2,"turns":4},{"damage":0,"enemies":"2 Louse","floor":3,"turns":2},{"damage":7,"enemies":"Blue Slaver","floor":4,"turns":4},{"damage":7,"enemies":"Red Slaver","floor":5,"turns":3},{"damage":20,"enemies":"Lagavulin","floor":6,"turns":6},{"damage":15,"enemies":"Gremlin Nob","floor":11,"turns":4},{"damage":21,"enemies":"Hexaghost","floor":16,"turns":8},{"damage":13,"enemies":"Shell Parasite","floor":18,"turns":7},{"damage":7,"enemies":"Spheric Guardian","floor":21,"turns":5},{"damage":0,"enemies":"Book of Stabbing","floor":23,"turns":7},{"damage":28,"enemies":"Slavers","floor":28,"turns":6},{"damage":0,"enemies":"3 Cultists","floor":30,"turns":6},{"damage":21,"enemies":"Gremlin Leader","floor":31,"turns":8},{"damage":18,"enemies":"Collector","floor":33,"turns":10},{"damage":28,"enemies":"3 Darklings","floor":35,"turns":6},{"damage":7,"enemies":"3 Shapes","floor":40,"turns":5},{"damage":0,"enemies":"Sphere and 2 Shapes","floor":41,"turns":5},{"damage":0,"enemies":"3 Darklings","floor":45,"turns":4},{"damage":13,"enemies":"2 Orb Walkers","floor":46,"turns":5},{"damage":0,"enemies":"Spire Growth","floor":47,"turns":3},{"damage":40,"enemies":"Awakened One","floor":50,"turns":10},{"damage":46,"enemies":"Shield and Spear","floor":54,"turns":7},{"damage":24,"enemies":"The Heart","floor":55,"turns":12}],"seed_played":"4496946146157638554","potions_obtained":[{"floor":1,"key":"LiquidBronze"},{"floor":3,"key":"SteroidPotion"},{"floor":6,"key":"Swift Potion"},{"floor":16,"key":"Block Potion"},{"floor":23,"key":"FearPotion"},{"floor":28,"key":"GamblersBrew"},{"floor":30,"key":"PowerPotion"},{"floor":33,"key":"Explosive Potion"},{"floor":41,"key":"LiquidBronze"},{"floor":46,"key":"Fire Potion"},{"floor":54,"key":"Weak Potion"}],"is_trial":false,"path_per_floor":["M","M","M","M","M","E","R","?","T","T","E","?","R","$","R","B",null,"M","?","$","M","$","E","R","?","T","R","E","R","M","E","R","B",null,"M","T","?","?","$","M","M","R","T","R","M","?","M","$","R","B",null,"R","$","E","B",null],"character_chosen":"DEFECT","items_purchased":["Gash","Conserve Battery","Coolheaded","Heatsinks","PreservedInsect","Shuriken","Conserve Battery","Coolheaded"],"campfire_rested":5,"item_purchase_floors":[14,20,22,22,39,39,48,48],"current_hp_per_floor":[67,67,67,60,53,33,55,52,52,52,37,37,37,37,59,38,75,62,62,62,55,55,55,55,48,48,48,20,42,42,21,43,25,75,47,47,47,47,47,40,40,40,40,40,40,27,27,27,49,9,75,75,75,29,5],"gold":59,"neow_bonus":"ONE_RARE_RELIC","is_prod":false,"is_daily":false,"chose_seed":false,"campfire_upgraded":5,"win_rate":0,"timestamp":1559065052,"path_taken":["M","M","M","M","M","E","R","?","T","?","E","?","R","?","R","BOSS","M","?","$","M","$","E","R","?","T","R","E","R","M","E","R","BOSS","M","?","?","?","$","M","M","R","T","R","?","?","M","$","R","BOSS","R","$","E","BOSS"],"build_version":"2019-01-23","purchased_purges":1,"victory":true,"max_hp_per_floor":[75,75,75,75,75,75,75,75,75,75,75,75,75,75,75,75,75,75,75,75,75,75,75,75,75,75,75,75,75,75,75,75,75,75,75,75,75,75,75,75,75,75,75,75,75,75,75,75,75,75,75,75,75,75,75],"card_choices":[{"not_picked":["Melter","Skim","Steam"],"picked":"SKIP","floor":1},{"not_picked":["Go for the Eyes","FTL"],"picked":"Loop","floor":2},{"not_picked":["Heatsinks","Go for the Eyes"],"picked":"Chill","floor":3},{"not_picked":["Beam Cell","Turbo"],"picked":"Gash","floor":4},{"not_picked":["Redo","Reboot"],"picked":"Defragment","floor":5},{"not_picked":["Reprogram","Barrage"],"picked":"Compile Driver","floor":6},{"not_picked":["Auto Shields","Buffer"],"picked":"Go for the Eyes","floor":11},{"not_picked":["Meteor Strike","Hyperbeam"],"picked":"Creative AI","floor":16},{"not_picked":["Steam Power"],"picked":"SKIP","floor":18},{"not_picked":[],"picked":"Conserve Battery","floor":21},{"not_picked":["Sweeping Beam"],"picked":"SKIP","floor":23},{"not_picked":[],"picked":"Gash","floor":28},{"not_picked":["Compile Driver"],"picked":"SKIP","floor":30},{"not_picked":[],"picked":"Seek","floor":31},{"not_picked":[],"picked":"Fission","floor":33},{"not_picked":["Steam"],"picked":"SKIP","floor":35},{"not_picked":[],"picked":"Apotheosis","floor":38},{"not_picked":[],"picked":"Coolheaded+1","floor":40},{"not_picked":["Cold Snap"],"picked":"SKIP","floor":41},{"not_picked":[],"picked":"Loop+1","floor":45},{"not_picked":[],"picked":"Streamline+1","floor":46},{"not_picked":[],"picked":"Fission","floor":47},{"not_picked":[],"picked":"Conserve Battery","floor":54}],"player_experience":511187,"relics_obtained":[{"floor":6,"key":"Sundial"},{"floor":9,"key":"Oddly Smooth Stone"},{"floor":10,"key":"Kunai"},{"floor":11,"key":"Whetstone"},{"floor":23,"key":"Bottled Lightning"},{"floor":26,"key":"Matryoshka"},{"floor":28,"key":"Ornamental Fan"},{"floor":31,"key":"Frozen Egg 2"},{"floor":36,"key":"Bag of Preparation"},{"floor":36,"key":"Cables"},{"floor":43,"key":"Orichalcum"},{"floor":46,"key":"Du-Vu Doll"},{"floor":54,"key":"Boot"}],"event_choices":[{"damage_healed":0,"gold_gain":0,"player_choice":"Success","damage_taken":3,"relics_obtained":["Tiny Chest"],"max_hp_gain":0,"max_hp_loss":0,"event_name":"Scrap Ooze","floor":8,"gold_loss":0},{"damage_healed":0,"gold_gain":30,"player_choice":"Searched \u00272\u0027 times","damage_taken":0,"max_hp_gain":0,"max_hp_loss":0,"event_name":"Dead Adventurer","floor":12,"gold_loss":0},{"cards_removed":["Strike_B"],"damage_healed":0,"gold_gain":0,"player_choice":"Elegance","damage_taken":0,"max_hp_gain":0,"max_hp_loss":0,"event_name":"Back to Basics","floor":19,"gold_loss":0},{"damage_healed":0,"gold_gain":75,"player_choice":"Touch","damage_taken":7,"max_hp_gain":0,"max_hp_loss":0,"event_name":"FaceTrader","floor":25,"gold_loss":0},{"cards_removed":["Strike_B"],"damage_healed":0,"gold_gain":0,"player_choice":"Removed Attack","damage_taken":0,"max_hp_gain":0,"max_hp_loss":0,"event_name":"Falling","floor":37,"gold_loss":0},{"damage_healed":0,"gold_gain":0,"player_choice":"Memory 1","damage_taken":0,"max_hp_gain":0,"max_hp_loss":0,"event_name":"SensoryStone","floor":38,"gold_loss":0},{"damage_healed":0,"gold_gain":0,"player_choice":"Fight","damage_taken":0,"max_hp_gain":0,"max_hp_loss":0,"event_name":"Mysterious Sphere","floor":46,"gold_loss":0}],"is_beta":false,"boss_relics":[{"not_picked":["Orrery","Runic Dome"],"picked":"Busted Crown"},{"not_picked":["Sozu","Tiny House"],"picked":"Empty Cage"}],"items_purged_floors":[14],"is_endless":false,"potions_floor_spawned":[1,3,6,16,23,28,30,33,41,46,54],"ascension_level":0}