{"gold_per_floor":[113,113,133,133,146,171,21,21,21,35,35,74,149,165,165,288,288,313,332,44,57,57,96,109,135,185,59,79,98,113,9,9,135,135,156,172,4,17,17,17,50,50,50,50,68,104,104,123,123,123,123,123,14,49,49],"floor_reached":55,"playtime":3839,"items_purged":["Strike_B","Strike_B","Strike_B+1"],"score":759,"play_id":"94ee8038-6a65-4104-bd28-387d123c6aa4","local_time":"20190611215413","is_ascension_mode":false,"campfire_choices":[{"floor":11,"key":"REST"},{"floor":15,"key":"REST"},{"data":"Defragment","floor":32,"key":"SMITH"},{"floor":40,"key":"RECALL"},{"data":"Rainbow","floor":42,"key":"SMITH"},{"data":"Loop","floor":49,"key":"SMITH"},{"data":"Static Discharge","floor":52,"key":"SMITH"}],"neow_cost":"NONE","seed_source_timestamp":97751406961348,"circlet_count":0,"master_deck":["Strike_B+1","Defend_B+1","Defend_B+1","Defend_B+1","Defend_B+1","Zap+1","Dualcast+1","Barrage","Gash","White Noise","Sweeping Beam+1","Cold Snap+1","Loop+1","Ball Lightning+1","Gash+1","Stack","Blizzard+1","Ball Lightning+1","Machine Learning","Darkness","Doom and Gloom+1","Beam Cell+1","Static Discharge+1","Self Repair+1","Streamline+1","Rainbow+1","Defragment+1","Go for the Eyes+1","Coolheaded","Compile Driver+1","Stack+1","All For One+1","Loop","Storm+1","Coolheaded+1","Redo+1","Parasite","Stack+1","Redo+1","Blind+1","Gash+1","Coolheaded+1","Barrage+1","Defragment","Glacier+1"],"relics":["Cracked Core","Molten Egg 2","Dream Catcher","Golden Idol","Mercury Hourglass","Matryoshka","Coffee Dripper","Membership Card","Pen Nib","Shuriken","Centennial Puzzle","Art of War","PreservedInsect","Inserter","Toxic Egg 2","Oddly Smooth Stone","Ornamental Fan","Anchor","Strawberry","Lantern"],"potions_floor_usage":[10,12,21,23,23,29,33,33,41,50,55,55,55],"damage_taken":[{"damage":0,"enemies":"2 Louse","floor":1,"turns":1},{"damage":0,"enemies":"Small Slimes","floor":3,"turns":3},{"damage":1,"enemies":"Jaw Worm","floor":5,"turns":3},{"damage":21,"enemies":"Lagavulin","floor":6,"turns":5},{"damage":6,"enemies":"Exordium Wildlife","floor":10,"turns":2},{"damage":0,"enemies":"Gremlin Nob","floor":12,"turns":3},{"damage":0,"enemies":"Large Slime","floor":14,"turns":3},{"damage":34,"enemies":"Hexaghost","floor":16,"turns":9},{"damage":5,"enemies":"Chosen","floor":18,"turns":3},{"damage":12,"enemies":"Shell Parasite","floor":19,"turns":3},{"damage":20,"enemies":"Shelled Parasite and Fungi","floor":21,"turns":4},{"damage":14,"enemies":"Gremlin Leader","floor":23,"turns":4},{"damage":0,"enemies":"Sentry and Sphere","floor":24,"turns":3},{"damage":9,"enemies":"Centurion and Healer","floor":28,"turns":4},{"damage":12,"enemies":"Snake Plant","floor":29,"turns":2},{"damage":14,"enemies":"Snecko","floor":30,"turns":5},{"damage":28,"enemies":"Collector","floor":33,"turns":6},{"damage":0,"enemies":"3 Shapes","floor":35,"turns":4},{"damage":2,"enemies":"Orb Walker","floor":36,"turns":2},{"damage":11,"enemies":"Writhing Mass","floor":38,"turns":4},{"damage":16,"enemies":"Reptomancer","floor":41,"turns":5},{"damage":5,"enemies":"4 Shapes","floor":45,"turns":4},{"damage":10,"enemies":"Nemesis","floor":46,"turns":5},{"damage":1,"enemies":"Sphere and 2 Shapes","floor":48,"turns":3},{"damage":31,"enemies":"Awakened One","floor":50,"turns":10},{"damage":42,"enemies":"Shield and Spear","floor":54,"turns":5},{"damage":34,"enemies":"The Heart","floor":55,"turns":3}],"seed_played":"2398899234872923199","potions_obtained":[{"floor":3,"key":"LiquidBronze"},{"floor":6,"key":"Fire Potion"},{"floor":10,"key":"Block Potion"},{"floor":12,"key":"Strength Potion"},{"floor":19,"key":"Fire Potion"},{"floor":28,"key":"Fire Potion"},{"floor":30,"key":"Dexterity Potion"},{"floor":35,"key":"FearPotion"},{"floor":38,"key":"EssenceOfSteel"},{"floor":41,"key":"Ancient Potion"},{"floor":45,"key":"Strength Potion"},{"floor":54,"key":"Block Potion"}],"is_trial":false,"path_per_floor":["M","?","M","?","M","E","$","?","T","M","R","E","?","M","R","B",null,"M","M","$","M","?","E","M","T","T","$","M","M","M","$","R","B",null,"M","M","$","M","?","R","E","R","T","?","M","E","?","M","R","B",null,"R","$","E","B"],"character_chosen":"DEFECT","items_purchased":["Loop","Membership Card","Beam Cell+1","Static Discharge","Defragment","Go for the Eyes+1","PreservedInsect","Poison Potion","Toxic Egg 2","Coolheaded+1","Redo+1","Defragment","Strawberry"],"campfire_rested":2,"item_purchase_floors":[7,20,20,20,27,27,31,31,37,37,37,53,53],"current_hp_per_floor":[75,60,60,53,52,31,31,31,31,25,45,45,34,34,54,20,69,64,52,52,32,32,28,38,38,38,38,39,37,33,33,33,5,69,69,67,67,56,56,56,40,40,40,40,35,35,35,44,44,23,66,66,73,31,0],"gold":49,"neow_bonus":"THREE_CARDS","is_prod":false,"is_daily":false,"chose_seed":false,"campfire_upgraded":4,"win_rate":0,"timestamp":1560286453,"path_taken":["M","?","M","?","M","E","$","?","T","M","R","E","?","M","R","BOSS","M","M","$","M","?","E","M","?","T","?","M","M","M","$","R","BOSS","M","M","$","M","?","R","E","R","T","?","M","E","?","M","R","BOSS","R","$","E","BOSS"],"build_version":"2019-01-23","purchased_purges":3,"victory":false,"max_hp_per_floor":[75,75,75,75,75,75,75,69,69,69,69,69,69,69,69,69,69,69,69,69,69,69,69,69,69,69,69,69,69,69,69,69,69,69,69,69,69,69,69,69,69,69,69,69,69,69,66,66,66,66,66,66,73,73,73],"card_choices":[{"not_picked":["Undo","Leap"],"picked":"Barrage","floor":0},{"not_picked":["Compile Driver","Redo"],"picked":"Gash","floor":1},{"not_picked":["Leap","Recycle"],"picked":"White Noise","floor":3},{"not_picked":["Hello World","Darkness"],"picked":"Sweeping Beam+1","floor":5},{"not_picked":["Rebound+1","Beam Cell+1"],"picked":"Cold Snap+1","floor":6},{"not_picked":["Compile Driver+1","Sweeping Beam+1"],"picked":"Ball Lightning+1","floor":10},{"not_picked":["Go for the Eyes+1","Leap"],"picked":"Gash+1","floor":11},{"not_picked":["Aggregate","Turbo"],"picked":"Stack","floor":12},{"not_picked":["Static Discharge","Double Energy"],"picked":"Blizzard+1","floor":14},{"not_picked":["Sweeping Beam+1","Recycle"],"picked":"Ball Lightning+1","floor":15},{"not_picked":["Biased Cognition","Meteor Strike+1"],"picked":"Machine Learning","floor":16},{"not_picked":["Ball Lightning+1","Reprogram"],"picked":"Darkness","floor":18},{"not_picked":["Rebound+1","Redo"],"picked":"Doom and Gloom+1","floor":19},{"not_picked":["Consume+1","Streamline+1"],"picked":"Self Repair+1","floor":21},{"not_picked":["Ball Lightning+1","Chill"],"picked":"Streamline+1","floor":23},{"not_picked":["Sweeping Beam+1","Hologram"],"picked":"Rainbow","floor":24},{"not_picked":["Hologram","Redo"],"picked":"Coolheaded","floor":28},{"not_picked":["Steam Power","Multi-Cast"],"picked":"Compile Driver+1","floor":29},{"not_picked":["Genetic Algorithm","Conserve Battery"],"picked":"Stack+1","floor":30},{"not_picked":["Meteor Strike+1","Machine Learning"],"picked":"All For One+1","floor":33},{"not_picked":["Cold Snap+1","Gash+1"],"picked":"Loop","floor":35},{"not_picked":["Darkness","Steam Power+1"],"picked":"Storm+1","floor":36},{"not_picked":["Sunder+1","Tempest+1"],"picked":"Stack+1","floor":38},{"not_picked":["Melter+1","Genetic Algorithm+1"],"picked":"Redo+1","floor":41},{"not_picked":["Enlightenment+1","Trip+1"],"picked":"Blind+1","floor":44},{"not_picked":["Redo+1","Hologram+1"],"picked":"Gash+1","floor":45},{"not_picked":["Reprogram+1","Barrage+1"],"picked":"Coolheaded+1","floor":46},{"not_picked":["Machine Learning","Turbo+1"],"picked":"Barrage+1","floor":48},{"not_picked":["Force Field+1","Hologram+1"],"picked":"Glacier+1","floor":54}],"player_experience":695865,"relics_obtained":[{"floor":6,"key":"Dream Catcher"},{"floor":9,"key":"Mercury Hourglass"},{"floor":12,"key":"Matryoshka"},{"floor":23,"key":"Pen Nib"},{"floor":25,"key":"Shuriken"},{"floor":26,"key":"Centennial Puzzle"},{"floor":26,"key":"Art of War"},{"floor":41,"key":"Oddly Smooth Stone"},{"floor":43,"key":"Ornamental Fan"},{"floor":46,"key":"Anchor"},{"floor":54,"key":"Lantern"}],"event_choices":[{"damage_healed":0,"gold_gain":0,"player_choice":"Entered Light","damage_taken":15,"max_hp_gain":0,"max_hp_loss":0,"event_name":"Shining Light","floor":2,"gold_loss":0,"cards_upgraded":["Dualcast","Zap"]},{"damage_healed":0,"gold_gain":0,"player_choice":"Success","damage_taken":7,"relics_obtained":["Molten Egg 2"],"max_hp_gain":0,"max_hp_loss":0,"event_name":"Scrap Ooze","floor":4,"gold_loss":0},{"damage_healed":0,"gold_gain":0,"player_choice":"Lose Max HP","damage_taken":0,"relics_obtained":["Golden Idol"],"max_hp_gain":0,"max_hp_loss":6,"event_name":"Golden Idol","floor":8,"gold_loss":0},{"damage_healed":0,"gold_gain":75,"player_choice":"Gather Gold","damage_taken":11,"max_hp_gain":0,"max_hp_loss":0,"event_name":"World of Goop","floor":13,"gold_loss":0},{"damage_healed":0,"gold_gain":0,"player_choice":"Simplicity","damage_taken":0,"max_hp_gain":0,"max_hp_loss":0,"event_name":"Back to Basics","floor":22,"gold_loss":0,"cards_upgraded":["Strike_B","Strike_B","Defend_B","Defend_B","Defend_B","Defend_B"]},{"damage_healed":0,"gold_gain":0,"player_choice":"Ignored","damage_taken":0,"max_hp_gain":0,"max_hp_loss":0,"event_name":"The Moai Head","floor":39,"gold_loss":0},{"damage_healed":0,"gold_gain":0,"player_choice":"Memory 1","damage_taken":0,"max_hp_gain":0,"max_hp_loss":0,"event_name":"SensoryStone","floor":44,"gold_loss":0},{"damage_healed":0,"gold_gain":0,"player_choice":"Max HP","damage_taken":0,"max_hp_gain":0,"max_hp_loss":3,"event_name":"Winding Halls","floor":47,"gold_loss":0}],"is_beta":false,"boss_relics":[{"not_picked":["Eternal Feather","Cursed Key"],"picked":"Coffee Dripper"},{"not_picked":["Fusion Hammer","Orrery"],"picked":"Inserter"}],"items_purged_floors":[7,20,27],"is_endless":false,"potions_floor_spawned":[3,6,10,12,19,28,30,35,38,41,45,54],"killed_by":"The Heart","ascension_level":0}