{"gold_per_floor":[113,113,129,149,5,37,63,63,63,63,83,101,117,136,136,232,232,248,259,259,279,294,321,28,28,28,42,60,60,77,2,2,107,107,117,136,136,146,162,162,182,196,196,196,231,246,49,62,62,62,62,62,14,43,43],"floor_reached":55,"playtime":5638,"items_purged":[],"score":804,"play_id":"eeaa621f-450d-44a2-955a-d1875fbd57c6","local_time":"20190616211800","is_ascension_mode":false,"campfire_choices":[{"data":"Defragment","floor":8.0,"key":"SMITH"},{"data":"Chill","floor":10.0,"key":"SMITH"},{"data":"Rainbow","floor":15.0,"key":"SMITH"},{"floor":29.0,"key":"REST"},{"data":"Seek","floor":32.0,"key":"SMITH"},{"floor":40.0,"key":"RECALL"},{"floor":44.0,"key":"REST"},{"data":"Fission","floor":49.0,"key":"SMITH"},{"data":"Dualcast","floor":52,"key":"SMITH"}],"neow_cost":"NONE","seed_source_timestamp":0,"circlet_count":0,"master_deck":["Defend_B","Defend_B","Defend_B","Zap+1","Dualcast+1","Rebound","Ball Lightning","Chill+1","Defragment+1","Seek+1","White Noise","Redo","Rainbow+1","Doom and Gloom","Electrodynamics","Skim+1","Aggregate+1","Machine Learning+1","Barrage","Capacitor","Chaos","Cold Snap","Leap+1","BootSequence+1","White Noise","Force Field","Fission+1","Beam Cell+1","Sunder+1","Hologram","Coolheaded","Capacitor","Darkness+1"],"special_seed":0,"relics":["Cracked Core","Anchor","Matryoshka","Odd Mushroom","Lantern","Astrolabe","Dodecahedron","Calipers","DataDisk","Cables","Philosopher\u0027s Stone","Sundial","Singing Bowl","ClockworkSouvenir","Gambling Chip"],"potions_floor_usage":[50,54,55,55,55,55,55],"damage_taken":[{"damage":0.0,"enemies":"Jaw Worm","floor":1.0,"turns":3.0},{"damage":3.0,"enemies":"Small Slimes","floor":3.0,"turns":2.0},{"damage":0.0,"enemies":"Cultist","floor":4.0,"turns":2.0},{"damage":14.0,"enemies":"Lagavulin","floor":6.0,"turns":5.0},{"damage":5.0,"enemies":"The Mushroom Lair","floor":7.0,"turns":4.0},{"damage":0.0,"enemies":"Looter","floor":11.0,"turns":3.0},{"damage":0.0,"enemies":"Large Slime","floor":12.0,"turns":3.0},{"damage":0.0,"enemies":"Red Slaver","floor":13.0,"turns":2.0},{"damage":0.0,"enemies":"Exordium Thugs","floor":14.0,"turns":5.0},{"damage":0.0,"enemies":"Slime Boss","floor":16.0,"turns":6.0},{"damage":5.0,"enemies":"Shell Parasite","floor":18.0,"turns":4.0},{"damage":0.0,"enemies":"Chosen","floor":19.0,"turns":3.0},{"damage":17.0,"enemies":"3 Cultists","floor":21.0,"turns":5.0},{"damage":0.0,"enemies":"Cultist and Chosen","floor":22.0,"turns":4.0},{"damage":24.0,"enemies":"Gremlin Leader","floor":23.0,"turns":7.0},{"damage":0.0,"enemies":"Centurion and Healer","floor":27.0,"turns":3.0},{"damage":0.0,"enemies":"Snecko","floor":28.0,"turns":4.0},{"damage":7.0,"enemies":"Snake Plant","floor":30.0,"turns":3.0},{"damage":25.0,"enemies":"Collector","floor":33.0,"turns":9.0},{"damage":0.0,"enemies":"Orb Walker","floor":35.0,"turns":4.0},{"damage":16.0,"enemies":"3 Darklings","floor":36.0,"turns":4.0},{"damage":35.0,"enemies":"Writhing Mass","floor":38.0,"turns":6.0},{"damage":0.0,"enemies":"Spire Growth","floor":39.0,"turns":5.0},{"damage":0.0,"enemies":"Maw","floor":41.0,"turns":7.0},{"damage":0.0,"enemies":"4 Shapes","floor":42.0,"turns":6.0},{"damage":0.0,"enemies":"Giant Head","floor":45.0,"turns":8.0},{"damage":0.0,"enemies":"Transient","floor":46.0,"turns":5.0},{"damage":17.0,"enemies":"Maw","floor":48.0,"turns":7.0},{"damage":0,"enemies":"Time Eater","floor":50,"turns":13},{"damage":26,"enemies":"Shield and Spear","floor":54,"turns":6},{"damage":57,"enemies":"The Heart","floor":55,"turns":6}],"seed_played":"-8605831208025665199","potions_obtained":[{"floor":1.0,"key":"EntropicBrew"},{"floor":6.0,"key":"SmokeBomb"},{"floor":11.0,"key":"SteroidPotion"},{"floor":18.0,"key":"Dexterity Potion"},{"floor":28.0,"key":"Strength Potion"},{"floor":33.0,"key":"Ancient Potion"},{"floor":35.0,"key":"Explosive Potion"},{"floor":39.0,"key":"Ancient Potion"},{"floor":41.0,"key":"EntropicBrew"},{"floor":48.0,"key":"SpeedPotion"},{"floor":54,"key":"Energy Potion"}],"is_trial":false,"path_per_floor":["M","?","M","M","$","E","?","R","T","R","M","M","M","M","R","B",null,"M","M","?","M","M","E","$","?","T","M","M","R","M","?","R","B",null,"M","M","?","M","M","R","M","M","T","R","E","M","$","M","R","B",null,"R","$","E","B"],"character_chosen":"DEFECT","items_purchased":["Anchor","Calipers","ClockworkSouvenir","SteroidPotion"],"campfire_rested":2,"item_purchase_floors":[5,24,47,53],"current_hp_per_floor":[75,68,65,65,65,51,46,46,46,46,46,46,46,46,46,46,75,70,70,70,53,53,29,29,22,22,22,22,44,37,37,37,12,75,75,59,59,24,24,24,24,24,24,46,48,48,48,33,33,33,79,79,79,55,0],"gold":43,"neow_bonus":"UPGRADE_CARD","is_prod":false,"is_daily":false,"chose_seed":false,"campfire_upgraded":6,"win_rate":0,"timestamp":1560716280,"path_taken":["M","?","M","M","$","E","?","R","T","R","M","M","M","M","R","BOSS","M","M","?","M","M","E","$","?","T","?","M","R","M","?","R","BOSS","M","M","?","?","M","R","M","M","T","R","E","M","$","M","R","BOSS","R","$","E","BOSS"],"build_version":"2019-01-23","purchased_purges":0,"victory":false,"max_hp_per_floor":[75,75,75,75,75,75,75,75,75,75,75,75,75,75,75,75,75,75,75,75,75,75,75,75,75,75,75,75,75,75,75,75,75,75,75,75,75,75,75,75,75,75,75,75,77,77,77,79,79,79,79,79,79,81,81],"card_choices":[{"not_picked":["Chill","Hologram"],"picked":"Rebound","floor":1.0},{"not_picked":["Sweeping Beam","Compile Driver"],"picked":"Ball Lightning","floor":3.0},{"not_picked":["Force Field","Redo"],"picked":"Chill","floor":4.0},{"not_picked":["Recycle","Compile Driver"],"picked":"Defragment","floor":6.0},{"not_picked":["Redo","Stack"],"picked":"Seek","floor":7.0},{"not_picked":["Conserve Battery","BootSequence"],"picked":"White Noise","floor":11.0},{"not_picked":["Compile Driver","Gash"],"picked":"Redo","floor":12.0},{"not_picked":["Ball Lightning","Rebound"],"picked":"Rainbow","floor":13.0},{"not_picked":["Streamline","Turbo"],"picked":"Doom and Gloom","floor":14.0},{"not_picked":["Buffer","Hyperbeam"],"picked":"Electrodynamics","floor":16.0},{"not_picked":["Steam","Beam Cell"],"picked":"Barrage","floor":18.0},{"not_picked":["Compile Driver","Chill"],"picked":"Capacitor","floor":19.0},{"not_picked":["Sweeping Beam","Stack"],"picked":"Chaos","floor":21.0},{"not_picked":["Rainbow","Ball Lightning+1"],"picked":"Cold Snap","floor":22.0},{"not_picked":["Cold Snap","Ball Lightning"],"picked":"Leap+1","floor":23.0},{"not_picked":["Beam Cell","Stack"],"picked":"BootSequence+1","floor":27.0},{"not_picked":["Turbo","Tempest"],"picked":"White Noise","floor":28.0},{"not_picked":["Compile Driver","Aggregate"],"picked":"Force Field","floor":30.0},{"not_picked":["Machine Learning","Electrodynamics"],"picked":"Fission","floor":33.0},{"not_picked":["Redo+1","Lockon"],"picked":"Beam Cell+1","floor":35.0},{"not_picked":["Turbo+1","Doom and Gloom"],"picked":"Sunder+1","floor":36.0},{"not_picked":["Redo+1","Beam Cell","Cold Snap+1"],"picked":"SKIP","floor":38.0},{"not_picked":["Biased Cognition","Beam Cell+1"],"picked":"Hologram","floor":39.0},{"not_picked":["Rebound","Leap+1"],"picked":"Coolheaded","floor":41.0},{"not_picked":["Cold Snap","Beam Cell"],"picked":"Capacitor","floor":42.0},{"not_picked":["Leap","Sweeping Beam","Heatsinks+1"],"picked":"Singing Bowl","floor":45.0},{"not_picked":["Buffer","Coolheaded"],"picked":"Darkness+1","floor":46.0},{"not_picked":["Streamline","Steam","Redo"],"picked":"Singing Bowl","floor":48.0},{"not_picked":["Redo","Gash","Streamline"],"picked":"Singing Bowl","floor":54}],"player_experience":717976,"relics_obtained":[{"floor":6.0,"key":"Matryoshka"},{"floor":7.0,"key":"Odd Mushroom"},{"floor":9.0,"key":"Lantern"},{"floor":23.0,"key":"Dodecahedron"},{"floor":26.0,"key":"DataDisk"},{"floor":26.0,"key":"Cables"},{"floor":43.0,"key":"Sundial"},{"floor":45.0,"key":"Singing Bowl"},{"floor":54,"key":"Gambling Chip"}],"event_choices":[{"cards_removed":["Strike_B"],"damage_healed":0.0,"max_hp_gain":0.0,"max_hp_loss":0.0,"gold_gain":0.0,"event_name":"Golden Wing","player_choice":"Card Removal","floor":2.0,"gold_loss":0.0,"damage_taken":7.0},{"damage_healed":0.0,"max_hp_gain":0.0,"max_hp_loss":0.0,"gold_gain":0.0,"event_name":"Mushrooms","player_choice":"Fought Mushrooms","floor":7.0,"gold_loss":0.0,"damage_taken":0.0},{"damage_healed":0.0,"max_hp_gain":0.0,"max_hp_loss":0.0,"gold_gain":0.0,"event_name":"Vampires","player_choice":"Ignored","floor":20.0,"gold_loss":0.0,"damage_taken":0.0},{"damage_healed":0.0,"max_hp_gain":0.0,"max_hp_loss":0.0,"gold_gain":0.0,"event_name":"Wheel of Change","player_choice":"Damaged","floor":25.0,"gold_loss":0.0,"damage_taken":7.0},{"cards_removed":["Defend_B"],"damage_healed":0.0,"max_hp_gain":0.0,"max_hp_loss":0.0,"gold_gain":0.0,"event_name":"Beggar","player_choice":"Gave Gold","floor":31.0,"gold_loss":75.0,"damage_taken":0.0},{"damage_healed":0.0,"max_hp_gain":0.0,"max_hp_loss":0.0,"gold_gain":0.0,"event_name":"SecretPortal","player_choice":"Ignored","floor":37.0,"gold_loss":0.0,"damage_taken":0.0}],"is_beta":false,"boss_relics":[{"not_picked":["Tiny House","Runic Dome"],"picked":"Astrolabe"},{"not_picked":["Cursed Key","Empty Cage"],"picked":"Philosopher\u0027s Stone"}],"items_purged_floors":[],"is_endless":false,"potions_floor_spawned":[1,6,11,12,13,18,28,33,35,39,41,48,54],"killed_by":"The Heart","ascension_level":0}