{"gold_per_floor":[114,114,125,4,24,24,49,64,64,64,93,93,105,124,124,221,221,238,252,262,277,27,60,159,159,186,215,14,40,40,54,54,158,158,175,175,186,134,150,183,202,202,202,212,237,251,261,274,274,274,274,274,126,157,157],"floor_reached":55,"playtime":4862,"items_purged":["Strike_B","Strike_B","Strike_B"],"score":803,"play_id":"54482296-479e-4b9d-aefe-a6f183f89c34","local_time":"20190627171529","is_ascension_mode":false,"campfire_choices":[{"data":"Zap","floor":6,"key":"SMITH"},{"data":"Consume","floor":15,"key":"SMITH"},{"floor":25,"key":"RECALL"},{"floor":32,"key":"REST"},{"floor":42,"key":"REST"},{"floor":49,"key":"REST"},{"floor":52,"key":"REST"}],"neow_cost":"NONE","seed_source_timestamp":19772756003991,"circlet_count":0,"master_deck":["Defend_B","Defend_B","Defend_B","Zap+1","Dualcast","Coolheaded","Coolheaded","Gash","Chill","Consume+1","Auto Shields","Melter+1","Gash+1","Fission","Cold Snap+1","Blizzard+1","Rebound+1","BootSequence","Creative AI","Capacitor","Coolheaded","Cold Snap+1","Core Surge+1","Zap","Storm+1","Ball Lightning+1","Barrage+1","Go for the Eyes+1","Fusion+1","White Noise+1","Capacitor","Gash+1"],"relics":["FrozenCore","Letter Opener","Pantograph","Molten Egg 2","Art of War","Fusion Hammer","PreservedInsect","Potion Belt","Blood Vial","Orichalcum","Lantern","Singing Bowl","Bottled Lightning","Anchor","Bronze Scales","Pen Nib"],"potions_floor_usage":[5,11,11,27,29,33,40,55,55,55,55],"damage_taken":[{"damage":0,"enemies":"2 Louse","floor":1,"turns":2},{"damage":1,"enemies":"Cultist","floor":3,"turns":3},{"damage":0,"enemies":"Jaw Worm","floor":5,"turns":3},{"damage":4,"enemies":"Lagavulin","floor":7,"turns":6},{"damage":5,"enemies":"Looter","floor":8,"turns":2},{"damage":19,"enemies":"3 Sentries","floor":11,"turns":6},{"damage":2,"enemies":"Exordium Thugs","floor":13,"turns":4},{"damage":6,"enemies":"Red Slaver","floor":14,"turns":3},{"damage":41,"enemies":"Hexaghost","floor":16,"turns":10},{"damage":0,"enemies":"Spheric Guardian","floor":18,"turns":3},{"damage":13,"enemies":"Shell Parasite","floor":19,"turns":5},{"damage":8,"enemies":"Snecko","floor":20,"turns":6},{"damage":0,"enemies":"Sentry and Sphere","floor":21,"turns":3},{"damage":4,"enemies":"Gremlin Leader","floor":23,"turns":4},{"damage":14,"enemies":"Slavers","floor":27,"turns":3},{"damage":0,"enemies":"Book of Stabbing","floor":29,"turns":5},{"damage":0,"enemies":"3 Cultists","floor":31,"turns":3},{"damage":5,"enemies":"Collector","floor":33,"turns":9},{"damage":0,"enemies":"3 Shapes","floor":35,"turns":5},{"damage":0,"enemies":"3 Darklings","floor":37,"turns":5},{"damage":21,"enemies":"4 Shapes","floor":39,"turns":5},{"damage":2,"enemies":"Reptomancer","floor":40,"turns":6},{"damage":4,"enemies":"Jaw Worm Horde","floor":41,"turns":4},{"damage":29,"enemies":"3 Darklings","floor":44,"turns":6},{"damage":0,"enemies":"Giant Head","floor":45,"turns":7},{"damage":9,"enemies":"Maw","floor":46,"turns":6},{"damage":0,"enemies":"4 Shapes","floor":47,"turns":3},{"damage":13,"enemies":"Jaw Worm Horde","floor":48,"turns":5},{"damage":18,"enemies":"Time Eater","floor":50,"turns":11},{"damage":50,"enemies":"Shield and Spear","floor":54,"turns":6},{"damage":64,"enemies":"The Heart","floor":55,"turns":6}],"seed_played":"7136670328657771643","potions_obtained":[{"floor":3,"key":"Energy Potion"},{"floor":7,"key":"AttackPotion"},{"floor":8,"key":"Dexterity Potion"},{"floor":20,"key":"LiquidBronze"},{"floor":21,"key":"Block Potion"},{"floor":23,"key":"EssenceOfSteel"},{"floor":29,"key":"Fruit Juice"},{"floor":39,"key":"GamblersBrew"},{"floor":40,"key":"FearPotion"},{"floor":41,"key":"Ancient Potion"},{"floor":47,"key":"SmokeBomb"}],"is_trial":false,"path_per_floor":["M","?","M","$","M","R","E","M","T","$","E","?","M","M","R","B",null,"M","M","M","M","$","E","?","R","T","E","$","E","?","M","R","B",null,"M","?","M","$","M","E","M","R","T","M","E","M","M","M","R","B",null,"R","$","E","B"],"character_chosen":"DEFECT","items_purchased":["Coolheaded","PreservedInsect","FocusPotion","Ball Lightning+1","Bronze Scales"],"campfire_rested":4,"item_purchase_floors":[4,22,28,38,53],"current_hp_per_floor":[75,75,74,74,74,74,70,65,65,65,46,43,41,35,35,19,75,75,62,54,54,54,50,50,50,50,38,38,45,45,47,71,75,80,80,80,80,80,59,61,59,82,82,53,55,48,50,41,66,66,84,84,84,36,0],"gold":157,"neow_bonus":"REMOVE_CARD","is_prod":false,"is_daily":false,"chose_seed":false,"campfire_upgraded":2,"win_rate":0,"timestamp":1561652129,"path_taken":["M","?","M","$","?","R","E","M","T","?","E","?","M","M","R","BOSS","M","M","M","M","$","E","?","R","T","E","$","E","?","M","R","BOSS","M","?","M","$","M","E","M","R","T","M","E","M","M","?","R","BOSS","R","$","E","BOSS"],"build_version":"2019-01-23","purchased_purges":3,"victory":false,"max_hp_per_floor":[75,75,75,75,75,75,75,75,75,75,75,75,75,75,75,75,75,75,75,75,75,75,75,75,75,75,75,75,80,80,80,80,80,80,80,80,80,80,80,82,82,82,82,82,82,82,82,84,84,84,84,84,84,86,86],"card_choices":[{"not_picked":["Blizzard","Steam"],"picked":"Coolheaded","floor":1},{"not_picked":["Sweeping Beam","White Noise"],"picked":"Coolheaded","floor":3},{"not_picked":["Streamline","Tempest"],"picked":"Gash","floor":5},{"not_picked":["Reboot","Coolheaded"],"picked":"Chill","floor":7},{"not_picked":["Redo","Compile Driver"],"picked":"Consume","floor":8},{"not_picked":["Tempest","Streamline"],"picked":"Auto Shields","floor":11},{"not_picked":["Auto Shields","Aggregate"],"picked":"Melter+1","floor":13},{"not_picked":["Turbo","Redo"],"picked":"Gash+1","floor":14},{"not_picked":["Seek","Amplify"],"picked":"Fission","floor":16},{"not_picked":["Rebound+1","Static Discharge"],"picked":"Cold Snap+1","floor":18},{"not_picked":["Loop","Hologram"],"picked":"Blizzard+1","floor":19},{"not_picked":["Double Energy+1","Recycle"],"picked":"Rebound+1","floor":20},{"not_picked":["Rebound+1","Compile Driver+1"],"picked":"BootSequence","floor":21},{"not_picked":["Double Energy","Chaos"],"picked":"Creative AI","floor":23},{"not_picked":["Turbo+1","Hologram"],"picked":"Capacitor","floor":27},{"not_picked":["Sunder+1","Go for the Eyes+1"],"picked":"Coolheaded","floor":29},{"not_picked":["Steam","Conserve Battery"],"picked":"Cold Snap+1","floor":31},{"not_picked":["Creative AI","Thunder Strike+1"],"picked":"Core Surge+1","floor":33},{"not_picked":["Sweeping Beam+1","Lockon+1","Hello World+1"],"picked":"SKIP","floor":35},{"not_picked":["Beam Cell+1","Melter+1"],"picked":"Storm+1","floor":37},{"not_picked":["Auto Shields","Storm"],"picked":"Barrage+1","floor":39},{"not_picked":["Turbo+1","Fusion","Chaos"],"picked":"Singing Bowl","floor":40},{"not_picked":["Sweeping Beam+1","Streamline+1"],"picked":"Go for the Eyes+1","floor":41},{"not_picked":["Gash+1","Turbo+1"],"picked":"Fusion+1","floor":44},{"not_picked":["Sweeping Beam+1","Biased Cognition"],"picked":"White Noise+1","floor":45},{"not_picked":["Coolheaded+1","Heatsinks"],"picked":"Capacitor","floor":46},{"not_picked":["Steam+1","Go for the Eyes+1"],"picked":"Gash+1","floor":47},{"not_picked":["Hello World","Leap","Rip and Tear+1"],"picked":"Singing Bowl","floor":48},{"not_picked":["Hologram+1","Coolheaded","Thunder Strike+1"],"picked":"Singing Bowl","floor":54}],"player_experience":755998,"relics_obtained":[{"floor":7,"key":"Pantograph"},{"floor":11,"key":"Molten Egg 2"},{"floor":23,"key":"Potion Belt"},{"floor":26,"key":"Blood Vial"},{"floor":27,"key":"Orichalcum"},{"floor":29,"key":"Lantern"},{"floor":40,"key":"Singing Bowl"},{"floor":43,"key":"Bottled Lightning"},{"floor":45,"key":"Anchor"},{"floor":54,"key":"Pen Nib"}],"event_choices":[{"cards_removed":["Coolheaded"],"damage_healed":0,"gold_gain":0,"player_choice":"Gave Card","damage_taken":0,"relics_obtained":["Letter Opener"],"max_hp_gain":0,"max_hp_loss":0,"event_name":"WeMeetAgain","floor":2,"gold_loss":0},{"damage_healed":0,"gold_gain":0,"player_choice":"Success","damage_taken":3,"relics_obtained":["Art of War"],"max_hp_gain":0,"max_hp_loss":0,"event_name":"Scrap Ooze","floor":12,"gold_loss":0},{"damage_healed":0,"gold_gain":99,"player_choice":"Stole From Cult","damage_taken":0,"max_hp_gain":0,"max_hp_loss":0,"event_name":"Nest","floor":24,"gold_loss":0},{"cards_removed":["Defend_B"],"damage_healed":0,"gold_gain":0,"player_choice":"Purged","damage_taken":0,"max_hp_gain":0,"max_hp_loss":0,"event_name":"Purifier","floor":30,"gold_loss":0},{"damage_healed":0,"gold_gain":0,"player_choice":"1 cards matched","damage_taken":0,"max_hp_gain":0,"max_hp_loss":0,"event_name":"Match and Keep!","floor":36,"gold_loss":0,"cards_obtained":["Zap"]}],"is_beta":false,"boss_relics":[{"not_picked":["Empty Cage","Calling Bell"],"picked":"Fusion Hammer"},{"not_picked":["Cursed Key","Runic Pyramid"],"picked":"FrozenCore"}],"items_purged_floors":[4,22,28],"is_endless":false,"potions_floor_spawned":[3,7,8,20,21,23,29,39,40,41,47],"killed_by":"The Heart","ascension_level":0}