{"gold_per_floor":[119,139,155,175,194,219,219,233,285,13,31,31,44,44,44,146,146,164,179,2,20,32,58,69,83,83,83,113,113,113,125,125,227,227,238,87,87,101,101,157,11,11,36,36,62,79,96,112,112,112,112,112,31,31],"floor_reached":54,"playtime":4845,"items_purged":["Strike_B","Strike_B"],"score":745,"play_id":"d338cc73-a8b4-40dd-a009-2946a8d27260","local_time":"20190618162034","is_ascension_mode":false,"campfire_choices":[{"data":"Zap","floor":7,"key":"SMITH"},{"data":"Dualcast","floor":12,"key":"SMITH"},{"data":"Barrage","floor":15,"key":"SMITH"},{"data":"Fission","floor":30,"key":"SMITH"},{"data":"Chaos","floor":32,"key":"SMITH"},{"floor":42,"key":"RECALL"},{"floor":49,"key":"REST"},{"data":"Echo Form","floor":52,"key":"SMITH"}],"neow_cost":"NONE","seed_source_timestamp":183199760573608,"circlet_count":0,"master_deck":["Defend_B","Defend_B","Defend_B","Zap+1","Dualcast+1","Glacier","Go for the Eyes","Stack","Barrage+1","Echo Form+1","Compile Driver","Conserve Battery","Glacier+1","Ball Lightning","Self Repair","FTL","Gash+1","Redo","Fission+1","Cold Snap","Consume","All For One","Storm","Conserve Battery+1","Coolheaded","Storm","Biased Cognition","Chaos+1","Darkness","Creative AI","Darkness+1","Panache","Conserve Battery+1","Barrage+1","Machine Learning","Chaos+1","Fusion+1","Blizzard+1","Aggregate"],"relics":["FrozenCore","Potion Belt","Lantern","Ginger","Letter Opener","Ornamental Fan","Sozu","PreservedInsect","Tiny Chest","Vajra","Molten Egg 2","Omamori"],"potions_floor_usage":[5,8,23,33,33],"damage_taken":[{"damage":0,"enemies":"Cultist","floor":1,"turns":3},{"damage":0,"enemies":"2 Louse","floor":2,"turns":2},{"damage":0,"enemies":"Small Slimes","floor":3,"turns":4},{"damage":5,"enemies":"Looter","floor":4,"turns":3},{"damage":12,"enemies":"Lots of Slimes","floor":5,"turns":6},{"damage":21,"enemies":"Lagavulin","floor":6,"turns":7},{"damage":0,"enemies":"Red Slaver","floor":8,"turns":3},{"damage":8,"enemies":"Gremlin Gang","floor":11,"turns":4},{"damage":7,"enemies":"Large Slime","floor":13,"turns":4},{"damage":24,"enemies":"The Guardian","floor":16,"turns":11},{"damage":11,"enemies":"Chosen","floor":18,"turns":7},{"damage":3,"enemies":"Spheric Guardian","floor":19,"turns":5},{"damage":0,"enemies":"Snake Plant","floor":21,"turns":6},{"damage":6,"enemies":"Centurion and Healer","floor":22,"turns":10},{"damage":14,"enemies":"Gremlin Leader","floor":23,"turns":6},{"damage":36,"enemies":"3 Cultists","floor":24,"turns":7},{"damage":12,"enemies":"Snake Plant","floor":25,"turns":6},{"damage":15,"enemies":"Book of Stabbing","floor":28,"turns":6},{"damage":1,"enemies":"Chosen and Byrds","floor":31,"turns":4},{"damage":10,"enemies":"Automaton","floor":33,"turns":9},{"damage":0,"enemies":"Orb Walker","floor":35,"turns":3},{"damage":0,"enemies":"3 Shapes","floor":38,"turns":3},{"damage":43,"enemies":"Reptomancer","floor":40,"turns":5},{"damage":4,"enemies":"Giant Head","floor":45,"turns":4},{"damage":2,"enemies":"3 Darklings","floor":46,"turns":6},{"damage":12,"enemies":"Sphere and 2 Shapes","floor":47,"turns":4},{"damage":0,"enemies":"4 Shapes","floor":48,"turns":5},{"damage":25,"enemies":"Donu and Deca","floor":50,"turns":7},{"damage":75,"enemies":"Shield and Spear","floor":54,"turns":5}],"seed_played":"8448286161212765168","potions_obtained":[{"floor":3,"key":"Regen Potion"},{"floor":4,"key":"SpeedPotion"},{"floor":6,"key":"SmokeBomb"},{"floor":21,"key":"SkillPotion"},{"floor":25,"key":"Strength Potion"},{"floor":31,"key":"Explosive Potion"},{"floor":33,"key":"Dexterity Potion"}],"is_trial":false,"path_per_floor":["M","M","M","M","M","E","R","M","T","$","M","R","M","?","R","B",null,"M","M","$","M","M","E","M","M","T","?","E","$","R","M","R","B",null,"M","$","?","M","?","E","$","R","T","T","E","M","M","M","R","B",null,"R","$","E"],"character_chosen":"DEFECT","items_purchased":["Ball Lightning","Self Repair","FTL","All For One","PreservedInsect","Vajra","Aggregate"],"campfire_rested":1,"item_purchase_floors":[10,10,10,20,36,41,53],"current_hp_per_floor":[75,75,75,70,73,52,52,52,52,52,51,51,51,36,36,19,75,64,68,68,75,75,75,53,48,48,48,33,33,33,39,39,29,75,75,75,75,75,75,39,39,39,39,39,42,40,35,35,57,32,75,75,75,0],"gold":31,"neow_bonus":"TRANSFORM_CARD","is_prod":false,"is_daily":false,"chose_seed":false,"campfire_upgraded":6,"win_rate":0,"timestamp":1560871234,"path_taken":["M","M","M","?","M","E","R","M","T","$","M","R","M","?","R","BOSS","M","M","$","M","M","E","M","M","T","?","E","$","R","M","R","BOSS","M","$","?","M","?","E","$","R","T","?","E","M","M","M","R","BOSS","R","$","E"],"build_version":"2019-01-23","purchased_purges":2,"victory":false,"max_hp_per_floor":[75,75,75,75,75,75,75,75,75,75,75,75,75,75,75,75,75,75,75,75,75,75,75,75,75,75,75,75,75,75,75,75,75,75,75,75,75,75,75,75,75,75,75,75,75,75,75,75,75,75,75,75,75,75],"card_choices":[{"not_picked":["Lockon","Leap"],"picked":"Go for the Eyes","floor":1},{"not_picked":["Rebound","Sweeping Beam"],"picked":"Stack","floor":2},{"not_picked":["Steam","Stack"],"picked":"Barrage","floor":3},{"not_picked":["Coolheaded","Scrape"],"picked":"Echo Form","floor":4},{"not_picked":["Stack","Beam Cell"],"picked":"Compile Driver","floor":5},{"not_picked":["Sweeping Beam","Melter"],"picked":"Conserve Battery","floor":6},{"not_picked":["Capacitor","Barrage"],"picked":"Glacier","floor":8},{"not_picked":["Beam Cell","Steam Power"],"picked":"Gash","floor":11},{"not_picked":["Barrage","Undo"],"picked":"Redo","floor":13},{"not_picked":["Reboot","Rainbow"],"picked":"Fission","floor":16},{"not_picked":["Turbo+1","Coolheaded"],"picked":"Cold Snap","floor":18},{"not_picked":["Skim","Tempest"],"picked":"Consume","floor":19},{"not_picked":["Leap","Steam Power"],"picked":"Storm","floor":21},{"not_picked":["Steam","Self Repair","Sweeping Beam"],"picked":"SKIP","floor":22},{"not_picked":["Beam Cell","Turbo+1"],"picked":"Melter","floor":23},{"not_picked":["Hologram","Go for the Eyes"],"picked":"Conserve Battery+1","floor":24},{"not_picked":["Conserve Battery","Go for the Eyes"],"picked":"Coolheaded","floor":25},{"not_picked":["Heatsinks","Stack"],"picked":"Chaos","floor":28},{"not_picked":["Compile Driver","Hologram+1"],"picked":"Darkness","floor":31},{"not_picked":["Multi-Cast","Echo Form"],"picked":"Creative AI","floor":33},{"not_picked":["BootSequence","Go for the Eyes"],"picked":"Darkness+1","floor":35},{"not_picked":["Forethought","HandOfGreed"],"picked":"Panache","floor":37},{"not_picked":["Turbo+1","Tempest+1"],"picked":"Conserve Battery+1","floor":38},{"not_picked":["Go for the Eyes","Hologram+1"],"picked":"Barrage+1","floor":40},{"not_picked":["Beam Cell+1","Hologram+1"],"picked":"Machine Learning","floor":45},{"not_picked":["Conserve Battery+1","Static Discharge+1"],"picked":"Chaos+1","floor":46},{"not_picked":["Recycle","Barrage+1"],"picked":"Fusion+1","floor":47},{"not_picked":["Go for the Eyes+1","Hologram"],"picked":"Blizzard+1","floor":48}],"player_experience":729304,"relics_obtained":[{"floor":6,"key":"Potion Belt"},{"floor":9,"key":"Lantern"},{"floor":23,"key":"Ginger"},{"floor":26,"key":"Letter Opener"},{"floor":28,"key":"Ornamental Fan"},{"floor":40,"key":"Tiny Chest"},{"floor":44,"key":"Molten Egg 2"},{"floor":45,"key":"Omamori"}],"event_choices":[{"damage_healed":0,"gold_gain":0,"player_choice":"Entered Light","damage_taken":15,"max_hp_gain":0,"max_hp_loss":0,"event_name":"Shining Light","floor":14,"gold_loss":0,"cards_upgraded":["Gash","Glacier"]},{"damage_healed":0,"gold_gain":0,"cards_transformed":["Strike_B","Defend_B"],"player_choice":"Became Test Subject","damage_taken":0,"max_hp_gain":0,"max_hp_loss":0,"event_name":"Drug Dealer","floor":27,"gold_loss":0,"cards_obtained":["Storm","Biased Cognition"]},{"damage_healed":0,"gold_gain":0,"player_choice":"Memory 1","damage_taken":0,"max_hp_gain":0,"max_hp_loss":0,"event_name":"SensoryStone","floor":37,"gold_loss":0},{"cards_removed":["Melter"],"damage_healed":0,"gold_gain":0,"player_choice":"Removed Attack","damage_taken":0,"max_hp_gain":0,"max_hp_loss":0,"event_name":"Falling","floor":39,"gold_loss":0}],"is_beta":false,"boss_relics":[{"not_picked":["Runic Pyramid","Orrery"],"picked":"FrozenCore"},{"not_picked":["Snecko Eye","Velvet Choker"],"picked":"Sozu"}],"items_purged_floors":[10,20],"is_endless":false,"potions_floor_spawned":[3,4,6,21,25,31,33,40,47],"killed_by":"Shield and Spear","ascension_level":0}