{"gold_per_floor":[118,41,53,72,85,85,85,104,104,121,147,26,26,61,61,157,157,172,72,84,84,110,110],"floor_reached":23,"playtime":1702,"items_purged":["Strike_B","Strike_B"],"score":251,"play_id":"4b5a9803-6720-467f-99b4-ee7045c4f3ec","local_time":"20190612211937","is_ascension_mode":false,"campfire_choices":[{"data":"Zap","floor":6.0,"key":"SMITH"},{"data":"Defragment","floor":13.0,"key":"SMITH"},{"data":"Conserve Battery","floor":15.0,"key":"SMITH"}],"neow_cost":"NONE","seed_source_timestamp":0,"circlet_count":0,"master_deck":["Strike_B","Strike_B","Defend_B","Defend_B","Defend_B","Defend_B","Zap+1","Dualcast","Defragment","Defragment+1","Ball Lightning","Sweeping Beam","Gash","Cold Snap","Go for the Eyes","Conserve Battery+1","Leap","Force Field","Creative AI","Glacier","BootSequence","Chill"],"special_seed":0,"relics":["Cracked Core","GremlinMask","Sundial","Pen Nib","Gambling Chip","Inserter","Red Mask"],"potions_floor_usage":[],"damage_taken":[{"damage":6.0,"enemies":"Jaw Worm","floor":1.0,"turns":3.0},{"damage":1.0,"enemies":"Cultist","floor":3.0,"turns":3.0},{"damage":1.0,"enemies":"2 Louse","floor":4.0,"turns":3.0},{"damage":10.0,"enemies":"Large Slime","floor":5.0,"turns":5.0},{"damage":0.0,"enemies":"Lots of Slimes","floor":8.0,"turns":1.0},{"damage":7.0,"enemies":"2 Fungi Beasts","floor":10.0,"turns":3.0},{"damage":7.0,"enemies":"Gremlin Nob","floor":11.0,"turns":3.0},{"damage":15.0,"enemies":"3 Sentries","floor":14.0,"turns":5.0},{"damage":0.0,"enemies":"Hexaghost","floor":16.0,"turns":10.0},{"damage":27.0,"enemies":"2 Thieves","floor":18.0,"turns":4.0},{"damage":0.0,"enemies":"Spheric Guardian","floor":20.0,"turns":6.0},{"damage":22.0,"enemies":"Masked Bandits","floor":22.0,"turns":6.0},{"damage":33,"enemies":"Slavers","floor":23,"turns":3}],"seed_played":"109625365345021259","potions_obtained":[{"floor":0.0,"key":"Explosive Potion"},{"floor":0.0,"key":"Dexterity Potion"},{"floor":0.0,"key":"Fruit Juice"},{"floor":1.0,"key":"Poison Potion"},{"floor":14.0,"key":"Poison Potion"},{"floor":16.0,"key":"EssenceOfSteel"},{"floor":20.0,"key":"PowerPotion"}],"is_trial":false,"path_per_floor":["M","$","M","M","M","R","?","M","T","M","E","$","R","E","R","B",null,"M","$","M","?","?","E"],"character_chosen":"DEFECT","items_purchased":["Defragment","Leap"],"campfire_rested":0,"item_purchase_floors":[2,12],"current_hp_per_floor":[74,74,73,72,62,62,62,62,62,55,48,48,48,33,33,33,80,53,53,53,53,31,0],"gold":110,"neow_bonus":"THREE_SMALL_POTIONS","is_prod":false,"is_daily":false,"chose_seed":false,"campfire_upgraded":3,"win_rate":0,"timestamp":1560370777,"path_taken":["M","$","M","M","M","R","?","?","T","M","E","$","R","E","R","BOSS","M","$","M","?","?","E"],"build_version":"2019-01-23","purchased_purges":2,"victory":false,"max_hp_per_floor":[80,80,80,80,80,80,80,80,80,80,80,80,80,80,80,80,80,80,80,80,80,80,80],"card_choices":[{"not_picked":["Turbo","Beam Cell"],"picked":"Defragment","floor":1.0},{"not_picked":["Compile Driver","Steam"],"picked":"Ball Lightning","floor":3.0},{"not_picked":["Tempest","Turbo"],"picked":"Sweeping Beam","floor":4.0},{"not_picked":["Turbo","Ball Lightning"],"picked":"Gash","floor":5.0},{"not_picked":["Beam Cell","Blizzard"],"picked":"Cold Snap","floor":8.0},{"not_picked":["Biased Cognition","Stack"],"picked":"Go for the Eyes","floor":10.0},{"not_picked":["Core Surge","Force Field"],"picked":"Conserve Battery","floor":11.0},{"not_picked":["Static Discharge","Reinforced Body"],"picked":"Force Field","floor":14.0},{"not_picked":["Biased Cognition","Echo Form"],"picked":"Creative AI","floor":16.0},{"not_picked":["Fusion","Stack+1"],"picked":"Glacier","floor":18.0},{"not_picked":["Ball Lightning","Coolheaded"],"picked":"BootSequence","floor":20.0},{"not_picked":["Doom and Gloom","Sweeping Beam"],"picked":"Chill","floor":22.0}],"player_experience":705278,"relics_obtained":[{"floor":9.0,"key":"Sundial"},{"floor":11.0,"key":"Pen Nib"},{"floor":14.0,"key":"Gambling Chip"},{"floor":22.0,"key":"Red Mask"}],"event_choices":[{"damage_healed":0.0,"max_hp_gain":0.0,"max_hp_loss":0.0,"gold_gain":0.0,"event_name":"FaceTrader","player_choice":"Trade","floor":7.0,"gold_loss":0.0,"damage_taken":0.0,"relics_obtained":["GremlinMask"]},{"damage_healed":0.0,"max_hp_gain":0.0,"max_hp_loss":0.0,"gold_gain":0.0,"event_name":"Vampires","player_choice":"Ignored","floor":21.0,"gold_loss":0.0,"damage_taken":0.0},{"damage_healed":0.0,"max_hp_gain":0.0,"max_hp_loss":0.0,"gold_gain":0.0,"event_name":"Masked Bandits","player_choice":"Fought Bandits","floor":22.0,"gold_loss":0.0,"damage_taken":0.0}],"is_beta":false,"boss_relics":[{"not_picked":["White Beast Statue","Runic Dome"],"picked":"Inserter"}],"items_purged_floors":[12,19],"is_endless":false,"potions_floor_spawned":[1,3,14,16,20],"killed_by":"Slavers","ascension_level":0}