{"gold_per_floor":[112,123,123,44,64,64,108,108,108,108,123,138,138],"floor_reached":13,"playtime":977,"items_purged":[],"score":85,"play_id":"0b277c12-5e2b-4aa9-a531-19da0027c421","local_time":"20190522000708","is_ascension_mode":false,"campfire_choices":[{"data":"Barrage","floor":6,"key":"SMITH"},{"floor":8,"key":"REST"}],"neow_cost":"NONE","seed_source_timestamp":20208709947837,"circlet_count":0,"master_deck":["Zap","Dualcast","Turbo","Aggregate","Redo","Gash","Undo","Hello World","Turbo","Genetic Algorithm","Barrage+1","Ball Lightning","Self Repair","Cold Snap","Fusion+1","Capacitor","Loop"],"relics":["Pandora\u0027s Box","Golden Idol","Ice Cream","Mummified Hand"],"potions_floor_usage":[7,12],"damage_taken":[{"damage":10,"enemies":"Small Slimes","floor":1,"turns":4},{"damage":3,"enemies":"Cultist","floor":2,"turns":3},{"damage":13,"enemies":"Jaw Worm","floor":5,"turns":4},{"damage":48,"enemies":"3 Sentries","floor":7,"turns":8},{"damage":16,"enemies":"Large Slime","floor":11,"turns":3},{"damage":10,"enemies":"Red Slaver","floor":12,"turns":2},{"damage":17,"enemies":"Blue Slaver","floor":13,"turns":4}],"seed_played":"7651162839835478994","potions_obtained":[{"floor":5,"key":"EssenceOfSteel"},{"floor":11,"key":"SkillPotion"},{"floor":12,"key":"SteroidPotion"}],"is_trial":false,"path_per_floor":["M","M","?","$","M","R","E","R","T","?","M","M","M"],"character_chosen":"DEFECT","items_purchased":["Self Repair"],"campfire_rested":1,"item_purchase_floors":[4],"current_hp_per_floor":[65,62,62,62,56,56,15,35,35,35,26,16,0],"gold":138,"neow_bonus":"BOSS_RELIC","is_prod":false,"is_daily":false,"chose_seed":false,"campfire_upgraded":1,"win_rate":0,"timestamp":1558480028,"path_taken":["M","M","?","$","M","R","E","R","T","?","M","M","?"],"build_version":"2019-01-23","purchased_purges":0,"victory":false,"max_hp_per_floor":[75,75,69,69,69,69,69,69,69,69,69,69,69],"card_choices":[{"not_picked":["Turbo","Rip and Tear"],"picked":"Barrage","floor":1},{"not_picked":["Compile Driver","Beam Cell"],"picked":"Ball Lightning","floor":2},{"not_picked":["Turbo","Steam"],"picked":"Cold Snap","floor":5},{"not_picked":["Sweeping Beam","Meteor Strike"],"picked":"Fusion","floor":7},{"not_picked":["Redo","Beam Cell"],"picked":"Capacitor","floor":11},{"not_picked":["Barrage","Go for the Eyes"],"picked":"Loop","floor":12}],"player_experience":368171,"relics_obtained":[{"floor":7,"key":"Ice Cream"},{"floor":9,"key":"Mummified Hand"}],"event_choices":[{"damage_healed":0,"gold_gain":0,"player_choice":"Lose Max HP","damage_taken":0,"relics_obtained":["Golden Idol"],"max_hp_gain":0,"max_hp_loss":6,"event_name":"Golden Idol","floor":3,"gold_loss":0},{"damage_healed":0,"gold_gain":0,"player_choice":"Upgraded","damage_taken":0,"max_hp_gain":0,"max_hp_loss":0,"event_name":"Upgrade Shrine","floor":10,"gold_loss":0,"cards_upgraded":["Fusion"]}],"is_beta":false,"boss_relics":[],"items_purged_floors":[],"is_endless":false,"potions_floor_spawned":[5,11,12],"killed_by":"Blue Slaver","ascension_level":0}