{"gold_per_floor":[110,210,227,35,47,47,57,86,86,114,114,173,173],"floor_reached":13,"playtime":1182,"items_purged":[],"score":143,"play_id":"2d53b37d-00a5-4449-9e7a-9ca26917d831","local_time":"20190517211957","is_ascension_mode":false,"campfire_choices":[{"data":"Defragment","floor":6,"key":"SMITH"}],"neow_cost":"NONE","seed_source_timestamp":12357802566045,"circlet_count":0,"master_deck":["Strike_B","Strike_B","Strike_B","Defend_B","Defend_B","Defend_B","Defend_B","Zap","Dualcast","Coolheaded","Double Energy","Conserve Battery","Defragment+1","Buffer","Genetic Algorithm","Chill"],"relics":["Inserter","Oddly Smooth Stone","Prayer Wheel","Blue Candle","Meat on the Bone"],"potions_floor_usage":[8,8,10],"damage_taken":[{"damage":0,"enemies":"Cultist","floor":1,"turns":4},{"damage":7,"enemies":"2 Louse","floor":3,"turns":4},{"damage":0,"enemies":"Small Slimes","floor":5,"turns":4},{"damage":0,"enemies":"2 Fungi Beasts","floor":7,"turns":4},{"damage":0,"enemies":"3 Sentries","floor":8,"turns":8},{"damage":0,"enemies":"Lagavulin","floor":10,"turns":8},{"damage":17,"enemies":"3 Sentries","floor":12,"turns":14},{"damage":70,"enemies":"Gremlin Nob","floor":13,"turns":6}],"seed_played":"-8710015070632036785","potions_obtained":[{"floor":1,"key":"SteroidPotion"},{"floor":3,"key":"EssenceOfSteel"},{"floor":7,"key":"FocusPotion"}],"is_trial":false,"path_per_floor":["M","?","M","$","M","R","M","E","T","E","?","?","E"],"character_chosen":"DEFECT","items_purchased":["Oddly Smooth Stone","Conserve Battery"],"campfire_rested":0,"item_purchase_floors":[4,4],"current_hp_per_floor":[75,75,68,68,68,68,68,68,68,68,68,51,0],"gold":173,"neow_bonus":"BOSS_RELIC","is_prod":false,"is_daily":false,"chose_seed":false,"campfire_upgraded":1,"win_rate":0,"timestamp":1558124397,"path_taken":["M","?","M","?","M","R","?","E","T","E","?","?","E"],"build_version":"2019-01-23","purchased_purges":0,"victory":false,"max_hp_per_floor":[75,75,75,75,75,75,75,75,75,75,75,75,75],"card_choices":[{"not_picked":["Force Field","Beam Cell"],"picked":"Coolheaded","floor":1},{"not_picked":["Coolheaded","Recycle"],"picked":"Double Energy","floor":3},{"not_picked":["Chaos","Compile Driver"],"picked":"Defragment","floor":5},{"not_picked":["Stack","Barrage"],"picked":"Buffer","floor":7},{"not_picked":["Fusion","Ball Lightning"],"picked":"Genetic Algorithm","floor":8},{"not_picked":["Turbo","Heatsinks","Tempest"],"picked":"SKIP","floor":10},{"not_picked":["Conserve Battery","Rebound"],"picked":"Chill","floor":12}],"player_experience":293017,"relics_obtained":[{"floor":8,"key":"Prayer Wheel"},{"floor":10,"key":"Blue Candle"}],"event_choices":[{"damage_healed":0,"gold_gain":100,"player_choice":"Pray","damage_taken":0,"max_hp_gain":0,"max_hp_loss":0,"event_name":"Golden Shrine","floor":2,"gold_loss":0},{"cards_removed":["Strike_B"],"damage_healed":0,"gold_gain":0,"player_choice":"Forget","damage_taken":0,"max_hp_gain":0,"max_hp_loss":0,"event_name":"Living Wall","floor":11,"gold_loss":0},{"damage_healed":0,"gold_gain":0,"player_choice":"Searched \u00272\u0027 times","damage_taken":0,"relics_obtained":["Meat on the Bone"],"max_hp_gain":0,"max_hp_loss":0,"event_name":"Dead Adventurer","floor":12,"gold_loss":0}],"is_beta":false,"boss_relics":[],"items_purged_floors":[],"is_endless":false,"potions_floor_spawned":[1,3,7],"killed_by":"Gremlin Nob","ascension_level":0}