{"gold_per_floor":[115,40,59,72,89,89,89,59,84,84,84,84,98,98,98,98],"floor_reached":16,"playtime":1174,"items_purged":["Strike_G"],"score":131,"play_id":"6b67ac92-f389-4599-ac6d-3bdd8eba5520","local_time":"20190627165111","is_ascension_mode":true,"campfire_choices":[{"data":"Neutralize","floor":6,"key":"SMITH"},{"data":"Footwork","floor":10,"key":"SMITH"},{"data":"Survivor","floor":12,"key":"SMITH"},{"floor":15,"key":"REST"}],"neow_cost":"NONE","seed_source_timestamp":190512106732800,"circlet_count":0,"master_deck":["Defend_G","Defend_G","Defend_G","Defend_G","Defend_G","Strike_G","Strike_G","Survivor+1","Neutralize+1","Footwork+1","Sucker Punch"],"relics":["Ring of the Snake","Boot","Golden Idol"],"potions_floor_usage":[16,16],"damage_taken":[{"damage":2,"enemies":"Cultist","floor":1,"turns":5},{"damage":0,"enemies":"2 Louse","floor":3,"turns":4},{"damage":1,"enemies":"Jaw Worm","floor":4,"turns":8},{"damage":10,"enemies":"Lots of Slimes","floor":5,"turns":8},{"damage":4,"enemies":"Looter","floor":8,"turns":4},{"damage":0,"enemies":"Large Slime","floor":13,"turns":17},{"damage":52,"enemies":"Slime Boss","floor":16,"turns":12}],"seed_played":"6883973159435137327","potions_obtained":[{"floor":4,"key":"Ancient Potion"},{"floor":13,"key":"Energy Potion"}],"is_trial":false,"path_per_floor":["M","$","M","M","M","R","$","M","T","R","?","R","M","?","R","B"],"character_chosen":"THE_SILENT","items_purchased":[],"campfire_rested":1,"item_purchase_floors":[],"current_hp_per_floor":[61,61,61,60,50,50,50,46,46,46,46,46,46,29,50,0],"gold":98,"neow_bonus":"REMOVE_CARD","is_prod":false,"is_daily":false,"chose_seed":false,"campfire_upgraded":3,"win_rate":0,"timestamp":1561668671,"path_taken":["M","$","M","M","?","R","$","M","T","R","?","R","M","?","R","BOSS"],"build_version":"2019-01-23","purchased_purges":1,"victory":false,"max_hp_per_floor":[70,70,70,70,70,70,70,70,70,70,70,70,70,70,70,70],"card_choices":[{"not_picked":["Dagger Spray","Escape Plan"],"picked":"Footwork","floor":1},{"not_picked":["Backstab","Eviscerate","Tactician"],"picked":"SKIP","floor":3},{"not_picked":["Deadly Poison","Deflect","Dagger Throw"],"picked":"SKIP","floor":4},{"not_picked":["Prepared","Quick Slash","Dagger Throw"],"picked":"SKIP","floor":5},{"not_picked":["Flying Knee","Deadly Poison","Slice"],"picked":"SKIP","floor":8},{"not_picked":["Eviscerate","Blade Dance"],"picked":"Sucker Punch","floor":13}],"player_experience":106592,"relics_obtained":[{"floor":9,"key":"Boot"}],"event_choices":[{"cards_removed":["Strike_G"],"damage_healed":0,"gold_gain":0,"player_choice":"Forget","damage_taken":0,"max_hp_gain":0,"max_hp_loss":0,"event_name":"Living Wall","floor":11,"gold_loss":0},{"damage_healed":0,"gold_gain":0,"player_choice":"Take Damage","damage_taken":17,"relics_obtained":["Golden Idol"],"max_hp_gain":0,"max_hp_loss":0,"event_name":"Golden Idol","floor":14,"gold_loss":0}],"is_beta":false,"boss_relics":[],"items_purged_floors":[2],"is_endless":false,"potions_floor_spawned":[4,13],"killed_by":"Slime Boss","ascension_level":9}