{"gold_per_floor":[118,118,118,133,152,193,212,248,273,273,286,306,306,320,320,439,439,452,475,495,132,146,146,186,186,186,211,211],"floor_reached":28,"playtime":2609,"items_purged":["Strike_B"],"score":254,"play_id":"d9147d76-74e4-416f-b888-8e978f09d8a6","local_time":"20190519141525","is_ascension_mode":false,"campfire_choices":[{"floor":10,"key":"REST"},{"data":"Redo","floor":13,"key":"SMITH"},{"floor":15,"key":"REST"},{"data":"Self Repair","floor":23,"key":"SMITH"},{"data":"Loop","floor":25,"key":"SMITH"}],"neow_cost":"NONE","seed_source_timestamp":12843729784448,"circlet_count":0,"master_deck":["Strike_B","Strike_B","Defend_B","Defend_B","Defend_B","Defend_B","Zap","Dualcast+1","Redo+1","Ball Lightning","Leap+1","Compile Driver","Cold Snap","Loop+1","Consume","Beam Cell","Chill+1","Conserve Battery","Sunder+1","Self Repair+1","Cold Snap","Fusion","Capacitor","Doom and Gloom"],"relics":["Philosopher\u0027s Stone","Golden Idol","Dodecahedron","Orichalcum","Regal Pillow","Coffee Dripper","War Paint","Smiling Mask","Gremlin Horn"],"potions_floor_usage":[6,8,24,27],"damage_taken":[{"damage":6,"enemies":"Small Slimes","floor":1,"turns":3},{"damage":0,"enemies":"2 Louse","floor":4,"turns":2},{"damage":0,"enemies":"Cultist","floor":5,"turns":2},{"damage":13,"enemies":"Lagavulin","floor":6,"turns":6},{"damage":22,"enemies":"Gremlin Gang","floor":7,"turns":4},{"damage":20,"enemies":"3 Sentries","floor":8,"turns":7},{"damage":0,"enemies":"2 Fungi Beasts","floor":11,"turns":2},{"damage":10,"enemies":"Lots of Slimes","floor":12,"turns":4},{"damage":0,"enemies":"Exordium Thugs","floor":14,"turns":4},{"damage":15,"enemies":"The Guardian","floor":16,"turns":9},{"damage":34,"enemies":"3 Byrds","floor":18,"turns":5},{"damage":3,"enemies":"Shell Parasite","floor":19,"turns":6},{"damage":4,"enemies":"Shelled Parasite and Fungi","floor":20,"turns":7},{"damage":6,"enemies":"Snecko","floor":22,"turns":6},{"damage":19,"enemies":"Book of Stabbing","floor":24,"turns":6},{"damage":14,"enemies":"Cultist and Chosen","floor":27,"turns":7},{"damage":19,"enemies":"Gremlin Leader","floor":28,"turns":3}],"seed_played":"-7942094361147919847","potions_obtained":[{"floor":1,"key":"Block Potion"},{"floor":4,"key":"SpeedPotion"},{"floor":6,"key":"FairyPotion"},{"floor":14,"key":"Energy Potion"},{"floor":24,"key":"SkillPotion"}],"is_trial":false,"path_per_floor":["M","?","?","M","M","E","M","E","T","R","M","M","R","M","R","B",null,"M","M","M","$","M","R","E","R","T","M","E"],"character_chosen":"DEFECT","items_purchased":["Self Repair","War Paint","Cold Snap"],"campfire_rested":2,"item_purchase_floors":[21,21,21],"current_hp_per_floor":[69,69,69,69,69,56,34,14,14,49,49,39,39,39,69,54,69,35,32,28,28,29,29,10,10,10,16,0],"gold":211,"neow_bonus":"BOSS_RELIC","is_prod":false,"is_daily":false,"chose_seed":false,"campfire_upgraded":3,"win_rate":0,"timestamp":1558271725,"path_taken":["M","?","?","?","M","E","M","E","T","R","M","M","R","M","R","BOSS","M","M","M","$","M","R","E","R","T","M","E"],"build_version":"2019-01-23","purchased_purges":1,"victory":false,"max_hp_per_floor":[75,69,69,69,69,69,69,69,69,69,69,69,69,69,69,69,69,69,69,69,69,69,69,69,69,69,69,69],"card_choices":[{"not_picked":["Turbo","Reprogram"],"picked":"Redo","floor":1},{"not_picked":["Barrage","Gash"],"picked":"Ball Lightning","floor":4},{"not_picked":["Streamline","Storm"],"picked":"Leap","floor":5},{"not_picked":["Streamline","Stack"],"picked":"Compile Driver","floor":6},{"not_picked":["Scrape","FTL","Storm"],"picked":"SKIP","floor":7},{"not_picked":["Redo","Rip and Tear"],"picked":"Cold Snap","floor":8},{"not_picked":["Capacitor","Streamline"],"picked":"Loop","floor":11},{"not_picked":["All For One","Skim"],"picked":"Consume","floor":12},{"not_picked":["Stack","Recycle"],"picked":"Beam Cell","floor":14},{"not_picked":["Leap","Coolheaded+1"],"picked":"Chill+1","floor":18},{"not_picked":["Turbo+1","Streamline"],"picked":"Conserve Battery","floor":19},{"not_picked":["Gash","Fusion"],"picked":"Sunder+1","floor":20},{"not_picked":["Redo","Undo"],"picked":"Fusion","floor":22},{"not_picked":["Go for the Eyes+1","Rainbow"],"picked":"Capacitor","floor":24},{"not_picked":["Gash","Capacitor+1"],"picked":"Doom and Gloom","floor":27}],"player_experience":328794,"relics_obtained":[{"floor":6,"key":"Dodecahedron"},{"floor":8,"key":"Orichalcum"},{"floor":9,"key":"Regal Pillow"},{"floor":24,"key":"Smiling Mask"},{"floor":26,"key":"Gremlin Horn"}],"event_choices":[{"damage_healed":0,"gold_gain":0,"player_choice":"Lose Max HP","damage_taken":0,"relics_obtained":["Golden Idol"],"max_hp_gain":0,"max_hp_loss":6,"event_name":"Golden Idol","floor":2,"gold_loss":0},{"cards_removed":["Strike_B"],"damage_healed":0,"gold_gain":0,"player_choice":"Offered Basic","damage_taken":0,"max_hp_gain":0,"max_hp_loss":0,"event_name":"Bonfire Elementals","floor":3,"gold_loss":0}],"is_beta":false,"boss_relics":[{"not_picked":["White Beast Statue","Fusion Hammer"],"picked":"Coffee Dripper"}],"items_purged_floors":[21],"is_endless":false,"potions_floor_spawned":[1,4,6,14,24],"killed_by":"Gremlin Leader","ascension_level":0}