{"gold_per_floor":[113,3,15,32,42,69,69,101,101,116,116,16,16,36,36,137,137,153,166,41,41,54,54,65,29,109,109,120,155,155,167,167,167],"floor_reached":33,"playtime":2175,"items_purged":["Strike_B","Decay","Strike_B"],"score":279,"play_id":"e8fe9d89-4b47-4c46-9075-f3dad50159b7","local_time":"20190606000122","is_ascension_mode":false,"campfire_choices":[{"data":"Sunder","floor":7,"key":"SMITH"},{"floor":13,"key":"REST"},{"data":"Defragment","floor":15,"key":"SMITH"},{"data":"Apotheosis","floor":23,"key":"SMITH"},{"data":"White Noise","floor":27,"key":"SMITH"},{"floor":30,"key":"REST"},{"floor":32,"key":"RECALL"}],"neow_cost":"NONE","seed_source_timestamp":0,"circlet_count":0,"master_deck":["Strike_B","Defend_B","Defend_B","Defend_B","Defend_B","Zap","Dualcast","Leap","White Noise+1","Barrage","Darkness","Ball Lightning","Heatsinks","Storm","Defragment+1","Fission+1","Apotheosis+1","Leap+1","Static Discharge","Reinforced Body+1","Hologram+1"],"special_seed":0,"relics":["Cracked Core","Toxic Egg 2","Darkstone Periapt","Letter Opener","Busted Crown","Gremlin Horn"],"potions_floor_usage":[8,10,33,33],"damage_taken":[{"damage":0.0,"enemies":"Cultist","floor":1.0,"turns":4.0},{"damage":0.0,"enemies":"Small Slimes","floor":3.0,"turns":3.0},{"damage":0.0,"enemies":"2 Louse","floor":4.0,"turns":1.0},{"damage":6,"enemies":"Looter","floor":5,"turns":4},{"damage":32,"enemies":"Lagavulin","floor":6,"turns":8},{"damage":9,"enemies":"3 Sentries","floor":8,"turns":6},{"damage":6,"enemies":"Red Slaver","floor":10,"turns":3},{"damage":7,"enemies":"Lots of Slimes","floor":14,"turns":3},{"damage":19,"enemies":"The Guardian","floor":16,"turns":10},{"damage":0,"enemies":"Chosen","floor":18,"turns":3},{"damage":5,"enemies":"Spheric Guardian","floor":19,"turns":3},{"damage":8,"enemies":"Snecko","floor":22,"turns":4},{"damage":0,"enemies":"Centurion and Healer","floor":24,"turns":5},{"damage":10,"enemies":"Sentry and Sphere","floor":28,"turns":4},{"damage":32,"enemies":"Slavers","floor":29,"turns":4},{"damage":0,"enemies":"Snecko","floor":31,"turns":5},{"damage":51,"enemies":"Automaton","floor":33,"turns":6}],"seed_played":"-5517280141569563981","potions_obtained":[{"floor":1.0,"key":"GamblersBrew"},{"floor":5,"key":"Dexterity Potion"},{"floor":8,"key":"FearPotion"},{"floor":10,"key":"SteroidPotion"},{"floor":29,"key":"Dexterity Potion"},{"floor":31,"key":"LiquidBronze"}],"is_trial":false,"path_per_floor":["M","$","M","M","M","E","R","E","T","M","?","$","R","M","R","B",null,"M","M","$","?","M","R","M","$","T","R","M","E","R","M","R","B"],"character_chosen":"DEFECT","items_purchased":["Sunder","Static Discharge"],"campfire_rested":2,"item_purchase_floors":[2,25],"current_hp_per_floor":[75,75,75,75,69,37,37,28,28,22,28,28,52,45,45,26,81,81,76,76,76,68,68,68,68,68,68,58,26,50,50,50,0],"gold":167,"neow_bonus":"TRANSFORM_CARD","is_prod":false,"is_daily":false,"chose_seed":false,"campfire_upgraded":4,"win_rate":0,"timestamp":1559775682,"path_taken":["M","$","M","M","M","E","R","E","T","M","?","?","R","M","R","BOSS","M","M","$","?","M","R","M","$","T","R","?","E","R","M","R","BOSS"],"build_version":"2019-01-23","purchased_purges":3,"victory":false,"max_hp_per_floor":[75,75,75,75,75,75,75,75,75,75,81,81,81,81,81,81,81,81,81,81,81,81,81,81,81,81,81,81,81,81,81,81,81],"card_choices":[{"not_picked":["Scrape","Steam","Sweeping Beam"],"picked":"SKIP","floor":1.0},{"not_picked":["Beam Cell","Auto Shields"],"picked":"White Noise","floor":3.0},{"not_picked":["Gash","Sweeping Beam"],"picked":"Barrage","floor":4.0},{"not_picked":["Sweeping Beam","Go for the Eyes"],"picked":"Darkness","floor":5},{"not_picked":["Leap","Rebound"],"picked":"Ball Lightning","floor":6},{"not_picked":["Multi-Cast+1","Barrage"],"picked":"Heatsinks","floor":8},{"not_picked":["Aggregate+1","Undo+1"],"picked":"Storm","floor":10},{"not_picked":["Stack+1","Gash"],"picked":"Defragment","floor":14},{"not_picked":["Electrodynamics","Meteor Strike"],"picked":"Fission+1","floor":16},{"not_picked":["Steam Power+1"],"picked":"SKIP","floor":18},{"not_picked":["Rip and Tear+1"],"picked":"SKIP","floor":19},{"not_picked":["Beam Cell"],"picked":"SKIP","floor":22},{"not_picked":[],"picked":"Leap+1","floor":24},{"not_picked":["Streamline"],"picked":"SKIP","floor":28},{"not_picked":[],"picked":"Reinforced Body+1","floor":29},{"not_picked":[],"picked":"Hologram+1","floor":31}],"player_experience":630141,"relics_obtained":[{"floor":6,"key":"Toxic Egg 2"},{"floor":8,"key":"Darkstone Periapt"},{"floor":9,"key":"Letter Opener"},{"floor":29,"key":"Gremlin Horn"}],"event_choices":[{"damage_healed":0,"gold_gain":0,"player_choice":"Cursed","damage_taken":0,"max_hp_gain":0,"max_hp_loss":0,"event_name":"Wheel of Change","floor":11,"gold_loss":0,"cards_obtained":["Decay"]},{"cards_removed":["Sunder"],"damage_healed":0,"gold_gain":0,"player_choice":"Took Card","damage_taken":0,"max_hp_gain":0,"max_hp_loss":0,"event_name":"NoteForYourself","floor":21,"gold_loss":0,"cards_obtained":["Apotheosis"]}],"is_beta":false,"boss_relics":[{"not_picked":["Pandora\u0027s Box","Sozu"],"picked":"Busted Crown"}],"items_purged_floors":[2,12,20],"is_endless":false,"potions_floor_spawned":[1,5,8,10,29,31],"killed_by":"Automaton","ascension_level":0}