{"gold_per_floor":[113,113,127,146,161,190,209,222,222,238,238,238,264,281,281,376,376,394,394,319,319,47,47,48,80,133,133,149,160,60,71,71,171,171,181,181,181,199,120,120,448,462,462,511,543,562,591,606,606,606,606,606,73,99,99],"floor_reached":56,"playtime":8514,"items_purged":["Strike_B","Undo+1"],"score":1421,"play_id":"8d2bf9a2-ac64-43e6-8cf9-a5d3b31bcb41","local_time":"20190521001657","is_ascension_mode":false,"campfire_choices":[{"data":"Chaos","floor":11.0,"key":"SMITH"},{"floor":15.0,"key":"REST"},{"data":"Coolheaded","floor":23.0,"key":"SMITH"},{"floor":27.0,"key":"REST"},{"data":"Buffer","floor":32.0,"key":"SMITH"},{"floor":40.0,"key":"RECALL"},{"data":"Echo Form","floor":49.0,"key":"SMITH"},{"data":"Coolheaded","floor":52.0,"key":"SMITH"}],"neow_cost":"NONE","seed_source_timestamp":0,"circlet_count":0,"master_deck":["Defend_B","Defend_B","Defend_B","Defend_B","Zap","Dualcast","Redo","Coolheaded+1","Self Repair","Coolheaded+1","Chaos+1","Genetic Algorithm","Cold Snap","Conserve Battery+1","Buffer+1","Barrage","Rainbow+1","Darkness+1","Buffer","Coolheaded+1","Leap+1","Hologram+1","Coolheaded+1","Echo Form+1","Skim+1","Apotheosis+1","Consume+1","Darkness+1","Barrage+1","Compile Driver+1","Rainbow+1","Fusion+1","Loop","Compile Driver","Jack Of All Trades+1","Machine Learning"],"special_seed":0,"relics":["Snecko Eye","PreservedInsect","Toxic Egg 2","Inserter","Blood Vial","DataDisk","Nuclear Battery","Old Coin","Centennial Puzzle","Gambling Chip","Torii","Dead Branch","Lantern","Turnip","Shuriken"],"potions_floor_usage":[55,55,55],"damage_taken":[{"damage":1.0,"enemies":"Jaw Worm","floor":1.0,"turns":5.0},{"damage":0.0,"enemies":"Small Slimes","floor":3.0,"turns":3.0},{"damage":0.0,"enemies":"Cultist","floor":4.0,"turns":6.0},{"damage":7.0,"enemies":"3 Louse","floor":5.0,"turns":5.0},{"damage":7.0,"enemies":"3 Sentries","floor":6.0,"turns":2.0},{"damage":20.0,"enemies":"Large Slime","floor":7.0,"turns":13.0},{"damage":14.0,"enemies":"Blue Slaver","floor":8.0,"turns":4.0},{"damage":7.0,"enemies":"2 Fungi Beasts","floor":10.0,"turns":7.0},{"damage":38.0,"enemies":"Gremlin Nob","floor":13.0,"turns":5.0},{"damage":0.0,"enemies":"Looter","floor":14.0,"turns":3.0},{"damage":23.0,"enemies":"The Guardian","floor":16.0,"turns":16.0},{"damage":15.0,"enemies":"Spheric Guardian","floor":18.0,"turns":6.0},{"damage":18.0,"enemies":"2 Thieves","floor":24.0,"turns":5.0},{"damage":43.0,"enemies":"Gremlin Leader","floor":25.0,"turns":7.0},{"damage":0.0,"enemies":"Chosen and Byrds","floor":28.0,"turns":6.0},{"damage":7.0,"enemies":"Cultist and Chosen","floor":29.0,"turns":7.0},{"damage":7.0,"enemies":"Shelled Parasite and Fungi","floor":31.0,"turns":6.0},{"damage":0.0,"enemies":"Automaton","floor":33.0,"turns":11.0},{"damage":0.0,"enemies":"3 Darklings","floor":35.0,"turns":9.0},{"damage":0.0,"enemies":"3 Shapes","floor":38.0,"turns":4.0},{"damage":0.0,"enemies":"Giant Head","floor":41.0,"turns":8.0},{"damage":0.0,"enemies":"Transient","floor":42.0,"turns":5.0},{"damage":37.0,"enemies":"2 Orb Walkers","floor":44.0,"turns":7.0},{"damage":0.0,"enemies":"Nemesis","floor":45.0,"turns":9.0},{"damage":18.0,"enemies":"Jaw Worm Horde","floor":46.0,"turns":7.0},{"damage":0.0,"enemies":"Reptomancer","floor":47.0,"turns":7.0},{"damage":0.0,"enemies":"Spire Growth","floor":48.0,"turns":7.0},{"damage":30.0,"enemies":"Awakened One","floor":50.0,"turns":9.0},{"damage":0.0,"enemies":"Shield and Spear","floor":54.0,"turns":8.0},{"damage":53,"enemies":"The Heart","floor":55,"turns":11}],"seed_played":"4876966895596262160","potions_obtained":[{"floor":1.0,"key":"SpeedPotion"},{"floor":3.0,"key":"PowerPotion"},{"floor":10.0,"key":"SteroidPotion"},{"floor":16.0,"key":"SpeedPotion"},{"floor":25.0,"key":"SkillPotion"},{"floor":28.0,"key":"Fire Potion"},{"floor":38.0,"key":"FearPotion"},{"floor":45.0,"key":"EssenceOfSteel"},{"floor":46.0,"key":"EssenceOfSteel"},{"floor":47.0,"key":"LiquidBronze"},{"floor":54.0,"key":"Regen Potion"}],"is_trial":false,"path_per_floor":["M","?","M","M","M","E","M","M","T","M","R","?","E","M","R","B",null,"M","?","$","?","$","R","M","E","T","R","M","M","$","M","R","B",null,"M","?","?","M","$","R","E","M","T","?","E","M","E","M","R","B",null,"R","$","E","B",null],"character_chosen":"DEFECT","items_purchased":["Rainbow+1","Darkness+1","PowerPotion","Darkness+1","Lantern","Turnip","Jack Of All Trades+1"],"campfire_rested":2,"item_purchase_floors":[22,22,22,39,53,53,53],"current_hp_per_floor":[74,79,79,79,79,72,59,52,52,52,52,45,7,7,31,15,80,72,72,72,72,72,72,61,18,18,42,44,46,46,48,48,57,80,80,80,80,80,80,80,80,80,80,63,80,80,80,80,80,60,80,80,80,80,52],"gold":99,"neow_bonus":"BOSS_RELIC","is_prod":false,"is_daily":false,"chose_seed":false,"campfire_upgraded":5,"win_rate":0,"timestamp":1558394217,"path_taken":["M","?","M","M","M","E","M","M","T","M","R","?","E","M","R","BOSS","M","?","$","?","$","R","M","E","T","R","?","M","$","M","R","BOSS","M","?","?","M","$","R","E","M","T","?","E","M","E","M","R","BOSS","R","$","E","BOSS"],"build_version":"2019-01-23","purchased_purges":2,"victory":true,"max_hp_per_floor":[75,80,80,80,80,80,80,80,80,80,80,80,80,80,80,80,80,80,80,80,80,80,80,80,80,80,80,80,80,80,80,80,80,80,80,80,80,80,80,80,80,80,80,80,80,80,80,80,80,80,80,80,80,80,80],"card_choices":[{"not_picked":["Compile Driver","Rebound"],"picked":"Redo","floor":1.0},{"not_picked":["Turbo","Biased Cognition"],"picked":"Coolheaded","floor":3.0},{"not_picked":["Barrage","Redo"],"picked":"Self Repair","floor":4.0},{"not_picked":["Steam","Rebound"],"picked":"Coolheaded","floor":5.0},{"not_picked":["Gash","Streamline","Turbo"],"picked":"SKIP","floor":6.0},{"not_picked":["Lockon","Tempest"],"picked":"Chaos","floor":7.0},{"not_picked":["Barrage","Gash"],"picked":"Genetic Algorithm","floor":8.0},{"not_picked":["Lockon","Steam","Hologram"],"picked":"SKIP","floor":10.0},{"not_picked":["Conserve Battery","Scrape"],"picked":"Cold Snap","floor":13.0},{"not_picked":["Compile Driver","Chaos+1"],"picked":"Conserve Battery+1","floor":14.0},{"not_picked":["Hyperbeam","Seek+1"],"picked":"Buffer","floor":16.0},{"not_picked":["Beam Cell+1","Stack+1"],"picked":"Barrage","floor":18.0},{"not_picked":["Cold Snap","Gash"],"picked":"Buffer","floor":24.0},{"not_picked":["Go for the Eyes+1","Sweeping Beam"],"picked":"Coolheaded+1","floor":25.0},{"not_picked":["Sunder","Loop"],"picked":"Leap+1","floor":28.0},{"not_picked":["Biased Cognition","Coolheaded+1"],"picked":"Hologram+1","floor":29.0},{"not_picked":["Steam+1","Beam Cell"],"picked":"Coolheaded+1","floor":31.0},{"not_picked":["Creative AI","Thunder Strike"],"picked":"Echo Form","floor":33.0},{"not_picked":["Beam Cell","Ball Lightning"],"picked":"Skim+1","floor":35.0},{"not_picked":["Metamorphosis+1","Jack Of All Trades+1"],"picked":"Apotheosis+1","floor":37.0},{"not_picked":["Turbo+1","Gash"],"picked":"Consume+1","floor":38.0},{"not_picked":["Genetic Algorithm+1","Steam+1"],"picked":"Barrage+1","floor":41.0},{"not_picked":["Darkness+1","Hyperbeam"],"picked":"Compile Driver+1","floor":42.0},{"not_picked":["Scrape+1","Self Repair+1"],"picked":"Rainbow+1","floor":45.0},{"not_picked":["Ball Lightning+1","Go for the Eyes"],"picked":"Fusion+1","floor":46.0},{"not_picked":["Rebound","Self Repair"],"picked":"Loop","floor":47.0},{"not_picked":["Beam Cell+1","Leap+1"],"picked":"Compile Driver","floor":48.0},{"not_picked":["Ball Lightning","Redo+1"],"picked":"Machine Learning","floor":54.0}],"player_experience":350630,"relics_obtained":[{"floor":6.0,"key":"PreservedInsect"},{"floor":13.0,"key":"Toxic Egg 2"},{"floor":25.0,"key":"Blood Vial"},{"floor":26.0,"key":"DataDisk"},{"floor":41.0,"key":"Old Coin"},{"floor":43.0,"key":"Centennial Puzzle"},{"floor":44.0,"key":"Gambling Chip"},{"floor":45.0,"key":"Torii"},{"floor":47.0,"key":"Dead Branch"},{"floor":54.0,"key":"Shuriken"}],"event_choices":[{"damage_healed":0.0,"max_hp_gain":5.0,"max_hp_loss":0.0,"gold_gain":0.0,"event_name":"Big Fish","player_choice":"Donut","floor":2.0,"gold_loss":0.0,"damage_taken":0.0},{"cards_removed":["Strike_B"],"damage_healed":0.0,"max_hp_gain":0.0,"max_hp_loss":0.0,"gold_gain":0.0,"event_name":"Golden Wing","player_choice":"Card Removal","floor":12.0,"gold_loss":0.0,"damage_taken":7.0},{"cards_removed":["Strike_B"],"damage_healed":0.0,"max_hp_gain":0.0,"max_hp_loss":0.0,"gold_gain":0.0,"event_name":"Back to Basics","player_choice":"Elegance","floor":19.0,"gold_loss":0.0,"damage_taken":0.0},{"damage_healed":0.0,"max_hp_gain":0.0,"max_hp_loss":0.0,"gold_gain":0.0,"cards_transformed":["Strike_B"],"event_name":"Transmorgrifier","player_choice":"Transformed","floor":21.0,"gold_loss":0.0,"damage_taken":0.0,"cards_obtained":["Undo"]},{"damage_healed":0.0,"max_hp_gain":0.0,"max_hp_loss":0.0,"gold_gain":0.0,"event_name":"Tomb of Lord Red Mask","player_choice":"Ignored","floor":36.0,"gold_loss":0.0,"damage_taken":0.0},{"damage_healed":0.0,"max_hp_gain":0.0,"max_hp_loss":0.0,"gold_gain":0.0,"event_name":"SensoryStone","player_choice":"Memory 1","floor":37.0,"gold_loss":0.0,"damage_taken":0.0},{"damage_healed":0.0,"max_hp_gain":0.0,"max_hp_loss":0.0,"gold_gain":0.0,"event_name":"Mysterious Sphere","player_choice":"Fight","floor":44.0,"gold_loss":0.0,"damage_taken":0.0}],"is_beta":false,"boss_relics":[{"not_picked":["Ectoplasm","Coffee Dripper"],"picked":"Inserter"},{"not_picked":["Empty Cage","Cursed Key"],"picked":"Nuclear Battery"}],"items_purged_floors":[20,30],"is_endless":false,"potions_floor_spawned":[1,3,10,16,25,28,38,45,46,47,54],"ascension_level":0}