{"gold_per_floor":[115,67,86,102,102,129,146,46,46,46,56,70,103,113,113,210,210,230,230,249,249,262,262,297,297,297,207,222,253,284,296,308,421,433,459,490,502,514,540,579,591],"floor_reached":41,"playtime":3698,"items_purged":["Strike_B"],"score":475,"play_id":"c4b0ced7-3e41-4f0c-992a-de16564d2aaa","local_time":"20190603230030","is_ascension_mode":false,"campfire_choices":[{"data":"Go for the Eyes","floor":10,"key":"SMITH"},{"data":"Barrage","floor":15,"key":"SMITH"},{"data":"Fission","floor":23,"key":"SMITH"},{"floor":25,"key":"REST"},{"data":"Zap","floor":32,"key":"SMITH"}],"neow_cost":"TEN_PERCENT_HP_LOSS","seed_source_timestamp":9923562486952,"circlet_count":0,"master_deck":["Zap+1","Dualcast+1","Compile Driver","Ball Lightning","Barrage+1","Glacier","Cold Snap+1","Go for the Eyes+1","Hologram","Coolheaded","Gash","Ball Lightning","Fission+1","Conserve Battery+1","Go for the Eyes","Storm+1","Chaos","Gash+1","Hologram+1","Stack","Storm","Electrodynamics","Amplify","Seek","Electrodynamics","Undo","Redo+1","FTL+1","Blind","Chaos","Blizzard+1"],"relics":["Cracked Core","Girya","Letter Opener","Symbiotic Virus","Inserter","FossilizedHelix","MawBank","Pandora\u0027s Box","Pantograph","Strawberry"],"potions_floor_usage":[16,20,22,24,33,39,41],"damage_taken":[{"damage":1,"enemies":"Jaw Worm","floor":1,"turns":4},{"damage":1,"enemies":"Cultist","floor":3,"turns":3},{"damage":5,"enemies":"Small Slimes","floor":4,"turns":2},{"damage":11,"enemies":"Lagavulin","floor":6,"turns":5},{"damage":4,"enemies":"Blue Slaver","floor":7,"turns":3},{"damage":1,"enemies":"3 Louse","floor":11,"turns":2},{"damage":0,"enemies":"Gremlin Gang","floor":12,"turns":3},{"damage":8,"enemies":"Gremlin Nob","floor":13,"turns":4},{"damage":0,"enemies":"Large Slime","floor":14,"turns":3},{"damage":7,"enemies":"Hexaghost","floor":16,"turns":10},{"damage":0,"enemies":"Spheric Guardian","floor":18,"turns":3},{"damage":0,"enemies":"Shell Parasite","floor":20,"turns":4},{"damage":16,"enemies":"Snake Plant","floor":22,"turns":3},{"damage":9,"enemies":"Slavers","floor":24,"turns":8},{"damage":0,"enemies":"Snecko","floor":28,"turns":5},{"damage":4,"enemies":"Book of Stabbing","floor":29,"turns":4},{"damage":0,"enemies":"Centurion and Healer","floor":30,"turns":5},{"damage":10,"enemies":"Champ","floor":33,"turns":12},{"damage":0,"enemies":"Orb Walker","floor":35,"turns":3},{"damage":20,"enemies":"3 Darklings","floor":36,"turns":3},{"damage":0,"enemies":"Spire Growth","floor":39,"turns":5},{"damage":42,"enemies":"Giant Head","floor":40,"turns":9},{"damage":18,"enemies":"Transient","floor":41,"turns":5}],"seed_played":"-2869278591001641894","potions_obtained":[{"floor":3,"key":"Energy Potion"},{"floor":6,"key":"Ancient Potion"},{"floor":14,"key":"Ancient Potion"},{"floor":16,"key":"EssenceOfSteel"},{"floor":18,"key":"AttackPotion"},{"floor":20,"key":"FearPotion"},{"floor":28,"key":"SpeedPotion"},{"floor":29,"key":"Swift Potion"},{"floor":36,"key":"Strength Potion"}],"is_trial":false,"path_per_floor":["M","$","M","M","?","E","M","$","T","R","M","M","E","M","R","B",null,"M","?","M","?","M","R","E","R","T","?","M","E","M","?","R","B",null,"M","M","?","T","M","E","M"],"character_chosen":"DEFECT","items_purchased":["Compile Driver","Go for the Eyes"],"campfire_rested":1,"item_purchase_floors":[2,8],"current_hp_per_floor":[67,67,66,61,61,50,46,46,46,46,45,45,37,37,37,30,68,68,68,68,56,40,40,31,52,52,52,52,48,48,48,48,38,73,73,53,53,53,53,18,0],"gold":591,"neow_bonus":"REMOVE_TWO","is_prod":false,"is_daily":false,"chose_seed":false,"campfire_upgraded":4,"win_rate":0,"timestamp":1559599230,"path_taken":["M","$","M","M","?","E","M","?","T","R","?","M","E","M","R","BOSS","M","?","M","?","M","R","E","R","T","?","M","E","?","?","R","BOSS","M","M","?","?","?","E","M"],"build_version":"2019-01-23","purchased_purges":1,"victory":false,"max_hp_per_floor":[68,68,68,68,68,68,68,68,68,68,68,68,68,68,68,68,68,68,68,68,73,73,73,73,73,73,73,73,73,73,73,73,73,73,73,73,73,73,73,80,80],"card_choices":[{"not_picked":["Beam Cell","Double Energy","Stack"],"picked":"SKIP","floor":1},{"not_picked":["Conserve Battery","Beam Cell"],"picked":"Ball Lightning","floor":3},{"not_picked":["Rebound","Sweeping Beam"],"picked":"Barrage","floor":4},{"not_picked":["Loop","Redo"],"picked":"Glacier","floor":6},{"not_picked":["Doom and Gloom","FTL"],"picked":"Cold Snap","floor":7},{"not_picked":["Hyperbeam","Steam Power"],"picked":"Hologram","floor":11},{"not_picked":["Turbo","Melter"],"picked":"Coolheaded","floor":12},{"not_picked":["Recycle","Steam"],"picked":"Gash","floor":13},{"not_picked":["Recycle","Beam Cell"],"picked":"Ball Lightning","floor":14},{"not_picked":["Hyperbeam","Core Surge"],"picked":"Fission","floor":16},{"not_picked":["Ball Lightning","Compile Driver"],"picked":"Conserve Battery+1","floor":18},{"not_picked":["Tempest","Reinforced Body"],"picked":"Go for the Eyes","floor":20},{"not_picked":["Cold Snap","Undo"],"picked":"Storm+1","floor":22},{"not_picked":["Barrage","Scrape"],"picked":"Chaos","floor":24},{"not_picked":["Conserve Battery","Sweeping Beam"],"picked":"Gash+1","floor":28},{"not_picked":["Auto Shields","Multi-Cast"],"picked":"Hologram+1","floor":29},{"not_picked":["Gash+1","Capacitor+1"],"picked":"Stack","floor":30},{"not_picked":["Core Surge","Hyperbeam"],"picked":"Electrodynamics","floor":33},{"not_picked":["Turbo+1","Cold Snap+1"],"picked":"Redo+1","floor":35},{"not_picked":["Conserve Battery+1","Doom and Gloom"],"picked":"FTL+1","floor":36},{"not_picked":["Secret Weapon","Metamorphosis"],"picked":"Blind","floor":37},{"not_picked":["Steam+1","FTL"],"picked":"Chaos","floor":39},{"not_picked":["White Noise+1","Sweeping Beam"],"picked":"Blizzard+1","floor":40}],"player_experience":608155,"relics_obtained":[{"floor":6,"key":"Girya"},{"floor":9,"key":"Letter Opener"},{"floor":13,"key":"Symbiotic Virus"},{"floor":24,"key":"FossilizedHelix"},{"floor":29,"key":"MawBank"},{"floor":38,"key":"Pantograph"},{"floor":40,"key":"Strawberry"}],"event_choices":[{"damage_healed":0,"gold_gain":0,"player_choice":"Upgraded","damage_taken":0,"max_hp_gain":0,"max_hp_loss":0,"event_name":"Upgrade Shrine","floor":5,"gold_loss":0,"cards_upgraded":["Dualcast"]},{"damage_healed":0,"gold_gain":0,"player_choice":"Ignored","damage_taken":0,"max_hp_gain":0,"max_hp_loss":0,"event_name":"Ghosts","floor":19,"gold_loss":0},{"damage_healed":0,"gold_gain":0,"player_choice":"Shed Blood","damage_taken":17,"max_hp_gain":5,"max_hp_loss":0,"event_name":"Forgotten Altar","floor":21,"gold_loss":0},{"cards_removed":["Strike_B"],"damage_healed":0,"gold_gain":0,"player_choice":"Upgrade and Remove","damage_taken":0,"max_hp_gain":0,"max_hp_loss":0,"event_name":"Designer","floor":27,"gold_loss":90,"cards_upgraded":["Cold Snap"]},{"damage_healed":0,"gold_gain":0,"player_choice":"Read","damage_taken":0,"max_hp_gain":0,"max_hp_loss":0,"event_name":"The Library","floor":31,"gold_loss":0,"cards_obtained":["Storm"]},{"damage_healed":0,"gold_gain":0,"player_choice":"Memory 1","damage_taken":0,"max_hp_gain":0,"max_hp_loss":0,"event_name":"SensoryStone","floor":37,"gold_loss":0}],"is_beta":false,"boss_relics":[{"not_picked":["Calling Bell","Nuclear Battery"],"picked":"Inserter"},{"not_picked":["Orrery","Eternal Feather"],"picked":"Pandora\u0027s Box"}],"items_purged_floors":[8],"is_endless":false,"potions_floor_spawned":[3,6,14,16,18,20,28,29,36],"killed_by":"Transient","ascension_level":0}