{"gold_per_floor":[118,68,20,20,35,66,66,82,133,146,146,163,179,213,213,309,309,323,323],"floor_reached":19,"playtime":1693,"items_purged":[],"score":179,"play_id":"07229b3f-4a7a-4c27-9569-df5a6f3f845d","local_time":"20190601120029","is_ascension_mode":false,"campfire_choices":[{"data":"Dualcast","floor":7,"key":"SMITH"},{"data":"Zap","floor":15,"key":"SMITH"}],"neow_cost":"NONE","seed_source_timestamp":68042981533251,"circlet_count":0,"master_deck":["Strike_B","Strike_B","Defend_B","Defend_B","Defend_B","Defend_B","Zap+1","Dualcast+1","Buffer","Coolheaded","Streamline","Zap","Glacier","Rebound","Loop+1","Cold Snap","Barrage","Coolheaded","Heatsinks","Reboot","White Noise"],"relics":["Cracked Core","Bag of Marbles","Omamori","Inserter"],"potions_floor_usage":[6,6,14,14,18,18,19,19],"damage_taken":[{"damage":0,"enemies":"2 Louse","floor":1,"turns":2},{"damage":0,"enemies":"Jaw Worm","floor":5,"turns":4},{"damage":14,"enemies":"3 Sentries","floor":6,"turns":11},{"damage":0,"enemies":"Cultist","floor":8,"turns":3},{"damage":5,"enemies":"Lots of Slimes","floor":10,"turns":3},{"damage":0,"enemies":"Large Slime","floor":12,"turns":7},{"damage":0,"enemies":"Red Slaver","floor":13,"turns":4},{"damage":7,"enemies":"Gremlin Nob","floor":14,"turns":4},{"damage":8,"enemies":"Slime Boss","floor":16,"turns":12},{"damage":0,"enemies":"Spheric Guardian","floor":18,"turns":4},{"damage":11,"enemies":"Colosseum Slavers","floor":19,"turns":4},{"damage":85,"enemies":"Colosseum Nobs","floor":19,"turns":4}],"seed_played":"-8588068192111246641","potions_obtained":[{"floor":5,"key":"EntropicBrew"},{"floor":10,"key":"Poison Potion"},{"floor":12,"key":"Block Potion"},{"floor":14,"key":"Block Potion"},{"floor":16,"key":"SkillPotion"},{"floor":18,"key":"Energy Potion"}],"is_trial":false,"path_per_floor":["M","?","$","?","M","E","R","M","T","M","?","M","M","E","R","B",null,"M","?"],"character_chosen":"DEFECT","items_purchased":["Streamline"],"campfire_rested":0,"item_purchase_floors":[3],"current_hp_per_floor":[75,75,75,75,75,61,61,61,61,56,56,56,56,49,49,41,75,75,0],"gold":323,"neow_bonus":"TRANSFORM_CARD","is_prod":false,"is_daily":false,"chose_seed":false,"campfire_upgraded":2,"win_rate":0,"timestamp":1559386829,"path_taken":["M","?","$","?","?","E","R","?","T","M","?","M","M","E","R","BOSS","M","?"],"build_version":"2019-01-23","purchased_purges":0,"victory":false,"max_hp_per_floor":[75,75,75,75,75,75,75,75,75,75,75,75,75,75,75,75,75,75,75],"card_choices":[{"not_picked":["Leap","Stack"],"picked":"Coolheaded","floor":1},{"not_picked":["Compile Driver","FTL"],"picked":"Glacier","floor":5},{"not_picked":["Beam Cell","Steam"],"picked":"Rebound","floor":6},{"not_picked":["Conserve Battery","Gash"],"picked":"Loop","floor":8},{"not_picked":["Turbo","Gash"],"picked":"Cold Snap","floor":10},{"not_picked":["Steam","Rebound"],"picked":"Barrage","floor":12},{"not_picked":["Gash","Redo"],"picked":"Coolheaded","floor":13},{"not_picked":["Core Surge","Go for the Eyes"],"picked":"Heatsinks","floor":14},{"not_picked":["Hyperbeam","All For One"],"picked":"Reboot","floor":16},{"not_picked":["Skim","Coolheaded"],"picked":"White Noise","floor":18}],"player_experience":574059,"relics_obtained":[{"floor":6,"key":"Bag of Marbles"},{"floor":14,"key":"Omamori"}],"event_choices":[{"cards_removed":["Strike_B"],"damage_healed":0,"gold_gain":0,"player_choice":"Card Removal","damage_taken":0,"max_hp_gain":0,"max_hp_loss":0,"event_name":"The Cleric","floor":2,"gold_loss":50},{"damage_healed":0,"gold_gain":0,"player_choice":"1 cards matched","damage_taken":0,"max_hp_gain":0,"max_hp_loss":0,"event_name":"Match and Keep!","floor":4,"gold_loss":0,"cards_obtained":["Zap"]},{"damage_healed":0,"gold_gain":0,"player_choice":"Upgraded","damage_taken":0,"max_hp_gain":0,"max_hp_loss":0,"event_name":"Upgrade Shrine","floor":11,"gold_loss":0,"cards_upgraded":["Loop"]},{"damage_healed":0,"gold_gain":0,"player_choice":"Fight","damage_taken":0,"max_hp_gain":0,"max_hp_loss":0,"event_name":"Colosseum","floor":19,"gold_loss":0},{"damage_healed":0,"gold_gain":0,"player_choice":"Fought Nobs","damage_taken":0,"max_hp_gain":0,"max_hp_loss":0,"event_name":"Colosseum","floor":19,"gold_loss":0}],"is_beta":false,"boss_relics":[{"not_picked":["Runic Pyramid","Nuclear Battery"],"picked":"Inserter"}],"items_purged_floors":[],"is_endless":false,"potions_floor_spawned":[5,10,12,14,16,18],"killed_by":"Colosseum Nobs","ascension_level":0}