{"gold_per_floor":[119,194,210,210,222,222,249,249,249,264,264,180,195,205,205,205],"floor_reached":16,"playtime":453,"items_purged":[],"score":199,"play_id":"627d7c92-887b-410e-bc17-3b4d6e00bd83","local_time":"20190628180401","is_ascension_mode":true,"campfire_choices":[{"data":"Predator","floor":6,"key":"SMITH"},{"floor":8,"key":"REST"},{"floor":11,"key":"REST"},{"floor":15,"key":"REST"}],"neow_cost":"NONE","seed_source_timestamp":312360982573100,"circlet_count":0,"master_deck":["AscendersBane","Defend_G","Defend_G","Defend_G","Defend_G","Defend_G","Strike_G","Strike_G","Strike_G","Strike_G","Strike_G","Survivor","Neutralize+1","Dagger Spray","Dagger Spray","Predator+1","Venomology","Cloak And Dagger","Footwork+1","Backflip"],"special_seed":0,"relics":["Ring of the Snake","NlothsMask","Frozen Egg 2"],"potions_floor_usage":[7,16,16],"damage_taken":[{"damage":0.0,"enemies":"2 Louse","floor":1.0,"turns":3.0},{"damage":0,"enemies":"Jaw Worm","floor":3,"turns":5},{"damage":4,"enemies":"Cultist","floor":5,"turns":4},{"damage":34,"enemies":"Lagavulin","floor":7,"turns":6},{"damage":4,"enemies":"Blue Slaver","floor":10,"turns":6},{"damage":8,"enemies":"Large Slime","floor":13,"turns":7},{"damage":9,"enemies":"Red Slaver","floor":14,"turns":5},{"damage":60,"enemies":"Slime Boss","floor":16,"turns":10}],"seed_played":"253985479898689329","potions_obtained":[{"floor":3,"key":"SpeedPotion"},{"floor":5,"key":"Energy Potion"}],"is_trial":false,"path_per_floor":["M","?","M","?","M","R","E","R","T","M","R","$","M","M","R","B"],"character_chosen":"THE_SILENT","items_purchased":["Footwork+1"],"campfire_rested":3,"item_purchase_floors":[12],"current_hp_per_floor":[59,48,48,48,44,44,10,29,29,25,44,44,36,27,46,0],"gold":205,"neow_bonus":"UPGRADE_CARD","is_prod":false,"is_daily":false,"chose_seed":false,"campfire_upgraded":1,"win_rate":0,"timestamp":1561716241,"path_taken":["M","?","M","?","?","R","E","R","T","M","R","$","M","M","R","BOSS"],"build_version":"2019-01-23","purchased_purges":0,"victory":false,"max_hp_per_floor":[66,66,66,66,66,66,66,66,66,66,66,66,66,66,66,66],"card_choices":[{"not_picked":["Acrobatics","Underhanded Strike"],"picked":"Dagger Spray","floor":1},{"not_picked":["Masterful Stab","Dagger Throw"],"picked":"Dagger Spray","floor":3},{"not_picked":["Deadly Poison","Sucker Punch"],"picked":"Predator","floor":5},{"not_picked":["Masterful Stab","Bane"],"picked":"Venomology","floor":7},{"not_picked":["Backstab","Slice"],"picked":"Cloak And Dagger","floor":10},{"not_picked":["Acrobatics","PiercingWail"],"picked":"Backflip","floor":13},{"not_picked":["Expertise","Poisoned Stab","Tactician"],"picked":"SKIP","floor":14}],"player_experience":740978,"relics_obtained":[{"floor":7,"key":"Frozen Egg 2"}],"event_choices":[{"damage_healed":0,"gold_gain":75,"player_choice":"Gather Gold","damage_taken":11,"max_hp_gain":0,"max_hp_loss":0,"event_name":"World of Goop","floor":2,"gold_loss":0},{"damage_healed":0,"gold_gain":0,"player_choice":"Trade","damage_taken":0,"relics_obtained":["NlothsMask"],"max_hp_gain":0,"max_hp_loss":0,"event_name":"FaceTrader","floor":4,"gold_loss":0}],"is_beta":false,"boss_relics":[],"items_purged_floors":[],"is_endless":false,"potions_floor_spawned":[3,5,13],"killed_by":"Slime Boss","ascension_level":19}