{"gold_per_floor":[115,40,54,66,79,79,114,114,114,114,143,143,160,191,191,287,287,300,300,96,115,130,160,160,193,193,193,210,210,222,249,249,351,351,361,380,390,55,55],"floor_reached":39,"playtime":3705,"items_purged":["Strike_B","Strike_B","Defend_B"],"score":511,"play_id":"c76024b7-7375-4851-8a32-499309334256","local_time":"20190517222234","is_ascension_mode":false,"campfire_choices":[{"data":"Lockon","floor":6,"key":"SMITH"},{"data":"Chill","floor":8,"key":"SMITH"},{"floor":10,"key":"REST"},{"floor":12,"key":"REST"},{"data":"Darkness","floor":15,"key":"SMITH"},{"floor":24,"key":"REST"},{"floor":27,"key":"REST"},{"data":"Sunder","floor":32,"key":"SMITH"}],"neow_cost":"NONE","seed_source_timestamp":13590709883288,"circlet_count":0,"master_deck":["Defend_B","Defend_B","Defend_B","Zap","Dualcast","Chill+1","Lockon+1","Blizzard","White Noise","White Noise","Cold Snap","Darkness+1","Seek","Redo","Loop","Leap","Storm","Reprogram+1","Sunder+1","Conserve Battery","Stack","Barrage","Chaos","Rainbow","White Noise+1"],"relics":["Cracked Core","Symbiotic Virus","WingedGreaves","Ice Cream","Inserter","Blue Candle","Art of War","Shuriken","Anchor","Empty Cage","PrismaticShard"],"potions_floor_usage":[7,21,21,28,30,30,31,31],"damage_taken":[{"damage":4,"enemies":"2 Louse","floor":1,"turns":2},{"damage":7,"enemies":"Small Slimes","floor":3,"turns":3},{"damage":0,"enemies":"Cultist","floor":4,"turns":2},{"damage":4,"enemies":"Red Slaver","floor":5,"turns":3},{"damage":17,"enemies":"Lagavulin","floor":7,"turns":5},{"damage":27,"enemies":"Gremlin Nob","floor":11,"turns":4},{"damage":0,"enemies":"3 Louse","floor":13,"turns":3},{"damage":10,"enemies":"3 Sentries","floor":14,"turns":8},{"damage":27,"enemies":"Slime Boss","floor":16,"turns":7},{"damage":3,"enemies":"Spheric Guardian","floor":18,"turns":3},{"damage":6,"enemies":"3 Byrds","floor":21,"turns":6},{"damage":24,"enemies":"Snake Plant","floor":22,"turns":4},{"damage":39,"enemies":"Book of Stabbing","floor":23,"turns":7},{"damage":15,"enemies":"Gremlin Leader","floor":25,"turns":6},{"damage":26,"enemies":"Centurion and Healer","floor":28,"turns":6},{"damage":0,"enemies":"3 Cultists","floor":30,"turns":5},{"damage":0,"enemies":"Book of Stabbing","floor":31,"turns":5},{"damage":54,"enemies":"Champ","floor":33,"turns":11},{"damage":37,"enemies":"Orb Walker","floor":35,"turns":6},{"damage":19,"enemies":"3 Darklings","floor":36,"turns":6},{"damage":29,"enemies":"Sphere and 2 Shapes","floor":37,"turns":6},{"damage":15,"enemies":"Maw","floor":39,"turns":4}],"seed_played":"-596894958217076539","potions_obtained":[{"floor":1,"key":"Swift Potion"},{"floor":3,"key":"Strength Potion"},{"floor":4,"key":"SmokeBomb"},{"floor":14,"key":"FocusPotion"},{"floor":16,"key":"Regen Potion"},{"floor":23,"key":"FocusPotion"},{"floor":25,"key":"Swift Potion"},{"floor":28,"key":"AttackPotion"},{"floor":30,"key":"FocusPotion"}],"is_trial":false,"path_per_floor":["M","$","M","M","M","R","E","R","T","R","E","R","M","E","R","B",null,"M","?","$","M","M","E","R","E","T","R","M","?","M","E","R","B",null,"M","M","M","$","M"],"character_chosen":"DEFECT","items_purchased":["Loop","Leap","PrismaticShard"],"campfire_rested":4,"item_purchase_floors":[20,20,38],"current_hp_per_floor":[78,78,71,71,67,67,50,50,50,74,47,71,71,61,61,34,82,79,79,79,82,58,19,43,28,28,52,26,92,92,92,92,38,92,55,36,7,7,0],"gold":55,"neow_bonus":"TEN_PERCENT_HP_BONUS","is_prod":false,"is_daily":false,"chose_seed":false,"campfire_upgraded":4,"win_rate":0,"timestamp":1558128154,"path_taken":["M","$","M","M","M","R","E","R","T","R","E","R","M","E","R","BOSS","M","?","$","M","M","E","R","E","T","R","M","?","M","E","R","BOSS","M","M","?","$","M"],"build_version":"2019-01-23","purchased_purges":3,"victory":false,"max_hp_per_floor":[82,82,82,82,82,82,82,82,82,82,82,82,82,82,82,82,82,82,82,82,82,82,82,82,82,82,82,82,92,92,92,92,92,92,92,92,92,92,92],"card_choices":[{"not_picked":["Go for the Eyes","Redo"],"picked":"Chill","floor":1},{"not_picked":["Ball Lightning","Beam Cell"],"picked":"Lockon","floor":3},{"not_picked":["Sweeping Beam","Rebound"],"picked":"Blizzard","floor":4},{"not_picked":["Rebound","All For One"],"picked":"White Noise","floor":5},{"not_picked":["Streamline","Steam Power"],"picked":"White Noise","floor":7},{"not_picked":["Leap","Chaos"],"picked":"Cold Snap","floor":11},{"not_picked":["Scrape","Rebound"],"picked":"Darkness","floor":13},{"not_picked":["Heatsinks","Force Field"],"picked":"Seek","floor":14},{"not_picked":["Hyperbeam","Fission"],"picked":"Buffer","floor":16},{"not_picked":["Capacitor","Ball Lightning"],"picked":"Redo","floor":18},{"not_picked":["Turbo","Steam+1"],"picked":"Storm","floor":21},{"not_picked":["Barrage","Leap"],"picked":"Reprogram+1","floor":22},{"not_picked":["Streamline+1","Aggregate+1"],"picked":"Sunder","floor":23},{"not_picked":["Rebound+1","Stack"],"picked":"Conserve Battery","floor":25},{"not_picked":["Streamline","Scrape"],"picked":"Stack","floor":28},{"not_picked":["Go for the Eyes","Heatsinks"],"picked":"Barrage","floor":30},{"not_picked":["Fission","Auto Shields"],"picked":"Chaos","floor":31},{"not_picked":["Meteor Strike","Core Surge"],"picked":"Rainbow","floor":33},{"not_picked":["Sweeping Beam+1","Aggregate+1","Rebound+1"],"picked":"SKIP","floor":35},{"not_picked":["Turbo+1","Beam Cell+1"],"picked":"White Noise+1","floor":36},{"not_picked":["Sweeping Beam","Hologram","Reprogram"],"picked":"SKIP","floor":37}],"player_experience":294199,"relics_obtained":[{"floor":7,"key":"Symbiotic Virus"},{"floor":11,"key":"WingedGreaves"},{"floor":14,"key":"Ice Cream"},{"floor":23,"key":"Blue Candle"},{"floor":25,"key":"Art of War"},{"floor":26,"key":"Shuriken"},{"floor":31,"key":"Anchor"}],"event_choices":[{"damage_healed":0,"gold_gain":0,"player_choice":"Ignored","damage_taken":0,"max_hp_gain":0,"max_hp_loss":0,"event_name":"Ghosts","floor":19,"gold_loss":0},{"cards_removed":["Buffer"],"damage_healed":56,"gold_gain":0,"player_choice":"Offered Rare","damage_taken":0,"max_hp_gain":10,"max_hp_loss":0,"event_name":"Bonfire Elementals","floor":29,"gold_loss":0}],"is_beta":false,"boss_relics":[{"not_picked":["Snecko Eye","Velvet Choker"],"picked":"Inserter"},{"not_picked":["Eternal Feather","Runic Dome"],"picked":"Empty Cage"}],"items_purged_floors":[2,20,38],"is_endless":false,"potions_floor_spawned":[1,3,4,14,16,18,23,25,28,30],"killed_by":"Maw","ascension_level":0}