{"gold_per_floor":[109,128,139,153,328,356,376,376,403,427,459,469,504,173,173,278,278,298,298,52,52,52,52,77,77,77,109,23,43,57,57,57,160,160,170,181,12,28,28,28,60,60,110,123,139,89,115,115,115,115],"floor_reached":50,"playtime":6552,"items_purged":["Defend_B","Defend_B","Strike_B","Doubt"],"score":633,"play_id":"a902ad96-2421-4f3c-8b6e-84d60bda45ad","local_time":"20190519120902","is_ascension_mode":false,"campfire_choices":[{"data":"Sunder","floor":8,"key":"SMITH"},{"data":"Consume","floor":15,"key":"SMITH"},{"data":"Fusion","floor":23,"key":"SMITH"},{"data":"Echo Form","floor":25,"key":"SMITH"},{"data":"Defragment","floor":32,"key":"SMITH"},{"data":"Darkness","floor":40,"key":"SMITH"},{"data":"Creative AI","floor":42,"key":"SMITH"},{"floor":49,"key":"RECALL"}],"neow_cost":"NONE","seed_source_timestamp":1306435016305,"circlet_count":0,"master_deck":["Zap","Dualcast","Reprogram+1","Cold Snap+1","Genetic Algorithm+1","Redo","Go for the Eyes","Leap","Coolheaded","Sunder+1","Leap","Echo Form+1","Blizzard","Fusion+1","Capacitor","Consume+1","Amplify","Compile Driver","Defragment+1","Darkness+1","Conserve Battery+1","Seek","Loop","Cold Snap","Redo+1","Creative AI+1","Skim+1","Rebound","Madness","Madness","Leap+1","Darkness+1","Hologram+1","Coolheaded+1"],"relics":["Astrolabe","Calipers","Odd Mushroom","Anchor","Smiling Mask","Lee\u0027s Waffle","Eternal Feather","Regal Pillow","DataDisk","Darkstone Periapt","Gremlin Horn","Centennial Puzzle","Empty Cage","War Paint","Bottled Flame","Dream Catcher","Dodecahedron"],"potions_floor_usage":[12,16,18,24,24,27,36,36,38,44,45,47],"damage_taken":[{"damage":1,"enemies":"Jaw Worm","floor":1,"turns":7},{"damage":0,"enemies":"2 Louse","floor":2,"turns":3},{"damage":0,"enemies":"Small Slimes","floor":3,"turns":4},{"damage":0,"enemies":"3 Louse","floor":4,"turns":4},{"damage":13,"enemies":"Lagavulin","floor":6,"turns":13},{"damage":3,"enemies":"Looter","floor":7,"turns":5},{"damage":15,"enemies":"The Mushroom Lair","floor":10,"turns":7},{"damage":14,"enemies":"Gremlin Nob","floor":11,"turns":5},{"damage":0,"enemies":"Lots of Slimes","floor":12,"turns":4},{"damage":0,"enemies":"Lagavulin","floor":13,"turns":8},{"damage":3,"enemies":"The Guardian","floor":16,"turns":15},{"damage":0,"enemies":"Chosen","floor":18,"turns":8},{"damage":11,"enemies":"Slavers","floor":24,"turns":11},{"damage":27,"enemies":"Gremlin Leader","floor":27,"turns":12},{"damage":0,"enemies":"Shell Parasite","floor":29,"turns":6},{"damage":0,"enemies":"Chosen and Byrds","floor":30,"turns":8},{"damage":28,"enemies":"Collector","floor":33,"turns":15},{"damage":17,"enemies":"3 Darklings","floor":35,"turns":7},{"damage":0,"enemies":"3 Shapes","floor":36,"turns":4},{"damage":5,"enemies":"Sphere and 2 Shapes","floor":38,"turns":8},{"damage":0,"enemies":"Giant Head","floor":41,"turns":11},{"damage":13,"enemies":"Jaw Worm Horde","floor":44,"turns":7},{"damage":26,"enemies":"3 Darklings","floor":45,"turns":8},{"damage":39,"enemies":"Nemesis","floor":47,"turns":9},{"damage":31,"enemies":"Donu and Deca","floor":50,"turns":6}],"seed_played":"3972570237437383841","potions_obtained":[{"floor":2,"key":"GamblersBrew"},{"floor":10,"key":"GamblersBrew"},{"floor":11,"key":"AttackPotion"},{"floor":13,"key":"FocusPotion"},{"floor":16,"key":"Dexterity Potion"},{"floor":24,"key":"Explosive Potion"},{"floor":29,"key":"PowerPotion"},{"floor":33,"key":"PowerPotion"},{"floor":36,"key":"Explosive Potion"},{"floor":38,"key":"Block Potion"},{"floor":41,"key":"AttackPotion"},{"floor":45,"key":"LiquidBronze"}],"is_trial":false,"path_per_floor":["M","M","M","M","?","E","M","R","T","?","E","M","E","$","R","B",null,"M","?","$","?","?","R","E","R","T","E","$","M","M","T","R","B",null,"M","M","$","M","?","R","E","R","T","M","M","$","E","?","R","B"],"character_chosen":"DEFECT","items_purchased":["Lee\u0027s Waffle","Consume","Defragment","Darkness","Conserve Battery","Loop","War Paint","Rebound"],"campfire_rested":0,"item_purchase_floors":[14,14,20,20,20,28,37,37],"current_hp_per_floor":[74,74,74,74,74,61,58,58,58,43,29,29,29,82,82,79,82,82,82,82,82,82,82,71,82,82,55,55,55,55,55,70,42,82,65,65,65,60,50,68,68,82,82,69,43,43,4,4,22,0],"gold":115,"neow_bonus":"BOSS_RELIC","is_prod":false,"is_daily":false,"chose_seed":false,"campfire_upgraded":7,"win_rate":0,"timestamp":1558264142,"path_taken":["M","M","M","M","?","E","M","R","T","?","E","M","E","$","R","BOSS","M","?","$","?","?","R","E","R","T","E","$","M","M","?","R","BOSS","M","M","?","M","?","R","E","R","T","M","M","$","E","?","R","BOSS"],"build_version":"2019-01-23","purchased_purges":4,"victory":false,"max_hp_per_floor":[75,75,75,75,75,75,75,75,75,75,75,75,75,82,82,82,82,82,82,82,82,82,82,82,82,82,82,82,82,82,82,82,82,82,82,82,82,82,82,82,82,82,82,82,82,82,82,82,82,82],"card_choices":[{"not_picked":["Barrage","Conserve Battery"],"picked":"Redo","floor":1},{"not_picked":["Hello World","Stack"],"picked":"Go for the Eyes","floor":2},{"not_picked":["Double Energy","Redo"],"picked":"Leap","floor":3},{"not_picked":["Streamline","Redo"],"picked":"Coolheaded","floor":4},{"not_picked":["Consume","Scrape"],"picked":"Sunder","floor":6},{"not_picked":["Beam Cell","Streamline"],"picked":"Leap","floor":7},{"not_picked":["Reprogram","Defragment"],"picked":"Echo Form","floor":10},{"not_picked":["Stack","Storm"],"picked":"Blizzard","floor":11},{"not_picked":["Reinforced Body","Turbo"],"picked":"Fusion","floor":12},{"not_picked":["Barrage","Aggregate"],"picked":"Capacitor","floor":13},{"not_picked":["Multi-Cast","All For One"],"picked":"Amplify","floor":16},{"not_picked":["Hologram","Reinforced Body+1"],"picked":"Compile Driver","floor":18},{"not_picked":["Sweeping Beam+1","Gash"],"picked":"Seek","floor":24},{"not_picked":["Go for the Eyes","Steam","Consume"],"picked":"SKIP","floor":27},{"not_picked":["Rebound","Scrape"],"picked":"Cold Snap","floor":29},{"not_picked":["Beam Cell","Core Surge"],"picked":"Redo","floor":30},{"not_picked":["Biased Cognition","Buffer"],"picked":"Creative AI","floor":33},{"not_picked":["Blizzard","Steam Power+1","Conserve Battery"],"picked":"SKIP","floor":35},{"not_picked":["Storm","Compile Driver+1"],"picked":"Skim+1","floor":36},{"not_picked":["Consume","Tempest+1","Sweeping Beam"],"picked":"SKIP","floor":38},{"not_picked":["Compile Driver+1","Beam Cell+1"],"picked":"Leap+1","floor":41},{"not_picked":["Steam","Beam Cell+1"],"picked":"Darkness+1","floor":44},{"not_picked":["All For One","Double Energy"],"picked":"Hologram+1","floor":45},{"not_picked":["Lockon+1","Leap"],"picked":"Coolheaded+1","floor":47}],"player_experience":322242,"relics_obtained":[{"floor":6,"key":"Calipers"},{"floor":10,"key":"Odd Mushroom"},{"floor":11,"key":"Anchor"},{"floor":13,"key":"Smiling Mask"},{"floor":24,"key":"DataDisk"},{"floor":26,"key":"Darkstone Periapt"},{"floor":27,"key":"Gremlin Horn"},{"floor":31,"key":"Centennial Puzzle"},{"floor":41,"key":"Bottled Flame"},{"floor":43,"key":"Dream Catcher"},{"floor":47,"key":"Dodecahedron"}],"event_choices":[{"damage_healed":0,"gold_gain":175,"player_choice":"AGREE","damage_taken":0,"max_hp_gain":0,"max_hp_loss":0,"event_name":"Liars Game","floor":5,"gold_loss":0,"cards_obtained":["Doubt"]},{"damage_healed":0,"gold_gain":0,"player_choice":"Fought Mushrooms","damage_taken":0,"max_hp_gain":0,"max_hp_loss":0,"event_name":"Mushrooms","floor":10,"gold_loss":0},{"damage_healed":0,"gold_gain":0,"player_choice":"Ignored","damage_taken":0,"max_hp_gain":0,"max_hp_loss":0,"event_name":"Ghosts","floor":19,"gold_loss":0},{"damage_healed":0,"gold_gain":0,"player_choice":"Opened","damage_taken":0,"relics_obtained":["Regal Pillow"],"max_hp_gain":0,"max_hp_loss":0,"event_name":"The Mausoleum","floor":22,"gold_loss":0},{"damage_healed":0,"gold_gain":0,"player_choice":"Embrace Madness","damage_taken":10,"max_hp_gain":0,"max_hp_loss":0,"event_name":"Winding Halls","floor":39,"gold_loss":0,"cards_obtained":["Madness","Madness"]},{"damage_healed":0,"gold_gain":0,"player_choice":"Ignored","damage_taken":0,"max_hp_gain":0,"max_hp_loss":0,"event_name":"Mysterious Sphere","floor":48,"gold_loss":0}],"is_beta":false,"boss_relics":[{"not_picked":["White Beast Statue","Velvet Choker"],"picked":"Eternal Feather"},{"not_picked":["Runic Pyramid","Orrery"],"picked":"Empty Cage"}],"items_purged_floors":[14,20,28,46],"is_endless":false,"potions_floor_spawned":[2,10,11,13,16,24,29,33,36,38,41,45],"killed_by":"Donu and Deca","ascension_level":0}