{"gold_per_floor":[119,119,131,62,75,75,93,125,125,225,252,4,4,23,23,122,122,138,138,15,32,46,81,81,100,123,123,139,155,155,186,186,281,281,297,397,397,133,133,133,164,28,52,85,85,85,114,131,131,131,131,131,10,36,36],"floor_reached":56,"playtime":4651,"items_purged":["Strike_B","Strike_B","Defend_B"],"score":1331,"play_id":"d4de3915-70c1-4409-908b-a7cb908ac4ed","local_time":"20190619191102","is_ascension_mode":false,"campfire_choices":[{"data":"Zap","floor":6.0,"key":"SMITH"},{"data":"White Noise","floor":13.0,"key":"SMITH"},{"floor":15.0,"key":"REST"},{"data":"Dualcast","floor":24.0,"key":"SMITH"},{"floor":27.0,"key":"REST"},{"data":"Defragment","floor":30.0,"key":"SMITH"},{"floor":32.0,"key":"REST"},{"data":"Echo Form","floor":40.0,"key":"SMITH"},{"floor":46.0,"key":"RECALL"},{"data":"Rainbow","floor":49.0,"key":"SMITH"},{"data":"Redo","floor":52.0,"key":"SMITH"}],"neow_cost":"NONE","seed_source_timestamp":0,"circlet_count":0,"master_deck":["Defend_B","Defend_B+1","Defend_B+1","Zap+1","Dualcast+1","Genetic Algorithm","Streamline","Blizzard+1","White Noise+1","Rebound","Force Field","Capacitor","Redo+1","Ball Lightning","Electrodynamics","Coolheaded","Echo Form+1","Doom and Gloom+1","Go for the Eyes","Force Field+1","Conserve Battery","Defragment+1","Barrage+1","Defragment","Creative AI","Redo+1","Compile Driver+1","Static Discharge","Coolheaded+1","Rainbow+1","Coolheaded+1","Chill+1","Loop","Conserve Battery+1","Coolheaded+1"],"special_seed":0,"relics":["Cracked Core","Bag of Marbles","Pear","DataDisk","Inserter","Darkstone Periapt","Ancient Tea Set","Mercury Hourglass","Nuclear Battery","Ice Cream","Membership Card","Letter Opener","Anchor","Happy Flower","Whetstone","The Courier","Toxic Egg 2","War Paint","Pantograph"],"potions_floor_usage":[55,55,55],"damage_taken":[{"damage":6.0,"enemies":"Jaw Worm","floor":1.0,"turns":4.0},{"damage":0.0,"enemies":"Cultist","floor":3.0,"turns":3.0},{"damage":5.0,"enemies":"Small Slimes","floor":5.0,"turns":3.0},{"damage":8.0,"enemies":"2 Fungi Beasts","floor":7.0,"turns":4.0},{"damage":17.0,"enemies":"Gremlin Nob","floor":8.0,"turns":4.0},{"damage":17.0,"enemies":"3 Sentries","floor":11.0,"turns":7.0},{"damage":0.0,"enemies":"Blue Slaver","floor":14.0,"turns":3.0},{"damage":47.0,"enemies":"Hexaghost","floor":16.0,"turns":8.0},{"damage":0.0,"enemies":"Spheric Guardian","floor":18.0,"turns":4.0},{"damage":12.0,"enemies":"Shell Parasite","floor":21.0,"turns":5.0},{"damage":18.0,"enemies":"Snake Plant","floor":22.0,"turns":5.0},{"damage":14.0,"enemies":"Book of Stabbing","floor":23.0,"turns":5.0},{"damage":21.0,"enemies":"Shelled Parasite and Fungi","floor":25.0,"turns":7.0},{"damage":1.0,"enemies":"3 Cultists","floor":28.0,"turns":4.0},{"damage":7.0,"enemies":"Cultist and Chosen","floor":29.0,"turns":4.0},{"damage":2.0,"enemies":"Gremlin Leader","floor":31.0,"turns":5.0},{"damage":44.0,"enemies":"Automaton","floor":33.0,"turns":9.0},{"damage":1.0,"enemies":"3 Shapes","floor":35.0,"turns":5.0},{"damage":0.0,"enemies":"Mind Bloom Boss Battle","floor":36.0,"turns":7.0},{"damage":0.0,"enemies":"Nemesis","floor":41.0,"turns":7.0},{"damage":3.0,"enemies":"Giant Head","floor":44.0,"turns":8.0},{"damage":4.0,"enemies":"Reptomancer","floor":47.0,"turns":5.0},{"damage":24.0,"enemies":"3 Darklings","floor":48.0,"turns":4.0},{"damage":0.0,"enemies":"Donu and Deca","floor":50.0,"turns":6.0},{"damage":7.0,"enemies":"Shield and Spear","floor":54.0,"turns":5.0},{"damage":49,"enemies":"The Heart","floor":55,"turns":11}],"seed_played":"4861601250867160174","potions_obtained":[{"floor":3.0,"key":"SpeedPotion"},{"floor":5.0,"key":"Block Potion"},{"floor":19.0,"key":"SkillPotion"},{"floor":19.0,"key":"Swift Potion"},{"floor":19.0,"key":"GamblersBrew"},{"floor":21.0,"key":"Block Potion"},{"floor":23.0,"key":"Dexterity Potion"},{"floor":25.0,"key":"Block Potion"},{"floor":35.0,"key":"LiquidBronze"},{"floor":48.0,"key":"Regen Potion"}],"is_trial":false,"path_per_floor":["M","?","M","$","M","R","M","E","T","?","E","$","R","M","R","B",null,"M","?","$","M","M","E","R","M","T","R","M","M","R","E","R","B",null,"M","?","?","$","?","R","E","$","T","E","T","R","E","M","R","B",null,"R","$","E","B",null],"character_chosen":"DEFECT","items_purchased":["Blizzard","DataDisk","Redo","Coolheaded","Echo Form","Membership Card","Static Discharge","Anchor","War Paint","Loop","LiquidBronze","Conserve Battery+1"],"campfire_rested":3,"item_purchase_floors":[4,12,12,20,20,38,38,42,53,53,53,53],"current_hp_per_floor":[69,69,69,69,64,64,56,39,39,39,32,32,32,32,57,10,85,85,85,85,73,55,41,41,20,20,45,44,37,37,35,60,16,85,84,84,84,84,84,84,84,84,84,81,81,81,77,53,53,53,85,85,85,78,51],"gold":36,"neow_bonus":"REMOVE_CARD","is_prod":false,"is_daily":false,"chose_seed":false,"campfire_upgraded":7,"win_rate":0,"timestamp":1560967862,"path_taken":["M","?","?","$","M","R","M","E","T","?","E","$","R","?","R","BOSS","M","?","$","?","M","E","R","M","T","R","M","M","R","E","R","BOSS","M","?","?","$","?","R","E","$","T","E","?","R","E","M","R","BOSS","R","$","E","BOSS"],"build_version":"2019-01-23","purchased_purges":3,"victory":true,"max_hp_per_floor":[75,75,75,75,75,75,75,75,75,75,85,85,85,85,85,85,85,85,85,85,85,85,85,85,85,85,85,85,85,85,85,85,85,85,85,85,85,85,85,85,85,85,85,85,85,85,85,85,85,85,85,85,85,85,85],"card_choices":[{"not_picked":["Go for the Eyes","Conserve Battery"],"picked":"Genetic Algorithm","floor":1.0},{"not_picked":["Hologram","Compile Driver"],"picked":"Streamline","floor":3.0},{"not_picked":["Lockon","Barrage"],"picked":"White Noise","floor":5.0},{"not_picked":["Hologram","Scrape"],"picked":"Rebound","floor":7.0},{"not_picked":["Thunder Strike","Undo"],"picked":"Force Field","floor":8.0},{"not_picked":["Cold Snap","Conserve Battery"],"picked":"Capacitor","floor":11.0},{"not_picked":["Sweeping Beam","Stack"],"picked":"Ball Lightning","floor":14.0},{"not_picked":["Machine Learning","Amplify"],"picked":"Electrodynamics","floor":16.0},{"not_picked":["Steam Power","Beam Cell","Ball Lightning"],"picked":"SKIP","floor":18.0},{"not_picked":["Steam","Sweeping Beam+1"],"picked":"Doom and Gloom+1","floor":21.0},{"not_picked":["Doom and Gloom+1","Steam"],"picked":"Go for the Eyes","floor":22.0},{"not_picked":["Electrodynamics","White Noise"],"picked":"Force Field+1","floor":23.0},{"not_picked":["Rebound","Ball Lightning"],"picked":"Conserve Battery","floor":25.0},{"not_picked":["Heatsinks+1","Leap"],"picked":"Defragment","floor":28.0},{"not_picked":["Rebound","Compile Driver"],"picked":"Barrage","floor":29.0},{"not_picked":["Scrape","Conserve Battery"],"picked":"Defragment","floor":31.0},{"not_picked":["Buffer","Hyperbeam"],"picked":"Creative AI","floor":33.0},{"not_picked":["Steam","Ball Lightning+1"],"picked":"Redo+1","floor":35.0},{"not_picked":["Go for the Eyes","Turbo"],"picked":"Compile Driver+1","floor":36.0},{"not_picked":["Leap","Static Discharge"],"picked":"Coolheaded+1","floor":41.0},{"not_picked":["Rebound","Coolheaded"],"picked":"Rainbow","floor":44.0},{"not_picked":["Steam","Tempest"],"picked":"Coolheaded","floor":47.0},{"not_picked":["Beam Cell","White Noise+1"],"picked":"Chill+1","floor":48.0},{"not_picked":["Hologram+1","Leap+1"],"picked":"Coolheaded+1","floor":54.0}],"player_experience":739071,"relics_obtained":[{"floor":8.0,"key":"Bag of Marbles"},{"floor":11.0,"key":"Pear"},{"floor":23.0,"key":"Darkstone Periapt"},{"floor":26.0,"key":"Ancient Tea Set"},{"floor":31.0,"key":"Mercury Hourglass"},{"floor":36.0,"key":"Ice Cream"},{"floor":41.0,"key":"Letter Opener"},{"floor":43.0,"key":"Happy Flower"},{"floor":44.0,"key":"Whetstone"},{"floor":45.0,"key":"The Courier"},{"floor":47.0,"key":"Toxic Egg 2"},{"floor":54.0,"key":"Pantograph"}],"event_choices":[{"damage_healed":0.0,"max_hp_gain":0.0,"max_hp_loss":0.0,"gold_gain":0.0,"event_name":"NoteForYourself","player_choice":"Ignored","floor":2.0,"gold_loss":0.0,"damage_taken":0.0},{"damage_healed":0.0,"max_hp_gain":0.0,"max_hp_loss":0.0,"gold_gain":100.0,"event_name":"Golden Shrine","player_choice":"Pray","floor":10.0,"gold_loss":0.0,"damage_taken":0.0},{"damage_healed":0.0,"max_hp_gain":0.0,"max_hp_loss":0.0,"gold_gain":0.0,"event_name":"Lab","player_choice":"Got Potions","floor":19.0,"gold_loss":0.0,"damage_taken":0.0},{"damage_healed":0.0,"max_hp_gain":0.0,"max_hp_loss":0.0,"gold_gain":0.0,"event_name":"MindBloom","player_choice":"Fight","floor":36.0,"gold_loss":0.0,"damage_taken":0.0},{"cards_removed":["Strike_B"],"damage_healed":0.0,"max_hp_gain":0.0,"max_hp_loss":0.0,"gold_gain":0.0,"event_name":"Falling","player_choice":"Removed Attack","floor":37.0,"gold_loss":0.0,"damage_taken":0.0},{"damage_healed":0.0,"max_hp_gain":0.0,"max_hp_loss":0.0,"gold_gain":0.0,"event_name":"Tomb of Lord Red Mask","player_choice":"Ignored","floor":39.0,"gold_loss":0.0,"damage_taken":0.0}],"is_beta":false,"boss_relics":[{"not_picked":["White Beast Statue","Snecko Eye"],"picked":"Inserter"},{"not_picked":["Empty Cage","Astrolabe"],"picked":"Nuclear Battery"}],"items_purged_floors":[12,38,42],"is_endless":false,"potions_floor_spawned":[3,5,21,23,25,35,36,48],"ascension_level":0}