{"gold_per_floor":[110,110,123,143,161,189,202,218,218,248,248,267,282,292,292,390,390,405,415,425,437,457,492,492,492,492,492,492,129,148,159,159,255,255,275,275,305,79,96,131,131,164,190,190,190,225,225,239,239,239,239,239,14,43,43],"floor_reached":56,"playtime":4926,"items_purged":["Strike_B"],"score":1272,"play_id":"ce3bf4fd-df0d-400a-8147-74a5d046711e","local_time":"20190522212045","is_ascension_mode":false,"campfire_choices":[{"data":"Loop","floor":15,"key":"SMITH"},{"floor":25,"key":"REST"},{"floor":32,"key":"REST"},{"floor":41,"key":"RECALL"},{"floor":44,"key":"REST"},{"floor":47,"key":"REST"},{"floor":49,"key":"REST"},{"floor":52,"key":"REST"}],"neow_cost":"NONE","seed_source_timestamp":92652333959872,"circlet_count":0,"master_deck":["Strike_B","Strike_B+1","Strike_B","Defend_B","Defend_B+1","Defend_B","Defend_B","Zap","Dualcast","Redo","Cold Snap","BootSequence","Storm","White Noise","Darkness","Conserve Battery","Loop+1","Cold Snap","Ball Lightning","Creative AI","Barrage","Self Repair","Force Field","Conserve Battery+1","Cold Snap","Loop","BootSequence","Seek","HandOfGreed","Conserve Battery","Consume","Doom and Gloom+1","Electrodynamics+1","Seek","Undo+1","Heatsinks+1","Fusion"],"relics":["Runic Dome","Art of War","Gambling Chip","Pantograph","Fusion Hammer","Blue Candle","Gremlin Horn","Mummified Hand","Busted Crown","Oddly Smooth Stone","Turnip","Frozen Egg 2","Orichalcum","Bag of Preparation","Bag of Marbles"],"potions_floor_usage":[6,16,16,19,31,37,40,50,55,55,55,55,55,55],"damage_taken":[{"damage":0,"enemies":"Small Slimes","floor":1,"turns":4},{"damage":0,"enemies":"Cultist","floor":3,"turns":3},{"damage":0,"enemies":"2 Louse","floor":4,"turns":3},{"damage":2,"enemies":"Exordium Thugs","floor":5,"turns":5},{"damage":5,"enemies":"Lagavulin","floor":6,"turns":10},{"damage":0,"enemies":"Large Slime","floor":7,"turns":6},{"damage":0,"enemies":"Exordium Wildlife","floor":8,"turns":3},{"damage":17,"enemies":"Gremlin Nob","floor":10,"turns":4},{"damage":0,"enemies":"2 Fungi Beasts","floor":12,"turns":3},{"damage":2,"enemies":"Exordium Thugs","floor":13,"turns":4},{"damage":2,"enemies":"Looter","floor":14,"turns":3},{"damage":0,"enemies":"Slime Boss","floor":16,"turns":4},{"damage":19,"enemies":"3 Byrds","floor":18,"turns":5},{"damage":13,"enemies":"2 Thieves","floor":19,"turns":3},{"damage":17,"enemies":"Snake Plant","floor":20,"turns":4},{"damage":18,"enemies":"Centurion and Healer","floor":21,"turns":5},{"damage":8,"enemies":"Snecko","floor":22,"turns":4},{"damage":16,"enemies":"Book of Stabbing","floor":23,"turns":5},{"damage":21,"enemies":"Snake Plant","floor":30,"turns":2},{"damage":6,"enemies":"Shelled Parasite and Fungi","floor":31,"turns":4},{"damage":49,"enemies":"Collector","floor":33,"turns":10},{"damage":0,"enemies":"3 Shapes","floor":35,"turns":4},{"damage":15,"enemies":"3 Darklings","floor":37,"turns":5},{"damage":14,"enemies":"Sphere and 2 Shapes","floor":39,"turns":6},{"damage":20,"enemies":"Nemesis","floor":40,"turns":7},{"damage":53,"enemies":"Reptomancer","floor":42,"turns":5},{"damage":5,"enemies":"4 Shapes","floor":46,"turns":3},{"damage":7,"enemies":"Spire Growth","floor":48,"turns":4},{"damage":70,"enemies":"Awakened One","floor":50,"turns":10},{"damage":31,"enemies":"Shield and Spear","floor":54,"turns":5},{"damage":72,"enemies":"The Heart","floor":55,"turns":6}],"seed_played":"2753850525650694254","potions_obtained":[{"floor":3,"key":"EssenceOfSteel"},{"floor":5,"key":"PowerPotion"},{"floor":6,"key":"SpeedPotion"},{"floor":8,"key":"Explosive Potion"},{"floor":16,"key":"SpeedPotion"},{"floor":22,"key":"SkillPotion"},{"floor":23,"key":"Weak Potion"},{"floor":31,"key":"Block Potion"},{"floor":40,"key":"EntropicBrew"},{"floor":42,"key":"Strength Potion"},{"floor":48,"key":"Swift Potion"},{"floor":54,"key":"Regen Potion"}],"is_trial":false,"path_per_floor":["M","?","M","M","M","E","M","M","T","E","?","M","M","M","R","B",null,"M","M","M","M","M","E","?","R","T","T","?","$","M","M","R","B",null,"M","?","M","$","M","E","R","E","T","R","?","M","R","M","R","B",null,"R","$","E","B",null],"character_chosen":"DEFECT","items_purchased":["Mummified Hand","Loop","Consume","Oddly Smooth Stone","Bag of Preparation","Heatsinks+1"],"campfire_rested":6,"item_purchase_floors":[29,29,38,38,53,53],"current_hp_per_floor":[75,60,60,60,58,53,53,53,53,36,85,85,83,81,81,85,85,66,53,43,39,38,22,6,33,33,33,33,33,12,13,40,23,90,90,85,77,77,70,57,57,11,11,38,38,33,60,60,87,27,90,90,90,66,52],"gold":43,"neow_bonus":"BOSS_RELIC","is_prod":false,"is_daily":false,"chose_seed":false,"campfire_upgraded":1,"win_rate":0,"timestamp":1558556445,"path_taken":["M","?","M","M","M","E","M","M","T","E","?","?","M","M","R","BOSS","M","M","M","M","M","E","?","R","T","?","?","$","M","M","R","BOSS","M","?","M","$","M","E","R","E","T","R","?","M","R","M","R","BOSS","R","$","E","BOSS"],"build_version":"2019-01-23","purchased_purges":1,"victory":true,"max_hp_per_floor":[75,75,75,75,75,75,75,75,75,75,85,85,85,85,85,85,85,85,85,85,85,85,85,90,90,90,90,90,90,90,90,90,90,90,90,90,90,90,90,90,90,90,90,90,90,90,90,90,90,90,90,90,90,90,90],"card_choices":[{"not_picked":["Go for the Eyes","Gash"],"picked":"Redo","floor":1},{"not_picked":["Coolheaded","Sweeping Beam"],"picked":"Cold Snap","floor":3},{"not_picked":["Redo","Leap"],"picked":"BootSequence","floor":4},{"not_picked":["BootSequence","Steam"],"picked":"Storm","floor":5},{"not_picked":["Turbo","Undo"],"picked":"White Noise","floor":6},{"not_picked":["Streamline","Hologram"],"picked":"All For One","floor":7},{"not_picked":["Compile Driver","Go for the Eyes"],"picked":"Darkness","floor":8},{"not_picked":["Tempest","Hologram"],"picked":"Conserve Battery","floor":10},{"not_picked":["FTL","Sweeping Beam"],"picked":"Loop","floor":12},{"not_picked":["Hologram","Beam Cell"],"picked":"Cold Snap","floor":13},{"not_picked":["Go for the Eyes","Rebound"],"picked":"Ball Lightning","floor":14},{"not_picked":["Reboot","Machine Learning"],"picked":"Creative AI","floor":16},{"not_picked":["Ball Lightning+1","BootSequence"],"picked":"Barrage","floor":18},{"not_picked":["Compile Driver","Hologram"],"picked":"Self Repair","floor":19},{"not_picked":["Steam","Turbo","Recycle"],"picked":"SKIP","floor":20},{"not_picked":["Conserve Battery","Sweeping Beam"],"picked":"Force Field","floor":21},{"not_picked":["Storm","Heatsinks"],"picked":"Conserve Battery+1","floor":22},{"not_picked":["Gash","Streamline"],"picked":"Cold Snap","floor":23},{"not_picked":["Steam","Turbo","Double Energy+1"],"picked":"SKIP","floor":30},{"not_picked":["Lockon","Barrage"],"picked":"BootSequence","floor":31},{"not_picked":["Rainbow","All For One"],"picked":"Seek","floor":33},{"not_picked":["Sweeping Beam"],"picked":"SKIP","floor":35},{"not_picked":[],"picked":"HandOfGreed","floor":36},{"not_picked":[],"picked":"Conserve Battery","floor":37},{"not_picked":["Beam Cell"],"picked":"SKIP","floor":39},{"not_picked":[],"picked":"Doom and Gloom+1","floor":40},{"not_picked":[],"picked":"Electrodynamics","floor":42},{"not_picked":["Tempest+1"],"picked":"SKIP","floor":46},{"not_picked":[],"picked":"Undo+1","floor":48},{"not_picked":[],"picked":"Fusion","floor":54}],"player_experience":381638,"relics_obtained":[{"floor":6,"key":"Art of War"},{"floor":9,"key":"Gambling Chip"},{"floor":10,"key":"Pantograph"},{"floor":23,"key":"Blue Candle"},{"floor":26,"key":"Gremlin Horn"},{"floor":40,"key":"Turnip"},{"floor":42,"key":"Frozen Egg 2"},{"floor":43,"key":"Orichalcum"},{"floor":54,"key":"Bag of Marbles"}],"event_choices":[{"damage_healed":0,"gold_gain":0,"player_choice":"Entered Light","damage_taken":15,"max_hp_gain":0,"max_hp_loss":0,"event_name":"Shining Light","floor":2,"gold_loss":0,"cards_upgraded":["Strike_B","Defend_B"]},{"cards_removed":["All For One"],"damage_healed":39,"gold_gain":0,"player_choice":"Offered Rare","damage_taken":0,"max_hp_gain":10,"max_hp_loss":0,"event_name":"Bonfire Elementals","floor":11,"gold_loss":0},{"damage_healed":0,"gold_gain":0,"player_choice":"Shed Blood","damage_taken":21,"max_hp_gain":5,"max_hp_loss":0,"event_name":"Forgotten Altar","floor":24,"gold_loss":0},{"damage_healed":0,"gold_gain":0,"player_choice":"Ignored","damage_taken":0,"max_hp_gain":0,"max_hp_loss":0,"event_name":"Ghosts","floor":28,"gold_loss":0},{"damage_healed":0,"gold_gain":0,"player_choice":"Memory 2","damage_taken":5,"max_hp_gain":0,"max_hp_loss":0,"event_name":"SensoryStone","floor":36,"gold_loss":0},{"damage_healed":0,"gold_gain":0,"player_choice":"1 cards matched","damage_taken":0,"max_hp_gain":0,"max_hp_loss":0,"event_name":"Match and Keep!","floor":45,"gold_loss":0,"cards_obtained":["Seek"]}],"is_beta":false,"boss_relics":[{"not_picked":["Calling Bell","White Beast Statue"],"picked":"Fusion Hammer"},{"not_picked":["Philosopher\u0027s Stone","Velvet Choker"],"picked":"Busted Crown"}],"items_purged_floors":[29],"is_endless":false,"potions_floor_spawned":[3,5,6,8,14,16,22,23,31,40,42,48,54],"ascension_level":0}