{"gold_per_floor":[118,132,132,149,149,177,193,228,254,270,370,387,387,186,186,283,283,298,182,195,25,39,71,71,91,91,102,52,69,151,163,163,264,264,284,297,312,262,362,362,374,133,133,133,133,153,166,181,181,181,181,181,14,45,45],"floor_reached":55,"playtime":4757,"items_purged":["Strike_B","Strike_B","Strike_B","Strike_B","Defend_B"],"score":730,"play_id":"e3c12e76-7b6f-457f-9d0e-965a4bb301d0","local_time":"20190524220004","is_ascension_mode":false,"campfire_choices":[{"floor":13,"key":"REST"},{"data":"Electrodynamics","floor":15,"key":"SMITH"},{"floor":32,"key":"RECALL"},{"data":"Echo Form","floor":40,"key":"SMITH"},{"data":"Apotheosis","floor":45,"key":"SMITH"},{"data":"Rainbow","floor":49,"key":"SMITH"},{"data":"Chill","floor":52,"key":"SMITH"}],"neow_cost":"NONE","seed_source_timestamp":268004218320566,"circlet_count":0,"master_deck":["Defend_B+1","Defend_B+1","Defend_B+1","Zap","Dualcast","Trip","Coolheaded+1","Compile Driver","Electrodynamics+1","Self Repair","Chaos","Ball Lightning","Thunder Strike","Hologram","Rainbow+1","Chill+1","Ball Lightning+1","Force Field","Fusion","Compile Driver","Conserve Battery","Machine Learning","Redo","Echo Form+1","Apotheosis+1","Dodge and Roll+1","Defragment","Stack","Doom and Gloom"],"relics":["Cracked Core","War Paint","PreservedInsect","Bronze Scales","Membership Card","Coffee Dripper","Oddly Smooth Stone","Mummified Hand","Smiling Mask","Singing Bowl","Nuclear Battery","Du-Vu Doll","PrismaticShard","Letter Opener","Vajra","Blue Candle"],"potions_floor_usage":[6,10,12,22,27,33,33,37,48,50,50],"damage_taken":[{"damage":0,"enemies":"Small Slimes","floor":1,"turns":3},{"damage":0,"enemies":"Cultist","floor":2,"turns":3},{"damage":0,"enemies":"Jaw Worm","floor":4,"turns":4},{"damage":30,"enemies":"Lagavulin","floor":6,"turns":6},{"damage":15,"enemies":"Exordium Wildlife","floor":7,"turns":4},{"damage":14,"enemies":"3 Sentries","floor":8,"turns":4},{"damage":0,"enemies":"Looter","floor":10,"turns":2},{"damage":5,"enemies":"2 Fungi Beasts","floor":12,"turns":3},{"damage":0,"enemies":"Slime Boss","floor":16,"turns":5},{"damage":5,"enemies":"Chosen","floor":18,"turns":4},{"damage":18,"enemies":"2 Thieves","floor":20,"turns":2},{"damage":6,"enemies":"Sentry and Sphere","floor":22,"turns":4},{"damage":1,"enemies":"Book of Stabbing","floor":23,"turns":4},{"damage":0,"enemies":"Centurion and Healer","floor":25,"turns":5},{"damage":5,"enemies":"Cultist and Chosen","floor":27,"turns":6},{"damage":3,"enemies":"Shelled Parasite and Fungi","floor":29,"turns":4},{"damage":0,"enemies":"Sentry and Sphere","floor":31,"turns":3},{"damage":39,"enemies":"Automaton","floor":33,"turns":10},{"damage":0,"enemies":"Orb Walker","floor":35,"turns":3},{"damage":0,"enemies":"3 Darklings","floor":36,"turns":3},{"damage":0,"enemies":"Transient","floor":37,"turns":5},{"damage":0,"enemies":"Mind Bloom Boss Battle","floor":39,"turns":3},{"damage":3,"enemies":"Spire Growth","floor":41,"turns":4},{"damage":0,"enemies":"Maw","floor":46,"turns":5},{"damage":19,"enemies":"Jaw Worm Horde","floor":47,"turns":5},{"damage":63,"enemies":"Transient","floor":48,"turns":5},{"damage":33,"enemies":"Donu and Deca","floor":50,"turns":8},{"damage":27,"enemies":"Shield and Spear","floor":54,"turns":4},{"damage":72,"enemies":"The Heart","floor":55,"turns":5}],"seed_played":"-5003371748469746506","potions_obtained":[{"floor":1,"key":"GamblersBrew"},{"floor":4,"key":"AttackPotion"},{"floor":8,"key":"Weak Potion"},{"floor":10,"key":"Poison Potion"},{"floor":20,"key":"Energy Potion"},{"floor":22,"key":"PowerPotion"},{"floor":23,"key":"Regen Potion"},{"floor":31,"key":"SpeedPotion"},{"floor":33,"key":"Strength Potion"},{"floor":36,"key":"Regen Potion"},{"floor":41,"key":"GamblersBrew"},{"floor":47,"key":"SpeedPotion"}],"is_trial":false,"path_per_floor":["M","M","?","M","?","E","M","E","T","M","?","M","R","$","R","B",null,"M","$","M","$","M","E","?","M","T","M","$","M","T","M","R","B",null,"M","M","M","$","?","R","M","$","T","?","R","M","M","M","R","B",null,"R","$","E","B"],"character_chosen":"DEFECT","items_purchased":["Membership Card","Oddly Smooth Stone","Mummified Hand","PrismaticShard","Apotheosis","Defragment","Vajra","Stack","Doom and Gloom"],"campfire_rested":1,"item_purchase_floors":[14,19,21,42,42,53,53,53,53],"current_hp_per_floor":[75,75,80,80,64,34,19,12,12,12,12,14,38,38,38,38,80,80,80,62,62,63,69,69,76,76,80,80,80,80,80,80,48,80,80,82,84,84,84,84,86,86,86,86,86,86,79,40,40,14,90,90,90,72,0],"gold":45,"neow_bonus":"RANDOM_COLORLESS","is_prod":false,"is_daily":false,"chose_seed":false,"campfire_upgraded":5,"win_rate":0,"timestamp":1558731604,"path_taken":["M","M","?","M","?","E","M","E","T","M","?","?","R","$","R","BOSS","M","$","M","$","M","E","?","M","T","M","$","M","?","M","R","BOSS","M","M","M","$","?","R","M","$","T","?","R","M","M","M","R","BOSS","R","$","E","BOSS"],"build_version":"2019-01-23","purchased_purges":5,"victory":false,"max_hp_per_floor":[75,75,80,80,80,80,80,80,80,80,80,80,80,80,80,80,80,80,80,80,80,80,80,80,80,80,80,80,80,80,80,80,80,80,80,82,84,84,84,84,86,86,86,86,86,86,88,90,90,90,90,90,90,92,92],"card_choices":[{"not_picked":["Sweeping Beam","Chill"],"picked":"Coolheaded","floor":1},{"not_picked":["Leap","Scrape"],"picked":"Compile Driver","floor":2},{"not_picked":["Reinforced Body","Rip and Tear"],"picked":"Electrodynamics","floor":4},{"not_picked":["Stack","Consume"],"picked":"Self Repair","floor":6},{"not_picked":["Barrage","Reinforced Body"],"picked":"Chaos","floor":7},{"not_picked":["Steam","FTL"],"picked":"Ball Lightning","floor":8},{"not_picked":["Steam","Leap"],"picked":"Thunder Strike","floor":10},{"not_picked":["Aggregate","Turbo"],"picked":"Hologram","floor":12},{"not_picked":["Core Surge","Fission"],"picked":"Rainbow","floor":16},{"not_picked":["Stack","Skim"],"picked":"Chill","floor":18},{"not_picked":["Lockon","Scrape+1"],"picked":"Ball Lightning+1","floor":20},{"not_picked":["Ball Lightning","Turbo"],"picked":"Force Field","floor":22},{"not_picked":["Beam Cell","Ball Lightning","Reinforced Body"],"picked":"SKIP","floor":23},{"not_picked":["Cold Snap+1","Go for the Eyes+1"],"picked":"Fusion","floor":25},{"not_picked":["Gash","Steam","Turbo"],"picked":"SKIP","floor":27},{"not_picked":["Turbo+1","Electrodynamics"],"picked":"Compile Driver","floor":29},{"not_picked":["Ball Lightning+1","Auto Shields"],"picked":"Conserve Battery","floor":31},{"not_picked":["All For One","Seek"],"picked":"Machine Learning","floor":33},{"not_picked":["Turbo+1","Cold Snap"],"picked":"Redo","floor":35},{"not_picked":["Conserve Battery","Streamline","Rebound"],"picked":"Singing Bowl","floor":36},{"not_picked":["Gash+1","Scrape","Chill"],"picked":"Singing Bowl","floor":37},{"not_picked":["Sweeping Beam+1","Undo+1"],"picked":"Echo Form","floor":39},{"not_picked":["Sunder","Rebound","Conserve Battery+1"],"picked":"Singing Bowl","floor":41},{"not_picked":["Bane+1","Cleave"],"picked":"Dodge and Roll+1","floor":46},{"not_picked":["Clothesline+1","Clash","Quick Slash"],"picked":"Singing Bowl","floor":47},{"not_picked":["Bane","Masterful Stab","Adrenaline"],"picked":"Singing Bowl","floor":48},{"not_picked":["Outmaneuver","Dropkick","Havoc"],"picked":"Singing Bowl","floor":54}],"player_experience":413402,"relics_obtained":[{"floor":6,"key":"War Paint"},{"floor":8,"key":"PreservedInsect"},{"floor":9,"key":"Bronze Scales"},{"floor":23,"key":"Smiling Mask"},{"floor":30,"key":"Singing Bowl"},{"floor":39,"key":"Du-Vu Doll"},{"floor":43,"key":"Letter Opener"},{"floor":54,"key":"Blue Candle"}],"event_choices":[{"damage_healed":0,"gold_gain":0,"player_choice":"Donut","damage_taken":0,"max_hp_gain":5,"max_hp_loss":0,"event_name":"Big Fish","floor":3,"gold_loss":0},{"damage_healed":0,"gold_gain":0,"player_choice":"Entered Light","damage_taken":16,"max_hp_gain":0,"max_hp_loss":0,"event_name":"Shining Light","floor":5,"gold_loss":0,"cards_upgraded":["Defend_B","Coolheaded"]},{"damage_healed":0,"gold_gain":100,"player_choice":"Pray","damage_taken":0,"max_hp_gain":0,"max_hp_loss":0,"event_name":"Golden Shrine","floor":11,"gold_loss":0},{"damage_healed":0,"gold_gain":0,"player_choice":"Ignored","damage_taken":0,"max_hp_gain":0,"max_hp_loss":0,"event_name":"Vampires","floor":24,"gold_loss":0},{"damage_healed":0,"gold_gain":0,"player_choice":"Fight","damage_taken":0,"max_hp_gain":0,"max_hp_loss":0,"event_name":"MindBloom","floor":39,"gold_loss":0},{"damage_healed":0,"gold_gain":0,"player_choice":"Ignored","damage_taken":0,"max_hp_gain":0,"max_hp_loss":0,"event_name":"Tomb of Lord Red Mask","floor":44,"gold_loss":0}],"is_beta":false,"boss_relics":[{"not_picked":["Velvet Choker","Pandora\u0027s Box"],"picked":"Coffee Dripper"},{"not_picked":["Philosopher\u0027s Stone","Tiny House"],"picked":"Nuclear Battery"}],"items_purged_floors":[19,21,28,38,42],"is_endless":false,"potions_floor_spawned":[1,4,8,10,20,22,23,25,31,33,36,41,47],"killed_by":"The Heart","ascension_level":0}