{"gold_per_floor":[109,259,72,86,101,101,135,135,135,135,160,160,160,172,172,249,249,260,29,41,56,56,81,81,81,161,180,194,194,206,235,235,314,314,326,326,338,358,358,358,358],"floor_reached":41,"playtime":2394,"items_purged":["Doubt","Pain"],"score":957,"play_id":"ac2fd4a8-185c-4d06-8918-7d4ea161f83b","local_time":"20190628004922","is_ascension_mode":true,"campfire_choices":[{"data":"Defragment","floor":6.0,"key":"SMITH"},{"floor":8.0,"key":"REST"},{"data":"Zap","floor":10.0,"key":"SMITH"},{"floor":13.0,"key":"REST"},{"data":"Recycle","floor":15.0,"key":"SMITH"},{"floor":24,"key":"REST"},{"floor":29,"key":"REST"},{"floor":32,"key":"REST"},{"floor":40,"key":"REST"}],"neow_cost":"NONE","seed_source_timestamp":690767821312600,"circlet_count":0,"master_deck":["AscendersBane","Strike_B","Strike_B","Strike_B","Defend_B","Defend_B","Defend_B","Defend_B","Zap+1","Dualcast+1","Doom and Gloom","Cold Snap","Gash","Recycle+1","Defragment+1","Ball Lightning","BootSequence","Core Surge","Glacier","Double Energy","RitualDagger","Cold Snap","Rebound+1","Reboot","Blizzard","Ball Lightning"],"special_seed":0,"relics":["Cracked Core","Mercury Hourglass","Orichalcum","Singing Bowl","WarpedTongs","Runic Pyramid","Darkstone Periapt","Matryoshka","The Courier","Velvet Choker"],"potions_floor_usage":[23,23,28,41],"damage_taken":[{"damage":3.0,"enemies":"Small Slimes","floor":1.0,"turns":3.0},{"damage":5.0,"enemies":"Jaw Worm","floor":4.0,"turns":3.0},{"damage":0.0,"enemies":"Cultist","floor":5.0,"turns":3.0},{"damage":53.0,"enemies":"Gremlin Nob","floor":7.0,"turns":5.0},{"damage":22.0,"enemies":"Lagavulin","floor":11.0,"turns":7.0},{"damage":1.0,"enemies":"Gremlin Gang","floor":14.0,"turns":2.0},{"damage":18.0,"enemies":"Hexaghost","floor":16.0,"turns":9.0},{"damage":0.0,"enemies":"Chosen","floor":18.0,"turns":4.0},{"damage":9.0,"enemies":"Shell Parasite","floor":20.0,"turns":4.0},{"damage":0.0,"enemies":"Centurion and Healer","floor":21.0,"turns":6.0},{"damage":40,"enemies":"Book of Stabbing","floor":23,"turns":5},{"damage":11,"enemies":"Snake Plant","floor":27,"turns":3},{"damage":17,"enemies":"Cultist and Chosen","floor":28,"turns":7},{"damage":1,"enemies":"Sentry and Sphere","floor":30,"turns":5},{"damage":0,"enemies":"Gremlin Leader","floor":31,"turns":6},{"damage":25,"enemies":"Champ","floor":33,"turns":16},{"damage":11,"enemies":"Orb Walker","floor":35,"turns":3},{"damage":26,"enemies":"3 Darklings","floor":37,"turns":4},{"damage":23,"enemies":"Writhing Mass","floor":38,"turns":8},{"damage":48,"enemies":"Reptomancer","floor":41,"turns":5}],"seed_played":"6259716024714993328","potions_obtained":[{"floor":0.0,"key":"Explosive Potion"},{"floor":0.0,"key":"FairyPotion"},{"floor":5.0,"key":"Fruit Juice"},{"floor":16.0,"key":"LiquidBronze"},{"floor":27,"key":"SkillPotion"},{"floor":28,"key":"Swift Potion"},{"floor":31,"key":"Swift Potion"},{"floor":33,"key":"Strength Potion"}],"is_trial":false,"path_per_floor":["M","?","$","M","M","R","E","R","T","R","E","?","R","M","R","B",null,"M","$","M","M","?","E","R","?","T","M","M","R","M","E","R","B",null,"M","?","M","M","?","R","E"],"character_chosen":"DEFECT","items_purchased":["Cold Snap","Gash","PowerPotion","Glacier"],"campfire_rested":6,"item_purchase_floors":[3,3,19,19],"current_hp_per_floor":[61,61,61,56,56,56,3,30,30,30,8,8,30,31,31,13,62,64,64,57,57,51,13,38,38,38,29,12,37,38,38,64,39,76,67,67,41,18,18,45,0],"gold":358,"neow_bonus":"THREE_SMALL_POTIONS","is_prod":false,"is_daily":false,"chose_seed":false,"campfire_upgraded":3,"win_rate":0,"timestamp":1561697362,"path_taken":["M","?","$","M","M","R","E","R","T","R","E","?","R","?","R","BOSS","M","$","?","M","?","E","R","?","T","?","M","R","M","E","R","BOSS","M","?","?","M","?","R","E"],"build_version":"2019-01-23","purchased_purges":2,"victory":false,"max_hp_per_floor":[71,71,71,71,71,71,71,76,76,76,76,76,76,78,78,78,78,80,80,82,82,82,84,84,84,84,86,86,86,88,88,88,88,88,90,90,90,90,90,90,90],"card_choices":[{"not_picked":["Self Repair","Go for the Eyes"],"picked":"Doom and Gloom","floor":1.0},{"not_picked":["Doom and Gloom","Rip and Tear"],"picked":"Recycle","floor":4.0},{"not_picked":["Sunder","Redo"],"picked":"Defragment","floor":5.0},{"not_picked":["Hologram","Redo"],"picked":"Ball Lightning","floor":7.0},{"not_picked":["Reboot","Fusion"],"picked":"BootSequence","floor":11.0},{"not_picked":["Capacitor","Auto Shields","Force Field"],"picked":"Singing Bowl","floor":14.0},{"not_picked":["Amplify","Multi-Cast"],"picked":"Core Surge","floor":16.0},{"not_picked":["Leap+1","BootSequence+1","Sweeping Beam"],"picked":"Singing Bowl","floor":18.0},{"not_picked":["Skim","Steam Power","Barrage"],"picked":"Singing Bowl","floor":20.0},{"not_picked":["Steam","BootSequence"],"picked":"Double Energy","floor":21.0},{"not_picked":["Chaos","Doom and Gloom","Gash"],"picked":"Singing Bowl","floor":23},{"not_picked":["Aggregate","Go for the Eyes","Gash"],"picked":"Singing Bowl","floor":27},{"not_picked":["Capacitor","Compile Driver+1"],"picked":"Cold Snap","floor":28},{"not_picked":["Cold Snap","Hyperbeam","Streamline+1"],"picked":"Singing Bowl","floor":30},{"not_picked":["Turbo","Sunder"],"picked":"Rebound+1","floor":31},{"not_picked":["Rainbow","Machine Learning"],"picked":"Reboot","floor":33},{"not_picked":["Beam Cell","Cold Snap","Redo"],"picked":"Singing Bowl","floor":35},{"not_picked":["Barrage","Redo+1"],"picked":"Blizzard","floor":37},{"not_picked":["Skim+1","Conserve Battery"],"picked":"Ball Lightning","floor":38}],"player_experience":507827,"relics_obtained":[{"floor":7.0,"key":"Mercury Hourglass"},{"floor":9.0,"key":"Orichalcum"},{"floor":11.0,"key":"Singing Bowl"},{"floor":23,"key":"Darkstone Periapt"},{"floor":26,"key":"Matryoshka"},{"floor":31,"key":"The Courier"}],"event_choices":[{"damage_healed":0.0,"max_hp_gain":0.0,"max_hp_loss":0.0,"gold_gain":150.0,"event_name":"Liars Game","player_choice":"AGREE","floor":2.0,"gold_loss":0.0,"damage_taken":0.0,"cards_obtained":["Doubt"]},{"damage_healed":0.0,"max_hp_gain":0.0,"max_hp_loss":0.0,"gold_gain":0.0,"event_name":"Accursed Blacksmith","player_choice":"Rummage","floor":12.0,"gold_loss":0.0,"damage_taken":0.0,"relics_obtained":["WarpedTongs"],"cards_obtained":["Pain"]},{"damage_healed":0.0,"max_hp_gain":0.0,"max_hp_loss":0.0,"gold_gain":0.0,"event_name":"Nest","player_choice":"Joined the Cult","floor":22.0,"gold_loss":0.0,"damage_taken":6.0,"cards_obtained":["RitualDagger"]},{"cards_removed":["Strike_B"],"damage_healed":0,"gold_gain":0,"player_choice":"Purged","damage_taken":0,"max_hp_gain":0,"max_hp_loss":0,"event_name":"Purifier","floor":25,"gold_loss":0},{"damage_healed":0,"gold_gain":0,"player_choice":"Upgraded","damage_taken":0,"max_hp_gain":0,"max_hp_loss":0,"event_name":"Upgrade Shrine","floor":36,"gold_loss":0,"cards_upgraded":["Dualcast"]},{"damage_healed":0,"gold_gain":0,"player_choice":"Ignored","damage_taken":0,"max_hp_gain":0,"max_hp_loss":0,"event_name":"Mysterious Sphere","floor":39,"gold_loss":0}],"is_beta":false,"boss_relics":[{"not_picked":["Tiny House","Astrolabe"],"picked":"Runic Pyramid"},{"not_picked":["Sozu","Runic Dome"],"picked":"Velvet Choker"}],"items_purged_floors":[3,19],"is_endless":false,"potions_floor_spawned":[5,16,27,28,31,33,37],"killed_by":"Reptomancer","ascension_level":20}