{"gold_per_floor":[119,10,28,28,38,56,56,82,135,135,135,198,216,228,228,327,327,307,134,134,149,149,178,197,197,197,210,220,235,264,274,274,377,377,397,347,347,217,227,253,253,265,265,276,310,329,360,360,360,360,360,360,32,67,67],"floor_reached":55,"playtime":7198,"items_purged":["Strike_B","Strike_B","Defend_B","Defend_B"],"score":836,"play_id":"b543bab7-68fd-424b-9194-6052339c419b","local_time":"20190518235650","is_ascension_mode":false,"campfire_choices":[{"data":"Zap","floor":7,"key":"SMITH"},{"data":"Self Repair","floor":10,"key":"SMITH"},{"data":"Force Field","floor":15,"key":"SMITH"},{"data":"White Noise","floor":25,"key":"SMITH"},{"data":"Loop","floor":32,"key":"SMITH"},{"floor":41,"key":"RECALL"},{"data":"Loop","floor":49,"key":"SMITH"},{"data":"Echo Form","floor":52,"key":"SMITH"}],"neow_cost":"NONE","seed_source_timestamp":21404142309717,"circlet_count":0,"master_deck":["Strike_B+1","Defend_B","Zap+1","Dualcast+1","Blizzard","Self Repair+1","Compile Driver","Cold Snap+1","Coolheaded","Double Energy","Force Field+1","Conserve Battery","Leap","Reboot","Self Repair","Cold Snap","White Noise+1","Blizzard","Coolheaded+1","Loop+1","Darkness","Echo Form+1","Ball Lightning","Loop+1","Go for the Eyes+1","Streamline+1","BootSequence+1","Defragment+1","Buffer+1","Conserve Battery+1","Defragment+1","Consume+1"],"relics":["Coffee Dripper","Dodecahedron","Tiny Chest","Sozu","Matryoshka","Smiling Mask","Art of War","Anchor","Centennial Puzzle","Nuclear Battery","Shuriken","Frozen Egg 2","Pear","Whetstone","Dream Catcher","DataDisk","Lantern","Emotion Chip"],"potions_floor_usage":[5,16,18],"damage_taken":[{"damage":1,"enemies":"Cultist","floor":1,"turns":3},{"damage":0,"enemies":"2 Louse","floor":3,"turns":3},{"damage":0,"enemies":"Small Slimes","floor":5,"turns":3},{"damage":3,"enemies":"Red Slaver","floor":6,"turns":4},{"damage":11,"enemies":"Lagavulin","floor":8,"turns":7},{"damage":40,"enemies":"3 Sentries","floor":12,"turns":9},{"damage":7,"enemies":"Blue Slaver","floor":13,"turns":4},{"damage":16,"enemies":"Exordium Wildlife","floor":14,"turns":5},{"damage":28,"enemies":"Slime Boss","floor":16,"turns":16},{"damage":16,"enemies":"2 Thieves","floor":18,"turns":4},{"damage":0,"enemies":"Spheric Guardian","floor":21,"turns":6},{"damage":59,"enemies":"Slavers","floor":23,"turns":10},{"damage":2,"enemies":"3 Cultists","floor":24,"turns":7},{"damage":11,"enemies":"Centurion and Healer","floor":27,"turns":7},{"damage":11,"enemies":"Snecko","floor":28,"turns":7},{"damage":0,"enemies":"Cultist and Chosen","floor":29,"turns":8},{"damage":27,"enemies":"Gremlin Leader","floor":30,"turns":8},{"damage":6,"enemies":"3 Cultists","floor":31,"turns":5},{"damage":29,"enemies":"Champ","floor":33,"turns":11},{"damage":0,"enemies":"3 Darklings","floor":35,"turns":5},{"damage":11,"enemies":"Orb Walker","floor":39,"turns":5},{"damage":35,"enemies":"Reptomancer","floor":40,"turns":5},{"damage":29,"enemies":"4 Shapes","floor":42,"turns":10},{"damage":3,"enemies":"Jaw Worm Horde","floor":44,"turns":4},{"damage":0,"enemies":"Giant Head","floor":45,"turns":8},{"damage":0,"enemies":"3 Darklings","floor":46,"turns":6},{"damage":18,"enemies":"Nemesis","floor":47,"turns":5},{"damage":18,"enemies":"Donu and Deca","floor":50,"turns":9},{"damage":11,"enemies":"Shield and Spear","floor":54,"turns":8},{"damage":113,"enemies":"The Heart","floor":55,"turns":12}],"seed_played":"2345435053879256283","potions_obtained":[{"floor":1,"key":"Fire Potion"},{"floor":3,"key":"FairyPotion"},{"floor":13,"key":"SneckoOil"},{"floor":14,"key":"GamblersBrew"},{"floor":16,"key":"Poison Potion"}],"is_trial":false,"path_per_floor":["M","$","M","?","M","M","R","E","T","R","?","E","M","M","R","B",null,"M","$","?","M","T","E","M","R","T","M","M","M","E","M","R","B",null,"M","$","?","$","M","E","R","M","T","M","E","M","E","?","R","B",null,"R","$","E","B"],"character_chosen":"DEFECT","items_purchased":["Self Repair","Self Repair","Loop","Defragment+1","DataDisk","Lantern"],"campfire_rested":0,"item_purchase_floors":[2,19,38,53,53,53],"current_hp_per_floor":[74,74,75,75,75,75,75,71,71,71,71,41,44,38,38,20,75,69,69,55,72,72,30,45,45,45,51,57,74,64,75,75,63,80,80,80,80,80,80,52,52,50,60,74,90,90,89,89,89,88,90,90,90,90,0],"gold":67,"neow_bonus":"BOSS_RELIC","is_prod":false,"is_daily":false,"chose_seed":false,"campfire_upgraded":7,"win_rate":0,"timestamp":1558220210,"path_taken":["M","?","M","?","M","?","R","E","T","R","?","E","?","M","R","BOSS","M","$","?","M","?","E","M","R","T","M","M","M","E","M","R","BOSS","M","$","?","$","M","E","R","M","T","M","E","M","E","?","R","BOSS","R","$","E","BOSS"],"build_version":"2019-01-23","purchased_purges":4,"victory":false,"max_hp_per_floor":[75,75,75,75,75,75,75,75,75,75,75,75,75,75,75,75,75,75,75,80,80,80,80,80,80,80,80,80,80,80,80,80,80,80,80,80,80,80,80,80,80,80,90,90,90,90,90,90,90,90,90,90,90,90,90],"card_choices":[{"not_picked":["Recycle","Tempest"],"picked":"Blizzard","floor":1},{"not_picked":["Barrage","Stack"],"picked":"Compile Driver","floor":3},{"not_picked":["Undo","Sweeping Beam"],"picked":"Cold Snap","floor":5},{"not_picked":["Skim","Redo"],"picked":"Coolheaded","floor":6},{"not_picked":["Multi-Cast","Turbo"],"picked":"Double Energy","floor":8},{"not_picked":["Reprogram","Reinforced Body"],"picked":"Force Field","floor":12},{"not_picked":["Reinforced Body","Double Energy"],"picked":"Conserve Battery","floor":13},{"not_picked":["Beam Cell","Scrape"],"picked":"Leap","floor":14},{"not_picked":["Fission","Core Surge"],"picked":"Reboot","floor":16},{"not_picked":["Leap","Streamline","Beam Cell"],"picked":"SKIP","floor":18},{"not_picked":["Hologram","Recycle"],"picked":"Cold Snap","floor":21},{"not_picked":["Sweeping Beam","Hologram"],"picked":"Compile Driver","floor":23},{"not_picked":["Double Energy","Sweeping Beam"],"picked":"White Noise","floor":24},{"not_picked":["Streamline","Genetic Algorithm+1"],"picked":"Blizzard","floor":27},{"not_picked":["Hologram","Steam"],"picked":"Coolheaded+1","floor":28},{"not_picked":["Steam","Turbo","Beam Cell+1"],"picked":"SKIP","floor":29},{"not_picked":["Reboot","Reinforced Body"],"picked":"Loop","floor":30},{"not_picked":["Gash+1","Conserve Battery+1"],"picked":"Darkness","floor":31},{"not_picked":["Amplify","Reboot"],"picked":"Echo Form","floor":33},{"not_picked":["Turbo+1","Auto Shields+1"],"picked":"Ball Lightning","floor":35},{"not_picked":["Self Repair+1","Leap"],"picked":"Go for the Eyes+1","floor":39},{"not_picked":["Conserve Battery","Buffer"],"picked":"Streamline+1","floor":40},{"not_picked":["Compile Driver","Lockon"],"picked":"BootSequence+1","floor":42},{"not_picked":["Barrage","Steam"],"picked":"Defragment+1","floor":44},{"not_picked":["Redo","Chill+1"],"picked":"Buffer+1","floor":45},{"not_picked":["FTL","Melter","Stack+1"],"picked":"SKIP","floor":46},{"not_picked":["Gash+1","Stack"],"picked":"Conserve Battery+1","floor":47},{"not_picked":["Ball Lightning","Reinforced Body"],"picked":"Consume+1","floor":54}],"player_experience":313823,"relics_obtained":[{"floor":8,"key":"Dodecahedron"},{"floor":12,"key":"Tiny Chest"},{"floor":22,"key":"Matryoshka"},{"floor":23,"key":"Smiling Mask"},{"floor":26,"key":"Art of War"},{"floor":26,"key":"Anchor"},{"floor":30,"key":"Centennial Puzzle"},{"floor":40,"key":"Shuriken"},{"floor":43,"key":"Frozen Egg 2"},{"floor":43,"key":"Pear"},{"floor":45,"key":"Whetstone"},{"floor":47,"key":"Dream Catcher"},{"floor":54,"key":"Emotion Chip"}],"event_choices":[{"damage_healed":0,"gold_gain":0,"player_choice":"Forge","damage_taken":0,"max_hp_gain":0,"max_hp_loss":0,"event_name":"Accursed Blacksmith","floor":4,"gold_loss":0,"cards_upgraded":["Dualcast"]},{"cards_removed":["Strike_B"],"damage_healed":0,"gold_gain":0,"player_choice":"Offered Basic","damage_taken":0,"max_hp_gain":0,"max_hp_loss":0,"event_name":"Bonfire Elementals","floor":11,"gold_loss":0},{"damage_healed":0,"gold_gain":0,"player_choice":"Shed Blood","damage_taken":19,"max_hp_gain":5,"max_hp_loss":0,"event_name":"Forgotten Altar","floor":20,"gold_loss":0},{"cards_removed":["Compile Driver"],"damage_healed":0,"gold_gain":0,"player_choice":"Removed Attack","damage_taken":0,"max_hp_gain":0,"max_hp_loss":0,"event_name":"Falling","floor":37,"gold_loss":0},{"cards_removed":["Defend_B"],"damage_healed":0,"gold_gain":0,"player_choice":"Purged","damage_taken":0,"max_hp_gain":0,"max_hp_loss":0,"event_name":"Purifier","floor":48,"gold_loss":0}],"is_beta":false,"boss_relics":[{"not_picked":["Cursed Key","Pandora\u0027s Box"],"picked":"Sozu"},{"not_picked":["Astrolabe","Philosopher\u0027s Stone"],"picked":"Nuclear Battery"}],"items_purged_floors":[2,19,36,38],"is_endless":false,"potions_floor_spawned":[1,3,13,14,16,23,24,27,30,31,33,44,45,46],"killed_by":"The Heart","ascension_level":0}