{"gold_per_floor":[110,120,120,19,38,73,73,84,139,139,50,79,79,96,96,174,174,184,53,63,63,82,82,94,94,94,9,22,22,56,70,70,143,143,153,163,163,163],"floor_reached":38,"playtime":2481,"items_purged":["Strike_B"],"score":711,"play_id":"c4184875-573b-4d24-bb0d-ffdbfb300e80","local_time":"20190628192813","is_ascension_mode":true,"campfire_choices":[{"data":"Streamline","floor":7,"key":"SMITH"},{"floor":10,"key":"REST"},{"data":"Bandage Up","floor":13,"key":"SMITH"},{"data":"Loop","floor":15,"key":"SMITH"},{"floor":23,"key":"REST"},{"data":"Zap","floor":25,"key":"SMITH"},{"floor":29,"key":"REST"},{"floor":32,"key":"REST"}],"neow_cost":"NONE","seed_source_timestamp":1143095211926598,"circlet_count":0,"master_deck":["AscendersBane","Strike_B","Defend_B","Defend_B+1","Defend_B","Defend_B","Zap+1","Dualcast","Coolheaded+1","Streamline+1","Sweeping Beam","Conserve Battery","Loop+1","Bandage Up+1","Biased Cognition","Melter","Ball Lightning","Leap","Glacier+1","Hologram","Creative AI","Gash","Darkness+1"],"relics":["Cracked Core","Happy Flower","Dead Branch","Orichalcum","Question Card","Empty Cage","Singing Bowl","Regal Pillow","Pen Nib","War Paint","Sozu"],"potions_floor_usage":[12,22,30,33],"damage_taken":[{"damage":0,"enemies":"Cultist","floor":1,"turns":4},{"damage":13,"enemies":"Small Slimes","floor":2,"turns":3},{"damage":0,"enemies":"2 Louse","floor":5,"turns":3},{"damage":14,"enemies":"Lagavulin","floor":6,"turns":7},{"damage":5,"enemies":"Large Slime","floor":8,"turns":5},{"damage":24,"enemies":"Gremlin Nob","floor":12,"turns":5},{"damage":0,"enemies":"2 Fungi Beasts","floor":14,"turns":4},{"damage":19,"enemies":"The Guardian","floor":16,"turns":10},{"damage":9,"enemies":"Shell Parasite","floor":18,"turns":6},{"damage":0,"enemies":"Spheric Guardian","floor":20,"turns":2},{"damage":41,"enemies":"Centurion and Healer","floor":22,"turns":8},{"damage":13,"enemies":"Snecko","floor":24,"turns":6},{"damage":11,"enemies":"Cultist and Chosen","floor":28,"turns":6},{"damage":40,"enemies":"Book of Stabbing","floor":30,"turns":6},{"damage":8,"enemies":"Centurion and Healer","floor":31,"turns":7},{"damage":43,"enemies":"Champ","floor":33,"turns":9},{"damage":0,"enemies":"Orb Walker","floor":35,"turns":5},{"damage":31,"enemies":"3 Darklings","floor":36,"turns":11},{"damage":60,"enemies":"Jaw Worm Horde","floor":38,"turns":3}],"seed_played":"-1282161872687727358","potions_obtained":[{"floor":6,"key":"Swift Potion"},{"floor":8,"key":"FearPotion"},{"floor":12,"key":"Explosive Potion"},{"floor":18,"key":"FocusPotion"},{"floor":22,"key":"Weak Potion"},{"floor":33,"key":"Ancient Potion"}],"is_trial":false,"path_per_floor":["M","M","T","$","M","E","R","M","T","R","$","E","R","M","R","B",null,"M","$","M","?","M","R","M","R","T","?","M","R","E","M","R","B",null,"M","M","$","M"],"character_chosen":"DEFECT","items_purchased":["Conserve Battery","Bandage Up","Melter","Ball Lightning"],"campfire_rested":4,"item_purchase_floors":[4,11,19,19],"current_hp_per_floor":[68,55,55,55,55,41,41,36,36,58,58,38,38,44,44,31,64,61,61,67,67,34,57,50,50,50,50,45,77,39,39,78,41,71,77,52,52,0],"gold":163,"neow_bonus":"THREE_CARDS","is_prod":false,"is_daily":false,"chose_seed":false,"campfire_upgraded":4,"win_rate":0,"timestamp":1561721293,"path_taken":["M","M","?","$","M","E","R","M","T","R","$","E","R","M","R","BOSS","M","$","M","?","M","R","M","R","T","?","M","R","E","M","R","BOSS","M","M","$","M"],"build_version":"2019-01-23","purchased_purges":1,"victory":false,"max_hp_per_floor":[75,75,75,75,75,75,75,75,75,75,75,75,75,75,75,75,75,75,75,75,75,77,77,77,77,77,77,77,77,79,81,81,81,81,81,81,81,81],"card_choices":[{"not_picked":["Rebound","Barrage"],"picked":"Coolheaded","floor":0},{"not_picked":["Cold Snap","Consume"],"picked":"Streamline","floor":1},{"not_picked":["Reprogram","Aggregate"],"picked":"Sweeping Beam","floor":2},{"not_picked":["Streamline","Cold Snap"],"picked":"Loop","floor":5},{"not_picked":["Barrage","Stack","Conserve Battery"],"picked":"SKIP","floor":6},{"not_picked":["Go for the Eyes","Skim","Darkness"],"picked":"SKIP","floor":8},{"not_picked":["Sweeping Beam","Turbo","Heatsinks"],"picked":"SKIP","floor":12},{"not_picked":["Sweeping Beam","Turbo","Heatsinks"],"picked":"SKIP","floor":12},{"not_picked":["Reboot","Rebound","Redo","Scrape"],"picked":"SKIP","floor":14},{"not_picked":["Fission","Seek","Creative AI"],"picked":"Biased Cognition","floor":16},{"not_picked":["Sweeping Beam","Redo","Turbo","Tempest"],"picked":"SKIP","floor":18},{"not_picked":["Loop","Sweeping Beam","Fusion"],"picked":"Leap","floor":20},{"not_picked":["Lockon","Cold Snap","Beam Cell","Melter"],"picked":"Singing Bowl","floor":22},{"not_picked":["Chaos","Undo","Aggregate"],"picked":"Glacier+1","floor":24},{"not_picked":["Fission","Leap+1","Cold Snap"],"picked":"Hologram","floor":28},{"not_picked":["Compile Driver","Leap+1","Heatsinks","Redo"],"picked":"Singing Bowl","floor":30},{"not_picked":["Turbo","Force Field","Cold Snap+1","Redo"],"picked":"Singing Bowl","floor":31},{"not_picked":["Hyperbeam","Multi-Cast","Reboot"],"picked":"Creative AI","floor":33},{"not_picked":["Rip and Tear+1","Sunder+1","Aggregate"],"picked":"Gash","floor":35},{"not_picked":["Stack","Recycle","Chill"],"picked":"Darkness+1","floor":36}],"player_experience":804469,"relics_obtained":[{"floor":3,"key":"Happy Flower"},{"floor":6,"key":"Dead Branch"},{"floor":9,"key":"Orichalcum"},{"floor":12,"key":"Question Card"},{"floor":26,"key":"Regal Pillow"},{"floor":30,"key":"War Paint"}],"event_choices":[{"damage_healed":0,"gold_gain":0,"player_choice":"Opened","damage_taken":0,"relics_obtained":["Singing Bowl"],"max_hp_gain":0,"max_hp_loss":0,"event_name":"The Mausoleum","floor":21,"gold_loss":0},{"damage_healed":0,"gold_gain":0,"player_choice":"Obtained Relic","damage_taken":0,"relics_obtained":["Pen Nib"],"max_hp_gain":0,"max_hp_loss":0,"event_name":"Addict","floor":27,"gold_loss":85}],"is_beta":false,"boss_relics":[{"not_picked":["Lizard Tail","Runic Dome"],"picked":"Empty Cage"},{"not_picked":["Nuclear Battery","Black Star"],"picked":"Sozu"}],"items_purged_floors":[4],"is_endless":false,"potions_floor_spawned":[6,8,12,18,22,33],"killed_by":"Jaw Worm Horde","ascension_level":13}