{"gold_per_floor":[119,119,5,15,34,61,78,104,104,104,119,135,135,149,149,253,303,273,286,286,36,56,56],"floor_reached":23,"playtime":2659,"items_purged":["Strike_B","Strike_B"],"score":205,"play_id":"21957e00-7774-4b66-b280-d23c2d301f94","local_time":"20190516234703","is_ascension_mode":false,"campfire_choices":[{"data":"Dualcast","floor":10,"key":"SMITH"},{"data":"Sunder","floor":13,"key":"SMITH"},{"floor":15,"key":"RECALL"}],"neow_cost":"NONE","seed_source_timestamp":280552656410749,"circlet_count":0,"master_deck":["Strike_B","Strike_B","Defend_B","Defend_B","Defend_B","Defend_B","Zap","Dualcast+1","Strike_B","Self Repair","Cold Snap+1","Compile Driver","Barrage","Hologram","Hello World","Conserve Battery","Sunder+1","Machine Learning","Lockon","Rebound","Coolheaded"],"relics":["White Beast Statue","Question Card","Thread and Needle","Gambling Chip","Tiny House","Bag of Preparation"],"potions_floor_usage":[6,6,7,8,12,12,12,16,16,18,18,19,22,23],"damage_taken":[{"damage":15,"enemies":"Jaw Worm","floor":1,"turns":4},{"damage":1,"enemies":"Cultist","floor":4,"turns":4},{"damage":7,"enemies":"2 Louse","floor":5,"turns":3},{"damage":11,"enemies":"Lagavulin","floor":6,"turns":8},{"damage":1,"enemies":"2 Fungi Beasts","floor":7,"turns":5},{"damage":32,"enemies":"Gremlin Nob","floor":8,"turns":5},{"damage":2,"enemies":"3 Louse","floor":11,"turns":4},{"damage":0,"enemies":"Looter","floor":12,"turns":3},{"damage":0,"enemies":"Red Slaver","floor":14,"turns":5},{"damage":38,"enemies":"Hexaghost","floor":16,"turns":14},{"damage":23,"enemies":"2 Thieves","floor":18,"turns":5},{"damage":6,"enemies":"Shell Parasite","floor":19,"turns":9},{"damage":34,"enemies":"Chosen and Byrds","floor":22,"turns":10},{"damage":46,"enemies":"Gremlin Leader","floor":23,"turns":12}],"seed_played":"2931967188352595583","potions_obtained":[{"floor":1,"key":"Dexterity Potion"},{"floor":4,"key":"SpeedPotion"},{"floor":5,"key":"Strength Potion"},{"floor":6,"key":"Strength Potion"},{"floor":7,"key":"Explosive Potion"},{"floor":8,"key":"Swift Potion"},{"floor":11,"key":"Energy Potion"},{"floor":12,"key":"FocusPotion"},{"floor":14,"key":"GamblersBrew"},{"floor":16,"key":"Block Potion"},{"floor":17,"key":"Weak Potion"},{"floor":18,"key":"AttackPotion"},{"floor":19,"key":"Block Potion"},{"floor":22,"key":"Weak Potion"}],"is_trial":false,"path_per_floor":["M","?","$","M","M","E","M","E","T","R","M","M","R","M","R","B",null,"M","M","?","$","M","E"],"character_chosen":"DEFECT","items_purchased":["Self Repair","Bag of Preparation"],"campfire_rested":0,"item_purchase_floors":[3,21],"current_hp_per_floor":[60,60,60,66,66,62,68,43,43,43,48,55,55,62,62,31,80,64,65,50,50,23,0],"gold":56,"neow_bonus":"BOSS_RELIC","is_prod":false,"is_daily":false,"chose_seed":false,"campfire_upgraded":2,"win_rate":0,"timestamp":1558046823,"path_taken":["M","?","$","M","M","E","M","E","T","R","M","M","R","M","R","BOSS","M","M","?","$","M","E"],"build_version":"2019-01-23","purchased_purges":2,"victory":false,"max_hp_per_floor":[75,75,75,75,75,75,75,75,75,75,75,75,75,75,75,75,80,80,80,85,85,85,85],"card_choices":[{"not_picked":["Turbo","Redo"],"picked":"Conserve Battery","floor":1},{"not_picked":["Scrape","Darkness"],"picked":"Cold Snap","floor":4},{"not_picked":["Storm","Turbo"],"picked":"Compile Driver","floor":5},{"not_picked":["Beam Cell","Steam"],"picked":"Barrage","floor":6},{"not_picked":["Aggregate","Blizzard","Turbo"],"picked":"Hologram","floor":7},{"not_picked":["FTL","Sweeping Beam","Hologram"],"picked":"Hello World","floor":8},{"not_picked":["Auto Shields","Sweeping Beam","Buffer"],"picked":"Conserve Battery","floor":11},{"not_picked":["Leap","Heatsinks","Genetic Algorithm"],"picked":"Sunder","floor":12},{"not_picked":["Cold Snap","FTL","Beam Cell","Streamline"],"picked":"SKIP","floor":14},{"not_picked":["Meteor Strike","Biased Cognition","Multi-Cast"],"picked":"Machine Learning","floor":16},{"not_picked":["Redo","Beam Cell","Rip and Tear"],"picked":"Lockon","floor":17},{"not_picked":["Barrage","Stack+1","Consume+1"],"picked":"Rebound","floor":18},{"not_picked":["Barrage","Fusion","Blizzard"],"picked":"Coolheaded","floor":19},{"not_picked":["Static Discharge","Compile Driver","Steam","Barrage"],"picked":"SKIP","floor":22}],"player_experience":279803,"relics_obtained":[{"floor":6,"key":"Question Card"},{"floor":8,"key":"Thread and Needle"},{"floor":9,"key":"Gambling Chip"}],"event_choices":[{"cards_removed":["Conserve Battery"],"damage_healed":0,"gold_gain":0,"player_choice":"Took Card","damage_taken":0,"max_hp_gain":0,"max_hp_loss":0,"event_name":"NoteForYourself","floor":2,"gold_loss":0,"cards_obtained":["Strike_B"]},{"damage_healed":0,"gold_gain":0,"player_choice":"Shed Blood","damage_taken":20,"max_hp_gain":5,"max_hp_loss":0,"event_name":"Forgotten Altar","floor":20,"gold_loss":0}],"is_beta":false,"boss_relics":[{"not_picked":["Ectoplasm","Runic Dome"],"picked":"Tiny House"}],"items_purged_floors":[3,21],"is_endless":false,"potions_floor_spawned":[1,4,5,6,7,8,11,12,14,16,18,19,22],"killed_by":"Gremlin Leader","ascension_level":0}