{"gold_per_floor":[113,131,142,157,157,188,188,113,136,152,20,34,59,70,70,175,175,195,66,78,92,92,92],"floor_reached":23,"playtime":2353,"items_purged":["Strike_B","Strike_B","Strike_B"],"score":305,"play_id":"3761f5b3-fafd-4d2d-be3b-21d02cfe98e3","local_time":"20190519152317","is_ascension_mode":false,"campfire_choices":[{"data":"Loop","floor":7,"key":"SMITH"},{"data":"Dualcast","floor":15,"key":"SMITH"}],"neow_cost":"NONE","seed_source_timestamp":0,"circlet_count":0,"master_deck":["Defend_B","Defend_B","Defend_B","Defend_B","Zap","Dualcast+1","Conserve Battery","Redo","Loop+1","Ball Lightning","Self Repair","Cold Snap","Chill","Blizzard","Skim","Coolheaded","Creative AI","Fusion","Loop","Coolheaded","Writhe"],"special_seed":0,"relics":["Lizard Tail","Happy Flower","Smiling Mask","Regal Pillow","Sozu","Bag of Marbles"],"potions_floor_usage":[4,6,18],"damage_taken":[{"damage":6,"enemies":"Jaw Worm","floor":1,"turns":3},{"damage":0,"enemies":"Cultist","floor":2,"turns":4},{"damage":0,"enemies":"Small Slimes","floor":3,"turns":3},{"damage":0,"enemies":"3 Louse","floor":4,"turns":4},{"damage":29,"enemies":"3 Sentries","floor":6,"turns":10},{"damage":20,"enemies":"Gremlin Gang","floor":10,"turns":6},{"damage":1,"enemies":"Exordium Wildlife","floor":12,"turns":5},{"damage":2,"enemies":"Lagavulin","floor":13,"turns":8},{"damage":0,"enemies":"Red Slaver","floor":14,"turns":6},{"damage":42,"enemies":"Hexaghost","floor":16,"turns":12},{"damage":7,"enemies":"Chosen","floor":18,"turns":6},{"damage":3,"enemies":"Spheric Guardian","floor":20,"turns":8},{"damage":56,"enemies":"3 Cultists","floor":21,"turns":6},{"damage":71,"enemies":"Slavers","floor":23,"turns":6}],"seed_played":"7264052169418543149","potions_obtained":[{"floor":1,"key":"Block Potion"},{"floor":2,"key":"Fire Potion"},{"floor":6,"key":"FearPotion"},{"floor":13,"key":"GamblersBrew"}],"is_trial":false,"path_per_floor":["M","M","M","M","?","E","R","$","T","M","$","M","E","M","R","B",null,"M","$","M","M","?","E"],"character_chosen":"DEFECT","items_purchased":["Chill","Loop"],"campfire_rested":0,"item_purchase_floors":[11,19],"current_hp_per_floor":[69,69,69,69,69,40,40,40,40,27,27,33,38,45,45,10,75,75,75,75,26,26,0],"gold":92,"neow_bonus":"BOSS_RELIC","is_prod":false,"is_daily":false,"chose_seed":false,"campfire_upgraded":2,"win_rate":0,"timestamp":1558275797,"path_taken":["M","M","M","M","?","E","R","?","T","M","$","?","E","M","R","BOSS","M","$","M","M","?","E"],"build_version":"2019-01-23","purchased_purges":3,"victory":false,"max_hp_per_floor":[75,75,75,75,75,75,75,75,75,75,75,75,75,75,75,75,75,75,75,75,75,75,75],"card_choices":[{"not_picked":["Undo","Beam Cell"],"picked":"Conserve Battery","floor":1},{"not_picked":["Steam","Recycle"],"picked":"Redo","floor":2},{"not_picked":["Go for the Eyes","Hologram"],"picked":"Loop","floor":3},{"not_picked":["Reprogram","Undo"],"picked":"Ball Lightning","floor":4},{"not_picked":["Steam","Rainbow"],"picked":"Self Repair","floor":6},{"not_picked":["Gash","Rebound"],"picked":"Cold Snap","floor":10},{"not_picked":["Go for the Eyes","Chaos"],"picked":"Blizzard","floor":12},{"not_picked":["Static Discharge","Turbo"],"picked":"Skim","floor":13},{"not_picked":["Tempest","Ball Lightning"],"picked":"Coolheaded","floor":14},{"not_picked":["Amplify","Electrodynamics"],"picked":"Creative AI","floor":16},{"not_picked":["Auto Shields","Streamline"],"picked":"Fusion","floor":18},{"not_picked":["Ball Lightning+1","Turbo"],"picked":"Coolheaded","floor":20},{"not_picked":["Conserve Battery","Aggregate","Beam Cell"],"picked":"SKIP","floor":21}],"player_experience":333053,"relics_obtained":[{"floor":6,"key":"Happy Flower"},{"floor":9,"key":"Smiling Mask"},{"floor":13,"key":"Regal Pillow"}],"event_choices":[{"cards_removed":["Strike_B"],"damage_healed":0,"gold_gain":0,"player_choice":"Offered Basic","damage_taken":0,"max_hp_gain":0,"max_hp_loss":0,"event_name":"Bonfire Elementals","floor":5,"gold_loss":0},{"damage_healed":0,"gold_gain":0,"player_choice":"Opened","damage_taken":0,"relics_obtained":["Bag of Marbles"],"max_hp_gain":0,"max_hp_loss":0,"event_name":"The Mausoleum","floor":22,"gold_loss":0,"cards_obtained":["Writhe"]}],"is_beta":false,"boss_relics":[{"not_picked":["Orrery","Pandora\u0027s Box"],"picked":"Sozu"}],"items_purged_floors":[8,11,19],"is_endless":false,"potions_floor_spawned":[1,2,6,13,20],"killed_by":"Slavers","ascension_level":0}