{"gold_per_floor":[109,122,122,134,150,183,183,197,197,208,208,208,219,239,239,343,343,358,26,26,43,63,63,94,94,118,118,149,161,174,185,185,290,290,300,313,213,224,224,257,257,292,367,383,383,258,258,332,332,332,332,332,32,59,59],"floor_reached":55,"playtime":5403,"items_purged":["Strike_B","Strike_B","Strike_B"],"score":771,"play_id":"967fc89e-32bb-45e4-8ec0-f93582831f2a","local_time":"20190530201317","is_ascension_mode":false,"campfire_choices":[{"floor":7,"key":"REST"},{"floor":12,"key":"REST"},{"data":"Creative AI","floor":15,"key":"SMITH"},{"data":"Rainbow","floor":23,"key":"SMITH"},{"data":"Zap","floor":27,"key":"SMITH"},{"data":"Redo","floor":32,"key":"SMITH"},{"data":"Rainbow","floor":41,"key":"SMITH"},{"floor":45,"key":"RECALL"},{"data":"Consume","floor":49,"key":"SMITH"},{"data":"Amplify","floor":52,"key":"SMITH"}],"neow_cost":"NONE","seed_source_timestamp":821234900975,"circlet_count":0,"master_deck":["Strike_B","Defend_B","Defend_B","Defend_B","Defend_B","Zap+1","Dualcast","Amplify+1","Redo+1","Sunder+1","Creative AI+1","Genetic Algorithm","Consume+1","Glacier","Force Field","Cold Snap","Conserve Battery","Rainbow+1","Self Repair","Self Repair+1","BootSequence","Hologram+1","Stack+1","Storm","Rainbow+1","Stack","Storm+1","Panacea","Glacier","BootSequence+1","Double Energy+1","Storm"],"relics":["Cracked Core","Bottled Flame","Bottled Tornado","FaceOfCleric","Coffee Dripper","Gremlin Horn","Unceasing Top","Bottled Lightning","Busted Crown","Dead Branch","Shuriken","Toxic Egg 2","Blue Candle","Bronze Scales","Turnip"],"potions_floor_usage":[14,16,22,24,29,29,31,35,38,42,50,50,55],"damage_taken":[{"damage":5,"enemies":"Small Slimes","floor":1,"turns":3},{"damage":0,"enemies":"Cultist","floor":2,"turns":3},{"damage":5,"enemies":"2 Louse","floor":4,"turns":3},{"damage":0,"enemies":"Looter","floor":5,"turns":4},{"damage":49,"enemies":"3 Sentries","floor":6,"turns":6},{"damage":0,"enemies":"2 Fungi Beasts","floor":8,"turns":1},{"damage":7,"enemies":"Blue Slaver","floor":10,"turns":2},{"damage":5,"enemies":"3 Louse","floor":13,"turns":2},{"damage":5,"enemies":"Exordium Thugs","floor":14,"turns":3},{"damage":19,"enemies":"The Guardian","floor":16,"turns":14},{"damage":8,"enemies":"Chosen","floor":18,"turns":5},{"damage":7,"enemies":"3 Byrds","floor":21,"turns":5},{"damage":31,"enemies":"Snake Plant","floor":22,"turns":6},{"damage":9,"enemies":"Slavers","floor":24,"turns":7},{"damage":15,"enemies":"Book of Stabbing","floor":28,"turns":6},{"damage":0,"enemies":"Cultist and Chosen","floor":29,"turns":4},{"damage":0,"enemies":"Sentry and Sphere","floor":30,"turns":10},{"damage":11,"enemies":"Snecko","floor":31,"turns":6},{"damage":18,"enemies":"Automaton","floor":33,"turns":11},{"damage":1,"enemies":"Orb Walker","floor":35,"turns":4},{"damage":7,"enemies":"3 Darklings","floor":36,"turns":7},{"damage":28,"enemies":"Transient","floor":38,"turns":5},{"damage":61,"enemies":"Nemesis","floor":40,"turns":7},{"damage":0,"enemies":"Giant Head","floor":42,"turns":8},{"damage":0,"enemies":"Sphere and 2 Shapes","floor":44,"turns":3},{"damage":16,"enemies":"Donu and Deca","floor":50,"turns":8},{"damage":41,"enemies":"Shield and Spear","floor":54,"turns":6},{"damage":86,"enemies":"The Heart","floor":55,"turns":11}],"seed_played":"4645130853238731401","potions_obtained":[{"floor":2,"key":"FairyPotion"},{"floor":10,"key":"FocusPotion"},{"floor":13,"key":"Explosive Potion"},{"floor":14,"key":"SpeedPotion"},{"floor":16,"key":"Fire Potion"},{"floor":24,"key":"Fire Potion"},{"floor":28,"key":"Regen Potion"},{"floor":29,"key":"Weak Potion"},{"floor":30,"key":"Energy Potion"},{"floor":33,"key":"EssenceOfSteel"},{"floor":35,"key":"Fire Potion"},{"floor":36,"key":"Strength Potion"},{"floor":40,"key":"SpeedPotion"},{"floor":42,"key":"SpeedPotion"},{"floor":44,"key":"Regen Potion"}],"is_trial":false,"path_per_floor":["M","M","?","M","M","E","R","M","T","M","?","R","M","M","R","B",null,"M","$","?","M","M","R","E","$","T","R","E","M","M","M","R","B",null,"M","M","$","M","?","E","R","E","T","M","R","$","?","T","R","B",null,"R","$","E","B"],"character_chosen":"DEFECT","items_purchased":["Gremlin Horn","Bronze Scales","Double Energy+1","Storm"],"campfire_rested":2,"item_purchase_floors":[19,53,53,53],"current_hp_per_floor":[70,70,70,65,65,16,38,38,38,31,31,53,49,45,45,27,78,71,71,56,50,20,20,19,19,19,19,25,62,90,80,80,80,92,93,94,94,84,84,41,41,66,66,74,74,74,74,74,74,81,99,99,99,79,0],"gold":59,"neow_bonus":"ONE_RANDOM_RARE_CARD","is_prod":false,"is_daily":false,"chose_seed":false,"campfire_upgraded":7,"win_rate":0,"timestamp":1559243597,"path_taken":["M","M","?","?","M","E","R","M","T","M","?","R","?","M","R","BOSS","M","$","?","M","M","R","E","$","T","R","E","M","M","M","R","BOSS","M","M","$","M","?","E","R","E","T","M","R","$","?","?","R","BOSS","R","$","E","BOSS"],"build_version":"2019-01-23","purchased_purges":3,"victory":false,"max_hp_per_floor":[75,75,75,75,75,75,75,75,75,75,75,75,76,77,77,78,78,79,79,84,85,86,86,87,87,87,87,88,89,90,91,91,92,92,93,94,94,95,95,96,96,97,97,98,98,98,98,98,98,99,99,99,99,100,100],"card_choices":[{"not_picked":["Gash","Steam"],"picked":"Redo","floor":1},{"not_picked":["Redo","Cold Snap"],"picked":"Sunder","floor":2},{"not_picked":["Lockon","Hello World"],"picked":"Creative AI","floor":4},{"not_picked":["Ball Lightning","Streamline"],"picked":"Genetic Algorithm","floor":5},{"not_picked":["Hello World","Hologram"],"picked":"Consume","floor":6},{"not_picked":["Steam","Lockon"],"picked":"Glacier","floor":8},{"not_picked":["Defragment","Turbo"],"picked":"Force Field","floor":10},{"not_picked":["Scrape","Rebound"],"picked":"Cold Snap","floor":13},{"not_picked":["Reinforced Body","Force Field"],"picked":"Conserve Battery","floor":14},{"not_picked":["Buffer","Creative AI"],"picked":"Rainbow","floor":16},{"not_picked":["Auto Shields","Hologram","Streamline"],"picked":"SKIP","floor":18},{"not_picked":["Reinforced Body+1","Streamline","Consume+1"],"picked":"SKIP","floor":21},{"not_picked":["Chill","Gash"],"picked":"Self Repair","floor":22},{"not_picked":["Rip and Tear","Lockon"],"picked":"Self Repair+1","floor":24},{"not_picked":["Aggregate+1","White Noise+1"],"picked":"BootSequence","floor":28},{"not_picked":["Beam Cell","Streamline"],"picked":"Hologram+1","floor":29},{"not_picked":["BootSequence","Beam Cell"],"picked":"Stack+1","floor":30},{"not_picked":["Leap","Capacitor"],"picked":"Storm","floor":31},{"not_picked":["Hyperbeam","Buffer"],"picked":"Rainbow","floor":33},{"not_picked":[],"picked":"Stack","floor":35},{"not_picked":["Rebound"],"picked":"SKIP","floor":36},{"not_picked":[],"picked":"Storm+1","floor":38},{"not_picked":[],"picked":"Panacea","floor":39},{"not_picked":[],"picked":"Glacier","floor":40},{"not_picked":["Ball Lightning+1"],"picked":"SKIP","floor":42},{"not_picked":[],"picked":"BootSequence+1","floor":44},{"not_picked":["Consume+1"],"picked":"SKIP","floor":54}],"player_experience":534615,"relics_obtained":[{"floor":6,"key":"Bottled Flame"},{"floor":9,"key":"Bottled Tornado"},{"floor":24,"key":"Unceasing Top"},{"floor":28,"key":"Bottled Lightning"},{"floor":40,"key":"Dead Branch"},{"floor":42,"key":"Shuriken"},{"floor":43,"key":"Toxic Egg 2"},{"floor":48,"key":"Blue Candle"},{"floor":54,"key":"Turnip"}],"event_choices":[{"damage_healed":0,"gold_gain":0,"player_choice":"Upgraded","damage_taken":0,"max_hp_gain":0,"max_hp_loss":0,"event_name":"Upgrade Shrine","floor":3,"gold_loss":0,"cards_upgraded":["Sunder"]},{"damage_healed":0,"gold_gain":0,"player_choice":"Trade","damage_taken":0,"relics_obtained":["FaceOfCleric"],"max_hp_gain":0,"max_hp_loss":0,"event_name":"FaceTrader","floor":11,"gold_loss":0},{"damage_healed":0,"gold_gain":0,"player_choice":"Shed Blood","damage_taken":20,"max_hp_gain":5,"max_hp_loss":0,"event_name":"Forgotten Altar","floor":20,"gold_loss":0},{"damage_healed":0,"gold_gain":0,"player_choice":"Memory 1","damage_taken":0,"max_hp_gain":0,"max_hp_loss":0,"event_name":"SensoryStone","floor":39,"gold_loss":0},{"damage_healed":0,"gold_gain":0,"player_choice":"Ignored","damage_taken":0,"max_hp_gain":0,"max_hp_loss":0,"event_name":"Tomb of Lord Red Mask","floor":47,"gold_loss":0}],"is_beta":false,"boss_relics":[{"not_picked":["Ectoplasm","Snecko Eye"],"picked":"Coffee Dripper"},{"not_picked":["Empty Cage","Runic Pyramid"],"picked":"Busted Crown"}],"items_purged_floors":[19,37,46],"is_endless":false,"potions_floor_spawned":[2,10,13,14,16,24,28,29,30,33,35,36,40,42,44],"killed_by":"The Heart","ascension_level":0}