{"gold_per_floor":[115,129,129,140,12,12,43,43,43,43,54,82,93,121,121,216,216,232,232,244,62,80,106,106,123,123,137,154,51,51,81,81,182,232,250,261,277,35,51,51,86,98],"floor_reached":42,"playtime":4908,"items_purged":["Strike_B","Defend_B","Defend_B","Defend_B"],"score":480,"play_id":"c2ee85e4-2548-4fac-9ccb-7d682486348a","local_time":"20190518163210","is_ascension_mode":false,"campfire_choices":[{"floor":6.0,"key":"RECALL"},{"floor":8.0,"key":"REST"},{"data":"Redo","floor":15.0,"key":"SMITH"},{"data":"Chaos","floor":24.0,"key":"SMITH"},{"floor":30.0,"key":"REST"},{"floor":32.0,"key":"REST"},{"data":"Self Repair","floor":40,"key":"SMITH"}],"neow_cost":"NONE","seed_source_timestamp":0,"circlet_count":0,"master_deck":["Strike_B+1","Strike_B+1","Defend_B","Zap","Dualcast+1","Cold Snap+1","Go for the Eyes","Hello World","Coolheaded","Doom and Gloom+1","Redo+1","Chaos+1","Glacier","Compile Driver","Heatsinks+1","Conserve Battery","Sunder","Cold Snap","Genetic Algorithm","Streamline+1","Conserve Battery","Stack","Beam Cell+1","Glacier","Cold Snap+1","Redo+1","Self Repair+1","Reprogram+1"],"special_seed":0,"relics":["Lizard Tail","Darkstone Periapt","Smiling Mask","Omamori","Odd Mushroom","Busted Crown","Pen Nib","Kunai","Tiny House","Whetstone","MawBank"],"potions_floor_usage":[41,42],"damage_taken":[{"damage":0.0,"enemies":"Jaw Worm","floor":1.0,"turns":5.0},{"damage":0.0,"enemies":"2 Louse","floor":2.0,"turns":3.0},{"damage":0.0,"enemies":"Cultist","floor":4.0,"turns":4.0},{"damage":15.0,"enemies":"3 Sentries","floor":7.0,"turns":9.0},{"damage":0.0,"enemies":"2 Fungi Beasts","floor":11.0,"turns":4.0},{"damage":7.0,"enemies":"Lagavulin","floor":12.0,"turns":5.0},{"damage":12.0,"enemies":"Blue Slaver","floor":13.0,"turns":3.0},{"damage":17.0,"enemies":"The Mushroom Lair","floor":14.0,"turns":4.0},{"damage":6.0,"enemies":"Hexaghost","floor":16.0,"turns":10.0},{"damage":2.0,"enemies":"Spheric Guardian","floor":18.0,"turns":5.0},{"damage":10.0,"enemies":"Chosen","floor":20.0,"turns":5.0},{"damage":7.0,"enemies":"3 Cultists","floor":22.0,"turns":5.0},{"damage":14.0,"enemies":"Slavers","floor":23.0,"turns":6.0},{"damage":0.0,"enemies":"Centurion and Healer","floor":25.0,"turns":8.0},{"damage":5.0,"enemies":"Sentry and Sphere","floor":27.0,"turns":7.0},{"damage":15.0,"enemies":"Shelled Parasite and Fungi","floor":28.0,"turns":7.0},{"damage":35.0,"enemies":"Gremlin Leader","floor":31.0,"turns":8.0},{"damage":17.0,"enemies":"Champ","floor":33.0,"turns":13.0},{"damage":0,"enemies":"3 Shapes","floor":35,"turns":4},{"damage":1,"enemies":"Orb Walker","floor":36,"turns":5},{"damage":14,"enemies":"Maw","floor":37,"turns":10},{"damage":0,"enemies":"Writhing Mass","floor":39,"turns":7},{"damage":106,"enemies":"Giant Head","floor":41,"turns":17},{"damage":24,"enemies":"Spire Growth","floor":42,"turns":3}],"seed_played":"-8485083115858812133","potions_obtained":[{"floor":2.0,"key":"Ancient Potion"},{"floor":11.0,"key":"Poison Potion"},{"floor":13.0,"key":"Poison Potion"},{"floor":22.0,"key":"Block Potion"},{"floor":23.0,"key":"FocusPotion"},{"floor":34,"key":"FocusPotion"},{"floor":35,"key":"SteroidPotion"},{"floor":36,"key":"Strength Potion"}],"is_trial":false,"path_per_floor":["M","M","?","M","$","R","E","R","T","?","M","E","M","?","R","B",null,"M","?","M","$","M","E","R","M","T","M","M","$","R","E","R","B",null,"M","M","M","$","M","R","E","M"],"character_chosen":"DEFECT","items_purchased":["Coolheaded","Conserve Battery","Sunder","Stack","Self Repair","Whetstone"],"campfire_rested":3,"item_purchase_floors":[5,21,21,29,38,38],"current_hp_per_floor":[75,75,60,60,60,60,45,67,67,67,67,60,48,31,31,25,75,73,73,63,63,56,42,42,42,42,37,22,22,44,9,31,14,80,80,79,65,65,72,72,16,0],"gold":98,"neow_bonus":"BOSS_RELIC","is_prod":false,"is_daily":false,"chose_seed":false,"campfire_upgraded":3,"win_rate":0,"timestamp":1558193530,"path_taken":["M","M","?","M","$","R","E","R","T","?","?","E","M","?","R","BOSS","M","?","M","$","M","E","R","M","T","?","M","$","R","E","R","BOSS","M","M","M","$","M","R","E","M"],"build_version":"2019-01-23","purchased_purges":4,"victory":false,"max_hp_per_floor":[75,75,75,75,75,75,75,75,75,75,75,75,75,75,75,75,75,75,75,75,75,75,75,75,75,75,75,75,75,75,75,75,75,80,80,80,80,80,80,80,80,80],"card_choices":[{"not_picked":["Turbo","Lockon"],"picked":"Cold Snap","floor":1.0},{"not_picked":["Force Field","Blizzard"],"picked":"Go for the Eyes","floor":2.0},{"not_picked":["Auto Shields","Meteor Strike"],"picked":"Hello World","floor":4.0},{"not_picked":["Double Energy","Thunder Strike"],"picked":"Doom and Gloom","floor":7.0},{"not_picked":["Stack","Streamline"],"picked":"Redo","floor":11.0},{"not_picked":["Recycle","Reprogram","Beam Cell"],"picked":"SKIP","floor":12.0},{"not_picked":["Tempest","Lockon"],"picked":"Chaos","floor":13.0},{"not_picked":["Hologram","Undo"],"picked":"Glacier","floor":14.0},{"not_picked":[],"picked":"Compile Driver","floor":18.0},{"not_picked":["Auto Shields"],"picked":"SKIP","floor":20.0},{"not_picked":["Static Discharge"],"picked":"SKIP","floor":22.0},{"not_picked":[],"picked":"Cold Snap","floor":23.0},{"not_picked":[],"picked":"Genetic Algorithm","floor":25.0},{"not_picked":[],"picked":"Streamline+1","floor":27.0},{"not_picked":[],"picked":"Conserve Battery","floor":28.0},{"not_picked":[],"picked":"Beam Cell+1","floor":31.0},{"not_picked":[],"picked":"Glacier","floor":35},{"not_picked":[],"picked":"Cold Snap+1","floor":36},{"not_picked":[],"picked":"Redo+1","floor":37},{"not_picked":[],"picked":"Reprogram+1","floor":39},{"not_picked":["Compile Driver"],"picked":"SKIP","floor":41}],"player_experience":297904,"relics_obtained":[{"floor":7.0,"key":"Darkstone Periapt"},{"floor":9.0,"key":"Smiling Mask"},{"floor":12.0,"key":"Omamori"},{"floor":14.0,"key":"Odd Mushroom"},{"floor":23.0,"key":"Pen Nib"},{"floor":31.0,"key":"Kunai"},{"floor":41,"key":"MawBank"}],"event_choices":[{"damage_healed":0.0,"max_hp_gain":0.0,"max_hp_loss":0.0,"gold_gain":0.0,"event_name":"Shining Light","player_choice":"Entered Light","floor":3.0,"gold_loss":0.0,"damage_taken":15.0,"cards_upgraded":["Strike_B","Strike_B"]},{"damage_healed":0.0,"max_hp_gain":0.0,"max_hp_loss":0.0,"gold_gain":0.0,"event_name":"Upgrade Shrine","player_choice":"Upgraded","floor":10.0,"gold_loss":0.0,"damage_taken":0.0,"cards_upgraded":["Dualcast"]},{"damage_healed":0.0,"max_hp_gain":0.0,"max_hp_loss":0.0,"gold_gain":0.0,"event_name":"Mushrooms","player_choice":"Fought Mushrooms","floor":14.0,"gold_loss":0.0,"damage_taken":0.0},{"damage_healed":0.0,"max_hp_gain":0.0,"max_hp_loss":0.0,"gold_gain":0.0,"cards_transformed":["Strike_B"],"event_name":"Transmorgrifier","player_choice":"Transformed","floor":19.0,"gold_loss":0.0,"damage_taken":0.0,"cards_obtained":["Heatsinks"]}],"is_beta":false,"boss_relics":[{"not_picked":["Eternal Feather","White Beast Statue"],"picked":"Busted Crown"},{"not_picked":["Velvet Choker","Runic Dome"],"picked":"Tiny House"}],"items_purged_floors":[5,21,29,38],"is_endless":false,"potions_floor_spawned":[2,11,13,22,23,35,36],"killed_by":"Spire Growth","ascension_level":0}