{"gold_per_floor":[114,114,114,189,209,209,35,35,110,154,154,154],"floor_reached":12,"playtime":463,"items_purged":["Strike_G"],"score":148,"play_id":"1fd1494d-4e7f-4069-99ea-ccfb22de32b6","local_time":"20190628000619","is_ascension_mode":true,"campfire_choices":[{"floor":6,"key":"REST"},{"data":"Neutralize","floor":8,"key":"SMITH"},{"data":"Noxious Fumes","floor":11,"key":"SMITH"}],"neow_cost":"NONE","seed_source_timestamp":690284772115300,"circlet_count":0,"master_deck":["AscendersBane","Defend_G","Defend_G","Defend_G","Defend_G","Defend_G","Strike_G","Strike_G","Strike_G","Strike_G","Survivor","Neutralize+1","Dodge and Roll","Noxious Fumes+1","Infinite Blades","Quick Slash","Deadly Poison"],"relics":["Ring of the Snake","Golden Idol","Strawberry"],"potions_floor_usage":[10],"damage_taken":[{"damage":2,"enemies":"Small Slimes","floor":1,"turns":6},{"damage":5,"enemies":"2 Louse","floor":5,"turns":5},{"damage":15,"enemies":"Lagavulin","floor":10,"turns":10},{"damage":42,"enemies":"Gremlin Nob","floor":12,"turns":4}],"seed_played":"4661187300602399909","potions_obtained":[{"floor":1,"key":"SkillPotion"}],"is_trial":false,"path_per_floor":["M","?","?","?","M","R","$","R","T","E","R","E"],"character_chosen":"THE_SILENT","items_purchased":["Infinite Blades","Quick Slash"],"campfire_rested":1,"item_purchase_floors":[7,7],"current_hp_per_floor":[63,68,42,31,26,49,49,49,49,41,41,0],"gold":154,"neow_bonus":"TEN_PERCENT_HP_BONUS","is_prod":false,"is_daily":false,"chose_seed":false,"campfire_upgraded":2,"win_rate":0,"timestamp":1561694779,"path_taken":["M","?","?","?","M","R","$","R","T","E","R","E"],"build_version":"2019-01-23","purchased_purges":1,"victory":false,"max_hp_per_floor":[72,77,77,77,77,77,77,77,77,84,84,84],"card_choices":[{"not_picked":["Accuracy","Prepared"],"picked":"Dodge and Roll","floor":1},{"not_picked":["Slice","Outmaneuver"],"picked":"Noxious Fumes","floor":5},{"not_picked":["Cloak And Dagger","Night Terror"],"picked":"Deadly Poison","floor":10}],"player_experience":507364,"relics_obtained":[{"floor":10,"key":"Strawberry"}],"event_choices":[{"damage_healed":0,"gold_gain":0,"player_choice":"Donut","damage_taken":0,"max_hp_gain":5,"max_hp_loss":0,"event_name":"Big Fish","floor":2,"gold_loss":0},{"damage_healed":0,"gold_gain":0,"player_choice":"Take Damage","damage_taken":26,"relics_obtained":["Golden Idol"],"max_hp_gain":0,"max_hp_loss":0,"event_name":"Golden Idol","floor":3,"gold_loss":0},{"damage_healed":0,"gold_gain":75,"player_choice":"Gather Gold","damage_taken":11,"max_hp_gain":0,"max_hp_loss":0,"event_name":"World of Goop","floor":4,"gold_loss":0}],"is_beta":false,"boss_relics":[],"items_purged_floors":[7],"is_endless":false,"potions_floor_spawned":[1],"killed_by":"Gremlin Nob","ascension_level":20}