{"gold_per_floor":[168,48,62,10,29,29,29,59,144,144,94,124,136,146,146,251,251,265,265,284,25,37,65,65],"floor_reached":24,"playtime":2351,"items_purged":["Strike_B"],"score":226,"play_id":"df42458e-3881-4411-b55b-feead1a7c4e5","local_time":"20190524122037","is_ascension_mode":false,"campfire_choices":[{"data":"Go for the Eyes","floor":6,"key":"SMITH"},{"data":"Redo","floor":10,"key":"SMITH"},{"data":"Dualcast","floor":15,"key":"SMITH"}],"neow_cost":"NONE","seed_source_timestamp":235643807501516,"circlet_count":0,"master_deck":["Zap","Dualcast+1","Glacier","Compile Driver","Redo+1","Coolheaded","Go for the Eyes+1","Barrage","Static Discharge","White Noise","Conserve Battery","Echo Form","Coolheaded","Defragment","All For One","Rebound","Melter","Fusion","Multi-Cast","White Noise","Ball Lightning+1","Blizzard"],"relics":["Tiny House","Strawberry","Kunai","Tiny Chest","Meat on the Bone","Pandora\u0027s Box","Letter Opener","Art of War"],"potions_floor_usage":[1,12,16,24,24],"damage_taken":[{"damage":2,"enemies":"Small Slimes","floor":1,"turns":4},{"damage":0,"enemies":"2 Louse","floor":3,"turns":4},{"damage":0,"enemies":"Cultist","floor":5,"turns":5},{"damage":11,"enemies":"3 Sentries","floor":8,"turns":14},{"damage":12,"enemies":"Gremlin Nob","floor":12,"turns":5},{"damage":2,"enemies":"Looter","floor":13,"turns":3},{"damage":0,"enemies":"2 Fungi Beasts","floor":14,"turns":5},{"damage":7,"enemies":"Slime Boss","floor":16,"turns":10},{"damage":7,"enemies":"3 Byrds","floor":18,"turns":6},{"damage":27,"enemies":"2 Thieves","floor":20,"turns":5},{"damage":25,"enemies":"Chosen and Byrds","floor":22,"turns":6},{"damage":29,"enemies":"Gremlin Leader","floor":23,"turns":8},{"damage":26,"enemies":"Colosseum Slavers","floor":24,"turns":2}],"seed_played":"4097320170507133178","potions_obtained":[{"floor":0,"key":"Poison Potion"},{"floor":1,"key":"FocusPotion"},{"floor":8,"key":"SkillPotion"},{"floor":16,"key":"EssenceOfSteel"},{"floor":23,"key":"SteroidPotion"}],"is_trial":false,"path_per_floor":["M","$","M","$","M","R","?","E","T","R","?","E","M","M","R","B",null,"M","?","M","$","M","E","?"],"character_chosen":"DEFECT","items_purchased":["Redo","Go for the Eyes","Letter Opener"],"campfire_rested":0,"item_purchase_floors":[2,4,21],"current_hp_per_floor":[78,78,78,78,78,78,73,62,62,62,62,50,48,48,48,53,87,80,80,53,53,40,23,0],"gold":65,"neow_bonus":"BOSS_RELIC","is_prod":false,"is_daily":false,"chose_seed":false,"campfire_upgraded":3,"win_rate":0,"timestamp":1558696837,"path_taken":["M","$","M","$","M","R","?","E","T","R","?","E","M","M","R","BOSS","M","?","M","$","?","E","?"],"build_version":"2019-01-23","purchased_purges":1,"victory":false,"max_hp_per_floor":[80,80,80,80,80,80,87,87,87,87,87,87,87,87,87,87,87,87,87,87,87,87,87,87],"card_choices":[{"not_picked":["Conserve Battery","Steam"],"picked":"Glacier","floor":0},{"not_picked":["Doom and Gloom","Steam"],"picked":"Compile Driver","floor":1},{"not_picked":["Steam","Auto Shields"],"picked":"Coolheaded","floor":3},{"not_picked":["Compile Driver","Sweeping Beam","Stack"],"picked":"SKIP","floor":5},{"not_picked":["Biased Cognition","Double Energy"],"picked":"Barrage","floor":8},{"not_picked":["Steam Power","Recycle"],"picked":"Static Discharge","floor":12},{"not_picked":["Coolheaded","Turbo"],"picked":"White Noise","floor":13},{"not_picked":["Auto Shields","Coolheaded"],"picked":"Conserve Battery","floor":14},{"not_picked":["Machine Learning","Hyperbeam"],"picked":"Echo Form","floor":16},{"not_picked":["Melter","Blizzard"],"picked":"Fusion","floor":18},{"not_picked":["Scrape","Heatsinks"],"picked":"White Noise","floor":20},{"not_picked":["Turbo","Stack+1"],"picked":"Ball Lightning+1","floor":22},{"not_picked":["Melter","Coolheaded"],"picked":"Blizzard","floor":23}],"player_experience":399313,"relics_obtained":[{"floor":8,"key":"Kunai"},{"floor":9,"key":"Tiny Chest"},{"floor":12,"key":"Meat on the Bone"},{"floor":23,"key":"Art of War"}],"event_choices":[{"damage_healed":0,"gold_gain":0,"player_choice":"Success","damage_taken":12,"relics_obtained":["Strawberry"],"max_hp_gain":0,"max_hp_loss":0,"event_name":"Scrap Ooze","floor":7,"gold_loss":0},{"cards_removed":["Strike_B"],"damage_healed":0,"gold_gain":0,"player_choice":"Card Removal","damage_taken":0,"max_hp_gain":0,"max_hp_loss":0,"event_name":"The Cleric","floor":11,"gold_loss":50},{"damage_healed":0,"gold_gain":0,"cards_transformed":["Hyperbeam"],"player_choice":"Transformed","damage_taken":0,"max_hp_gain":0,"max_hp_loss":0,"event_name":"Transmorgrifier","floor":19,"gold_loss":0,"cards_obtained":["Multi-Cast"]},{"damage_healed":0,"gold_gain":0,"player_choice":"Fight","damage_taken":0,"max_hp_gain":0,"max_hp_loss":0,"event_name":"Colosseum","floor":24,"gold_loss":0}],"is_beta":false,"boss_relics":[{"not_picked":["Philosopher\u0027s Stone","White Beast Statue"],"picked":"Pandora\u0027s Box"}],"items_purged_floors":[2],"is_endless":false,"potions_floor_spawned":[1,8,16,23],"killed_by":"Colosseum Slavers","ascension_level":0}