{"gold_per_floor":[218,218,17,17,29,56,56,90,164,174,185,197,197,213,213,311,311,330,317,262,280,294,294,324,324,378,378,378,328,346,217,217,312,312,326,338,438,458,28,28,28,44,69,69,100,116,132,167,167,167,167,167,16,49,49],"floor_reached":55,"playtime":5213,"items_purged":["Strike_B","Strike_B","Strike_B"],"score":809,"play_id":"268ef821-fd54-416a-a802-a4a5e1694030","local_time":"20190528084711","is_ascension_mode":false,"campfire_choices":[{"data":"Zap","floor":7.0,"key":"SMITH"},{"floor":15.0,"key":"RECALL"},{"data":"Fission","floor":23.0,"key":"SMITH"},{"data":"Chaos","floor":25.0,"key":"SMITH"},{"data":"Barrage","floor":27.0,"key":"SMITH"},{"floor":32.0,"key":"REST"},{"data":"White Noise","floor":40.0,"key":"SMITH"},{"data":"Seek","floor":44.0,"key":"SMITH"},{"data":"Darkness","floor":49.0,"key":"SMITH"},{"data":"Defragment","floor":52.0,"key":"SMITH"}],"neow_cost":"NONE","seed_source_timestamp":0,"circlet_count":0,"master_deck":["Zap+1","Dualcast+1","Cold Snap","Ball Lightning","Hologram","Barrage+1","Storm","Genetic Algorithm","Chill","Fission+1","Chaos+1","Cold Snap+1","Consume+1","Conserve Battery","Fusion+1","White Noise+1","Defragment+1","Electrodynamics","Meteor Strike","Compile Driver","Leap","Darkness+1","Compile Driver","Leap+1","Barrage+1","Seek+1","Loop+1","Electrodynamics+1","BootSequence","Double Energy+1","Darkness","Defragment+1"],"special_seed":0,"relics":["Cracked Core","Smiling Mask","Pear","Mummified Hand","Inserter","Tiny Chest","Question Card","Bottled Tornado","Pandora\u0027s Box","Membership Card","Mercury Hourglass","Lantern","Boot","Frozen Egg 2","The Courier","Cables","Anchor"],"potions_floor_usage":[55],"damage_taken":[{"damage":1.0,"enemies":"2 Louse","floor":1.0,"turns":2.0},{"damage":0.0,"enemies":"Small Slimes","floor":5.0,"turns":3.0},{"damage":10.0,"enemies":"3 Sentries","floor":6.0,"turns":7.0},{"damage":22.0,"enemies":"Lagavulin","floor":8.0,"turns":5.0},{"damage":0.0,"enemies":"Cultist","floor":10.0,"turns":2.0},{"damage":1.0,"enemies":"Blue Slaver","floor":11.0,"turns":3.0},{"damage":0.0,"enemies":"Exordium Wildlife","floor":12.0,"turns":3.0},{"damage":7.0,"enemies":"Exordium Thugs","floor":14.0,"turns":5.0},{"damage":12.0,"enemies":"Hexaghost","floor":16.0,"turns":12.0},{"damage":9.0,"enemies":"Spheric Guardian","floor":18.0,"turns":4.0},{"damage":7.0,"enemies":"2 Thieves","floor":19.0,"turns":4.0},{"damage":17.0,"enemies":"Snake Plant","floor":21.0,"turns":5.0},{"damage":9.0,"enemies":"Cultist and Chosen","floor":22.0,"turns":6.0},{"damage":0.0,"enemies":"Book of Stabbing","floor":24.0,"turns":6.0},{"damage":3.0,"enemies":"Centurion and Healer","floor":30.0,"turns":7.0},{"damage":9.0,"enemies":"Champ","floor":33.0,"turns":9.0},{"damage":0.0,"enemies":"3 Shapes","floor":35.0,"turns":3.0},{"damage":18.0,"enemies":"3 Darklings","floor":36.0,"turns":4.0},{"damage":0.0,"enemies":"Transient","floor":38.0,"turns":5.0},{"damage":0.0,"enemies":"Sphere and 2 Shapes","floor":42.0,"turns":3.0},{"damage":0.0,"enemies":"Giant Head","floor":45.0,"turns":6.0},{"damage":0.0,"enemies":"3 Darklings","floor":46.0,"turns":2.0},{"damage":0.0,"enemies":"4 Shapes","floor":47.0,"turns":2.0},{"damage":0.0,"enemies":"Reptomancer","floor":48.0,"turns":3.0},{"damage":68.0,"enemies":"Time Eater","floor":50.0,"turns":9.0},{"damage":37.0,"enemies":"Shield and Spear","floor":54.0,"turns":5.0},{"damage":61,"enemies":"The Heart","floor":55,"turns":3}],"seed_played":"8198620732558094921","potions_obtained":[{"floor":10.0,"key":"Block Potion"},{"floor":11.0,"key":"AttackPotion"},{"floor":16.0,"key":"GamblersBrew"},{"floor":19.0,"key":"Poison Potion"},{"floor":22.0,"key":"EssenceOfSteel"},{"floor":30.0,"key":"PowerPotion"},{"floor":33.0,"key":"Poison Potion"},{"floor":35.0,"key":"Energy Potion"},{"floor":38.0,"key":"Regen Potion"},{"floor":45.0,"key":"Swift Potion"},{"floor":48.0,"key":"EssenceOfSteel"},{"floor":54.0,"key":"Block Potion"}],"is_trial":false,"path_per_floor":["M","?","$","?","M","E","R","E","T","M","M","M","?","M","R","B",null,"M","M","?","M","M","R","E","R","T","R","T","$","M","$","R","B",null,"M","M","?","M","$","R","$","M","T","R","E","M","M","E","R","B",null,"R","$","E","B"],"character_chosen":"DEFECT","items_purchased":["Ball Lightning","Hologram","Explosive Potion","Defragment","Membership Card","Mercury Hourglass","Seek","Lantern","Cables","Defragment+1","Fire Potion"],"campfire_rested":1,"item_purchase_floors":[3,3,3,31,39,39,39,39,53,53,53],"current_hp_per_floor":[74,74,74,74,74,64,64,52,52,52,51,51,44,37,37,25,85,76,69,69,52,43,43,43,43,43,43,43,43,40,40,65,56,85,85,67,67,67,67,67,67,67,67,67,67,67,67,67,67,13,85,85,85,48,0],"gold":49,"neow_bonus":"HUNDRED_GOLD","is_prod":false,"is_daily":false,"chose_seed":false,"campfire_upgraded":8,"win_rate":0,"timestamp":1559029631,"path_taken":["M","?","$","?","M","E","R","E","T","M","M","?","?","M","R","BOSS","M","M","?","M","M","R","E","R","T","R","?","$","M","$","R","BOSS","M","M","?","M","$","R","?","M","T","R","E","?","M","E","R","BOSS","R","$","E","BOSS"],"build_version":"2019-01-23","purchased_purges":3,"victory":false,"max_hp_per_floor":[75,75,75,75,75,75,75,85,85,85,85,85,85,85,85,85,85,85,85,85,85,85,85,85,85,85,85,85,85,85,85,85,85,85,85,85,85,85,85,85,85,85,85,85,85,85,85,85,85,85,85,85,85,85,85],"card_choices":[{"not_picked":["Barrage","Conserve Battery"],"picked":"Cold Snap","floor":1.0},{"not_picked":["Scrape","Steam"],"picked":"Barrage","floor":5.0},{"not_picked":["Cold Snap","Hologram"],"picked":"Storm","floor":6.0},{"not_picked":["Gash","Turbo","Hello World"],"picked":"SKIP","floor":8.0},{"not_picked":["Thunder Strike","Leap"],"picked":"Genetic Algorithm","floor":10.0},{"not_picked":["Ball Lightning","Turbo"],"picked":"Chill","floor":11.0},{"not_picked":["Aggregate","Beam Cell","Melter"],"picked":"SKIP","floor":12.0},{"not_picked":["Recycle","Streamline","Hologram"],"picked":"SKIP","floor":14.0},{"not_picked":["Reboot","Meteor Strike"],"picked":"Fission","floor":16.0},{"not_picked":["Stack+1","Coolheaded"],"picked":"Chaos","floor":18.0},{"not_picked":["Hologram","Leap"],"picked":"Cold Snap+1","floor":19.0},{"not_picked":["Cold Snap","Leap"],"picked":"Consume+1","floor":21.0},{"not_picked":["Compile Driver+1","Reinforced Body"],"picked":"Conserve Battery","floor":22.0},{"not_picked":["Amplify","Redo"],"picked":"Fusion+1","floor":24.0},{"not_picked":["Skim","Gash","Go for the Eyes"],"picked":"White Noise","floor":30.0},{"not_picked":["Creative AI","Multi-Cast","Hyperbeam"],"picked":"Electrodynamics","floor":33.0},{"not_picked":["Cold Snap+1","Stack+1","Streamline"],"picked":"Compile Driver","floor":35.0},{"not_picked":["Sweeping Beam+1","Doom and Gloom+1","Reinforced Body+1"],"picked":"Leap+1","floor":36.0},{"not_picked":["Go for the Eyes","Sweeping Beam+1","Beam Cell+1"],"picked":"Barrage+1","floor":38.0},{"not_picked":["Sweeping Beam+1","Go for the Eyes","Barrage+1"],"picked":"Loop+1","floor":42.0},{"not_picked":["Barrage","Hologram","Recycle"],"picked":"Electrodynamics","floor":45.0},{"not_picked":["Auto Shields+1","Conserve Battery+1","Reprogram+1"],"picked":"BootSequence","floor":46.0},{"not_picked":["White Noise","Undo","Cold Snap"],"picked":"Double Energy+1","floor":47.0},{"not_picked":["Steam","Stack","Gash+1"],"picked":"Darkness","floor":48.0},{"not_picked":["Skim+1","Compile Driver","Barrage+1","Sweeping Beam+1"],"picked":"SKIP","floor":54.0}],"player_experience":489413,"relics_obtained":[{"floor":6.0,"key":"Smiling Mask"},{"floor":8.0,"key":"Pear"},{"floor":9.0,"key":"Mummified Hand"},{"floor":24.0,"key":"Question Card"},{"floor":28.0,"key":"Bottled Tornado"},{"floor":43.0,"key":"Boot"},{"floor":45.0,"key":"Frozen Egg 2"},{"floor":48.0,"key":"The Courier"},{"floor":54.0,"key":"Anchor"}],"event_choices":[{"damage_healed":0.0,"max_hp_gain":0.0,"max_hp_loss":0.0,"gold_gain":0.0,"event_name":"Living Wall","player_choice":"Grow","floor":2.0,"gold_loss":0.0,"damage_taken":0.0,"cards_upgraded":["Dualcast"]},{"damage_healed":0.0,"max_hp_gain":0.0,"max_hp_loss":0.0,"gold_gain":0.0,"event_name":"NoteForYourself","player_choice":"Ignored","floor":4.0,"gold_loss":0.0,"damage_taken":0.0},{"cards_removed":["Strike_B"],"damage_healed":0.0,"max_hp_gain":0.0,"max_hp_loss":0.0,"gold_gain":0.0,"event_name":"Golden Wing","player_choice":"Card Removal","floor":13.0,"gold_loss":0.0,"damage_taken":7.0},{"damage_healed":0.0,"max_hp_gain":0.0,"max_hp_loss":0.0,"gold_gain":0.0,"event_name":"Addict","player_choice":"Obtained Relic","floor":20.0,"gold_loss":85.0,"damage_taken":0.0,"relics_obtained":["Tiny Chest"]},{"damage_healed":0.0,"max_hp_gain":0.0,"max_hp_loss":0.0,"gold_gain":100.0,"event_name":"Golden Shrine","player_choice":"Pray","floor":37.0,"gold_loss":0.0,"damage_taken":0.0}],"is_beta":false,"boss_relics":[{"not_picked":["Busted Crown","Cursed Key"],"picked":"Inserter"},{"not_picked":["Runic Dome","Orrery"],"picked":"Pandora\u0027s Box"}],"items_purged_floors":[3,29,31],"is_endless":false,"potions_floor_spawned":[10,11,16,19,22,30,33,35,38,45,48,54],"killed_by":"The Heart","ascension_level":0}