{"gold_per_floor":[113,113,113,132,132,132,148,148,172,217,194,206,238,264,276,393,405,428,7,26,42,60,60,71,97,121,134,154,154,186,186,186,288,288,302,53,105,105,122,155,170,170,196,214,35,52,72,89,89,89,89,89,37,72,72],"floor_reached":55,"playtime":5504,"items_purged":["Strike_B","Doubt"],"score":718,"play_id":"787bbacd-9024-4111-9f4d-b69b4b4b7e9b","local_time":"20190609220011","is_ascension_mode":false,"campfire_choices":[{"floor":6.0,"key":"REST"},{"data":"Zap","floor":8.0,"key":"SMITH"},{"data":"Fusion","floor":15.0,"key":"SMITH"},{"data":"Seek","floor":23.0,"key":"SMITH"},{"data":"Dualcast","floor":29.0,"key":"SMITH"},{"floor":32.0,"key":"RECALL"},{"data":"Barrage","floor":42,"key":"SMITH"},{"data":"Conserve Battery","floor":49,"key":"SMITH"},{"data":"Self Repair","floor":52,"key":"SMITH"}],"neow_cost":"NONE","seed_source_timestamp":0,"circlet_count":0,"master_deck":["Strike_B+1","Defend_B+1","Defend_B+1","Defend_B+1","Defend_B+1","Zap+1","Dualcast+1","Echo Form+1","Ball Lightning","Barrage+1","Blizzard","Coolheaded","Fusion+1","Machine Learning","Seek+1","Doom and Gloom+1","Conserve Battery+1","Self Repair+1","Auto Shields+1","Chill","Stack+1","Amplify","Coolheaded+1","Hello World+1","Consume+1","White Noise+1","Gash+1","Clumsy","Stack+1","Blizzard","Redo+1","Stack","Loop+1"],"special_seed":0,"relics":["Cracked Core","Bag of Marbles","MawBank","Lantern","Busted Crown","Bottled Lightning","Gremlin Horn","Oddly Smooth Stone","PreservedInsect","Cursed Key","Frozen Egg 2","Nunchaku","Shuriken","Vajra","War Paint"],"potions_floor_usage":[33,37,46,50,50,55,55],"damage_taken":[{"damage":0.0,"enemies":"Small Slimes","floor":1.0,"turns":3.0},{"damage":0.0,"enemies":"2 Louse","floor":4.0,"turns":3.0},{"damage":0.0,"enemies":"Cultist","floor":7.0,"turns":3.0},{"damage":11.0,"enemies":"Gremlin Nob","floor":10.0,"turns":3.0},{"damage":0.0,"enemies":"3 Louse","floor":13.0,"turns":3.0},{"damage":0.0,"enemies":"Large Slime","floor":14.0,"turns":4.0},{"damage":11.0,"enemies":"Slime Boss","floor":16.0,"turns":7.0},{"damage":8.0,"enemies":"Chosen","floor":18.0,"turns":5.0},{"damage":4.0,"enemies":"Shell Parasite","floor":20.0,"turns":5.0},{"damage":9.0,"enemies":"Chosen and Byrds","floor":21.0,"turns":6.0},{"damage":31.0,"enemies":"Sentry and Sphere","floor":22.0,"turns":6.0},{"damage":21.0,"enemies":"Centurion and Healer","floor":24.0,"turns":5.0},{"damage":44.0,"enemies":"Slavers","floor":25.0,"turns":7.0},{"damage":4.0,"enemies":"Shelled Parasite and Fungi","floor":27.0,"turns":6.0},{"damage":2.0,"enemies":"Chosen and Byrds","floor":28.0,"turns":5.0},{"damage":10.0,"enemies":"Gremlin Leader","floor":30.0,"turns":4.0},{"damage":33,"enemies":"Collector","floor":33,"turns":11},{"damage":3,"enemies":"Orb Walker","floor":35,"turns":5},{"damage":62,"enemies":"2 Orb Walkers","floor":37,"turns":7},{"damage":8,"enemies":"3 Shapes","floor":39,"turns":3},{"damage":0,"enemies":"Reptomancer","floor":40,"turns":5},{"damage":0,"enemies":"Sphere and 2 Shapes","floor":41,"turns":4},{"damage":18,"enemies":"4 Shapes","floor":44,"turns":8},{"damage":0,"enemies":"Jaw Worm Horde","floor":46,"turns":3},{"damage":0,"enemies":"Maw","floor":47,"turns":6},{"damage":4,"enemies":"Spire Growth","floor":48,"turns":5},{"damage":22,"enemies":"Donu and Deca","floor":50,"turns":8},{"damage":19,"enemies":"Shield and Spear","floor":54,"turns":6},{"damage":68,"enemies":"The Heart","floor":55,"turns":8}],"seed_played":"7415429514631466021","potions_obtained":[{"floor":7.0,"key":"AttackPotion"},{"floor":10.0,"key":"Fire Potion"},{"floor":13.0,"key":"SkillPotion"},{"floor":14.0,"key":"Dexterity Potion"},{"floor":18.0,"key":"SkillPotion"},{"floor":20.0,"key":"GamblersBrew"},{"floor":21.0,"key":"Energy Potion"},{"floor":25.0,"key":"Strength Potion"},{"floor":28.0,"key":"LiquidBronze"},{"floor":35,"key":"Swift Potion"},{"floor":39,"key":"GamblersBrew"},{"floor":40,"key":"PowerPotion"},{"floor":46,"key":"Explosive Potion"},{"floor":48,"key":"Ancient Potion"},{"floor":54,"key":"PowerPotion"}],"is_trial":false,"path_per_floor":["M","?","?","M","?","R","M","R","T","E","?","?","M","M","R","B",null,"M","$","M","M","M","R","M","E","T","M","M","R","E","?","R","B",null,"M","$","?","T","M","E","M","R","T","M","$","M","M","M","R","B",null,"R","$","E","B"],"character_chosen":"DEFECT","items_purchased":["Bottled Lightning","Conserve Battery","Self Repair","Frozen Egg 2","Blizzard","Stack"],"campfire_rested":1,"item_purchase_floors":[19,19,19,36,45,53],"current_hp_per_floor":[75,60,35,35,28,50,50,50,50,39,57,75,75,75,75,64,75,67,67,70,75,58,58,51,21,21,31,43,43,47,47,47,21,75,75,75,20,20,19,33,47,47,47,43,43,43,50,60,60,45,75,75,75,66,0],"gold":72,"neow_bonus":"TRANSFORM_CARD","is_prod":false,"is_daily":false,"chose_seed":false,"campfire_upgraded":7,"win_rate":0,"timestamp":1560114011,"path_taken":["M","?","?","M","?","R","M","R","T","E","?","?","M","?","R","BOSS","M","$","M","M","M","R","M","E","T","M","M","R","E","?","R","BOSS","M","$","?","?","M","E","?","R","T","M","$","M","M","M","R","BOSS","R","$","E","BOSS"],"build_version":"2019-01-23","purchased_purges":2,"victory":false,"max_hp_per_floor":[75,75,75,75,75,75,75,75,75,75,75,75,75,75,75,75,75,75,75,75,75,75,75,75,75,75,75,75,75,75,75,75,75,75,75,75,75,75,75,75,75,75,75,75,75,75,75,75,75,75,75,75,75,75,75],"card_choices":[{"not_picked":["Beam Cell","Darkness"],"picked":"Ball Lightning","floor":1.0},{"not_picked":["Rip and Tear","Hologram"],"picked":"Barrage","floor":4.0},{"not_picked":["Steam Power","Redo"],"picked":"Blizzard","floor":7.0},{"not_picked":["Reprogram","Heatsinks"],"picked":"Coolheaded","floor":10.0},{"not_picked":["Stack","Leap"],"picked":"Fusion","floor":13.0},{"not_picked":["Streamline","Beam Cell"],"picked":"Machine Learning","floor":14.0},{"not_picked":["Biased Cognition","Multi-Cast"],"picked":"Seek","floor":16.0},{"not_picked":[],"picked":"Doom and Gloom+1","floor":18.0},{"not_picked":["Blizzard"],"picked":"SKIP","floor":20.0},{"not_picked":["Hologram"],"picked":"SKIP","floor":21.0},{"not_picked":["Conserve Battery"],"picked":"SKIP","floor":22.0},{"not_picked":[],"picked":"Auto Shields","floor":24.0},{"not_picked":["Steam+1"],"picked":"SKIP","floor":25.0},{"not_picked":[],"picked":"Chill","floor":27.0},{"not_picked":["Steam"],"picked":"SKIP","floor":28.0},{"not_picked":[],"picked":"Stack","floor":30.0},{"not_picked":[],"picked":"Amplify","floor":33},{"not_picked":[],"picked":"Coolheaded+1","floor":35},{"not_picked":[],"picked":"Hello World+1","floor":37},{"not_picked":[],"picked":"Consume+1","floor":39},{"not_picked":[],"picked":"White Noise+1","floor":40},{"not_picked":[],"picked":"Gash+1","floor":41},{"not_picked":[],"picked":"Stack+1","floor":44},{"not_picked":["Recycle"],"picked":"SKIP","floor":46},{"not_picked":[],"picked":"Redo+1","floor":47},{"not_picked":["Steam+1"],"picked":"SKIP","floor":48},{"not_picked":[],"picked":"Loop+1","floor":54}],"player_experience":681297,"relics_obtained":[{"floor":9.0,"key":"MawBank"},{"floor":10.0,"key":"Lantern"},{"floor":25.0,"key":"Gremlin Horn"},{"floor":26.0,"key":"Oddly Smooth Stone"},{"floor":30.0,"key":"PreservedInsect"},{"floor":37,"key":"Nunchaku"},{"floor":40,"key":"Shuriken"},{"floor":43,"key":"Vajra"},{"floor":54,"key":"War Paint"}],"event_choices":[{"damage_healed":0.0,"max_hp_gain":0.0,"max_hp_loss":0.0,"gold_gain":0.0,"event_name":"Shining Light","player_choice":"Entered Light","floor":2.0,"gold_loss":0.0,"damage_taken":15.0,"cards_upgraded":["Defend_B","Echo Form"]},{"damage_healed":0.0,"max_hp_gain":0.0,"max_hp_loss":0.0,"gold_gain":0.0,"event_name":"Scrap Ooze","player_choice":"Success","floor":3.0,"gold_loss":0.0,"damage_taken":25.0,"relics_obtained":["Bag of Marbles"]},{"cards_removed":["Strike_B"],"damage_healed":0.0,"max_hp_gain":0.0,"max_hp_loss":0.0,"gold_gain":0.0,"event_name":"Golden Wing","player_choice":"Card Removal","floor":5.0,"gold_loss":0.0,"damage_taken":7.0},{"damage_healed":18.0,"max_hp_gain":0.0,"max_hp_loss":0.0,"gold_gain":0.0,"event_name":"The Cleric","player_choice":"Healed","floor":11.0,"gold_loss":35.0,"damage_taken":0.0},{"damage_healed":18.0,"max_hp_gain":0.0,"max_hp_loss":0.0,"gold_gain":0.0,"event_name":"Wheel of Change","player_choice":"Full Heal","floor":12.0,"gold_loss":0.0,"damage_taken":0.0},{"damage_healed":0.0,"max_hp_gain":0.0,"max_hp_loss":0.0,"gold_gain":0.0,"event_name":"Back to Basics","player_choice":"Simplicity","floor":31.0,"gold_loss":0.0,"damage_taken":0.0,"cards_upgraded":["Strike_B","Defend_B","Defend_B","Defend_B"]},{"damage_healed":0,"gold_gain":0,"player_choice":"Fight","damage_taken":0,"max_hp_gain":0,"max_hp_loss":0,"event_name":"Mysterious Sphere","floor":37,"gold_loss":0}],"is_beta":false,"boss_relics":[{"not_picked":["Coffee Dripper","Fusion Hammer"],"picked":"Busted Crown"},{"not_picked":["Velvet Choker","Pandora\u0027s Box"],"picked":"Cursed Key"}],"items_purged_floors":[19,45],"is_endless":false,"potions_floor_spawned":[7,10,13,14,18,20,21,25,28,35,39,40,46,48,54],"killed_by":"The Heart","ascension_level":0}