{"gold_per_floor":[119,119,219,232,244,244,256,282,306,306,57,85,160,178,178,277,277,296,306,306,306,323,323,125,156,156,188,200,219,233,245,245,245],"floor_reached":33,"playtime":3338,"items_purged":[],"score":299,"play_id":"bcb291b4-93b6-4561-be61-e27460a8d771","local_time":"20190530214049","is_ascension_mode":false,"campfire_choices":[{"data":"Sunder","floor":6.0,"key":"SMITH"},{"data":"Fusion","floor":10.0,"key":"SMITH"},{"floor":15.0,"key":"RECALL"},{"data":"Zap","floor":23.0,"key":"SMITH"},{"floor":32,"key":"REST"}],"neow_cost":"NONE","seed_source_timestamp":0,"circlet_count":0,"master_deck":["Defend_B","Defend_B","Defend_B","Defend_B","Zap+1","Dualcast","Finesse","BootSequence","Sunder+1","Fusion+1","Coolheaded","Coolheaded","Capacitor","Compile Driver","Ball Lightning","Machine Learning","Self Repair+1","Leap+1","Steam Power+1","Conserve Battery","Leap","Seeing Red","Dark Shackles+1","Setup+1","Chrysalis"],"special_seed":0,"relics":["Cracked Core","Ancient Tea Set","Happy Flower","PreservedInsect","Oddly Smooth Stone","Astrolabe","PrismaticShard","Incense Burner","Unceasing Top","Shovel"],"potions_floor_usage":[],"damage_taken":[{"damage":2.0,"enemies":"Small Slimes","floor":1.0,"turns":3.0},{"damage":0.0,"enemies":"2 Louse","floor":4.0,"turns":3.0},{"damage":0.0,"enemies":"Cultist","floor":5.0,"turns":3.0},{"damage":0.0,"enemies":"Exordium Wildlife","floor":7.0,"turns":2.0},{"damage":23.0,"enemies":"3 Sentries","floor":8.0,"turns":7.0},{"damage":6.0,"enemies":"Lagavulin","floor":12.0,"turns":5.0},{"damage":0.0,"enemies":"Large Slime","floor":14.0,"turns":5.0},{"damage":16.0,"enemies":"Slime Boss","floor":16.0,"turns":9.0},{"damage":9.0,"enemies":"Spheric Guardian","floor":18.0,"turns":4.0},{"damage":18.0,"enemies":"2 Thieves","floor":19.0,"turns":3.0},{"damage":11.0,"enemies":"Snake Plant","floor":22.0,"turns":4.0},{"damage":12.0,"enemies":"Slavers","floor":25.0,"turns":6.0},{"damage":48.0,"enemies":"Gremlin Leader","floor":27.0,"turns":9.0},{"damage":10.0,"enemies":"Snecko","floor":28.0,"turns":7.0},{"damage":12,"enemies":"Centurion and Healer","floor":29,"turns":10},{"damage":0,"enemies":"Snake Plant","floor":30,"turns":4},{"damage":10,"enemies":"Chosen and Byrds","floor":31,"turns":11},{"damage":40,"enemies":"Automaton","floor":33,"turns":14}],"seed_played":"-1269562855032092067","potions_obtained":[{"floor":4.0,"key":"Regen Potion"},{"floor":5.0,"key":"FocusPotion"},{"floor":12.0,"key":"LiquidBronze"},{"floor":16.0,"key":"Explosive Potion"},{"floor":18.0,"key":"LiquidBronze"},{"floor":25.0,"key":"Explosive Potion"}],"is_trial":false,"path_per_floor":["M","?","?","M","M","R","M","E","T","R","$","E","?","M","R","B",null,"M","M","?","?","M","R","$","E","T","E","M","M","M","M","R","B"],"character_chosen":"DEFECT","items_purchased":["PreservedInsect","Coolheaded","Capacitor","PrismaticShard"],"campfire_rested":1,"item_purchase_floors":[11,11,11,24],"current_hp_per_floor":[73,66,66,66,66,66,66,58,58,58,58,52,41,41,41,25,75,75,67,67,60,59,59,59,57,57,19,19,17,17,17,39,0],"gold":245,"neow_bonus":"RANDOM_COLORLESS","is_prod":false,"is_daily":false,"chose_seed":false,"campfire_upgraded":3,"win_rate":0,"timestamp":1559248849,"path_taken":["M","?","?","M","M","R","?","E","T","R","$","E","?","M","R","BOSS","M","M","?","?","?","R","$","E","T","E","M","M","M","M","R","BOSS"],"build_version":"2019-01-23","purchased_purges":0,"victory":false,"max_hp_per_floor":[75,75,75,75,75,75,75,75,75,75,75,75,75,75,75,75,75,75,75,75,75,75,75,75,75,75,75,75,75,75,75,75,75],"card_choices":[{"not_picked":["Hello World","Sweeping Beam"],"picked":"BootSequence","floor":1.0},{"not_picked":["Turbo","Reprogram","Streamline"],"picked":"SKIP","floor":4.0},{"not_picked":["Tempest","Barrage"],"picked":"Sunder","floor":5.0},{"not_picked":["Redo","Streamline"],"picked":"Fusion","floor":7.0},{"not_picked":["Skim","Compile Driver"],"picked":"Coolheaded","floor":8.0},{"not_picked":["FTL","Steam"],"picked":"Compile Driver","floor":12.0},{"not_picked":["Aggregate","Barrage"],"picked":"Ball Lightning","floor":14.0},{"not_picked":["Reboot","Multi-Cast"],"picked":"Machine Learning","floor":16.0},{"not_picked":["Sweeping Beam","Double Energy+1","FTL+1"],"picked":"SKIP","floor":18.0},{"not_picked":["Recycle","Sweeping Beam"],"picked":"Conserve Battery","floor":19.0},{"not_picked":["Redo","Turbo","Steam"],"picked":"SKIP","floor":22.0},{"not_picked":["Anger+1","Poisoned Stab+1"],"picked":"Leap","floor":25.0},{"not_picked":["Thunderclap","Slice+1"],"picked":"Seeing Red","floor":27.0},{"not_picked":["Wild Strike","Deflect"],"picked":"Dark Shackles+1","floor":28.0},{"not_picked":["Mind Blast","Reckless Charge"],"picked":"Setup+1","floor":29},{"not_picked":["Barrage","Clash+1"],"picked":"Chrysalis","floor":30},{"not_picked":["Bane","Streamline","Masterful Stab"],"picked":"SKIP","floor":31}],"player_experience":540018,"relics_obtained":[{"floor":8.0,"key":"Ancient Tea Set"},{"floor":9.0,"key":"Happy Flower"},{"floor":12.0,"key":"Oddly Smooth Stone"},{"floor":25.0,"key":"Incense Burner"},{"floor":26.0,"key":"Unceasing Top"},{"floor":27.0,"key":"Shovel"}],"event_choices":[{"cards_removed":["Strike_B"],"damage_healed":0.0,"max_hp_gain":0.0,"max_hp_loss":0.0,"gold_gain":0.0,"event_name":"Golden Wing","player_choice":"Card Removal","floor":2.0,"gold_loss":0.0,"damage_taken":7.0},{"damage_healed":0.0,"max_hp_gain":0.0,"max_hp_loss":0.0,"gold_gain":100.0,"event_name":"Golden Shrine","player_choice":"Pray","floor":3.0,"gold_loss":0.0,"damage_taken":0.0},{"damage_healed":0.0,"max_hp_gain":0.0,"max_hp_loss":0.0,"gold_gain":75.0,"event_name":"World of Goop","player_choice":"Gather Gold","floor":13.0,"gold_loss":0.0,"damage_taken":11.0},{"damage_healed":0.0,"max_hp_gain":0.0,"max_hp_loss":0.0,"gold_gain":0.0,"event_name":"Ghosts","player_choice":"Ignored","floor":20.0,"gold_loss":0.0,"damage_taken":0.0},{"damage_healed":0.0,"max_hp_gain":0.0,"max_hp_loss":0.0,"gold_gain":0.0,"event_name":"Wheel of Change","player_choice":"Damaged","floor":21.0,"gold_loss":0.0,"damage_taken":7.0}],"is_beta":false,"boss_relics":[{"not_picked":["Velvet Choker","Sozu"],"picked":"Astrolabe"}],"items_purged_floors":[],"is_endless":false,"potions_floor_spawned":[4,5,12,16,18,19,25],"killed_by":"Automaton","ascension_level":0}