{"gold_per_floor":[113,188,198,218,235,235,267,278,278,278,305,8,24,42,42,144,144,159,129,144,144,10,43,54,82,82,82,99,99,114,130,130,225,225,238,251,251,59,18,52,52,62,115,131,141,7,25,39,39,39,39,39,3,33,33],"floor_reached":55,"playtime":5635,"items_purged":["Strike_B","Defend_B"],"score":782,"play_id":"c88b7d2e-3da6-4d1e-af05-aedaf4adfb00","local_time":"20190523225329","is_ascension_mode":false,"campfire_choices":[{"data":"Dualcast","floor":6,"key":"SMITH"},{"data":"Redo","floor":10,"key":"SMITH"},{"data":"Zap","floor":15,"key":"SMITH"},{"floor":27,"key":"REST"},{"data":"Consume","floor":29,"key":"SMITH"},{"data":"Defragment","floor":32,"key":"SMITH"},{"data":"Coolheaded","floor":41,"key":"SMITH"},{"floor":49,"key":"RECALL"},{"data":"Seek","floor":52,"key":"SMITH"}],"neow_cost":"NONE","seed_source_timestamp":183928247856548,"circlet_count":0,"master_deck":["Defend_B","Zap+1","Dualcast+1","Self Repair","Conserve Battery","Ball Lightning","Leap","Chill","Redo+1","Compile Driver","Blizzard","Genetic Algorithm","BootSequence","Cold Snap","Coolheaded+1","Defragment+1","Chaos+1","Redo","Consume+1","Capacitor","Seek+1","Conserve Battery","Electrodynamics","Chaos+1","Darkness+1","Lockon+1","Sunder","Barrage+1","Defragment+1","Storm","Compile Driver","Fusion","Meteor Strike","Darkness+1","Barrage+1","Blizzard","Glacier+1","Capacitor","Glacier"],"relics":["Nuclear Battery","Blue Candle","Anchor","Membership Card","PreservedInsect","Empty Cage","Omamori","Bird Faced Urn","Question Card","Dodecahedron","Astrolabe","Runic Capacitor","Nunchaku","Blood Vial","Strange Spoon","Du-Vu Doll"],"potions_floor_usage":[3,5,13,14,16,23,23,25,28,28,33,44,47,50,55,55],"damage_taken":[{"damage":3,"enemies":"Small Slimes","floor":1,"turns":4},{"damage":6,"enemies":"Cultist","floor":3,"turns":3},{"damage":2,"enemies":"2 Louse","floor":4,"turns":5},{"damage":5,"enemies":"Exordium Thugs","floor":5,"turns":5},{"damage":13,"enemies":"Lagavulin","floor":7,"turns":8},{"damage":0,"enemies":"Looter","floor":8,"turns":4},{"damage":47,"enemies":"Gremlin Nob","floor":11,"turns":5},{"damage":0,"enemies":"Exordium Wildlife","floor":13,"turns":3},{"damage":0,"enemies":"2 Fungi Beasts","floor":14,"turns":4},{"damage":22,"enemies":"The Guardian","floor":16,"turns":12},{"damage":16,"enemies":"Chosen","floor":18,"turns":8},{"damage":21,"enemies":"2 Thieves","floor":19,"turns":5},{"damage":24,"enemies":"Snake Plant","floor":20,"turns":7},{"damage":0,"enemies":"Slavers","floor":23,"turns":7},{"damage":12,"enemies":"Snecko","floor":24,"turns":8},{"damage":22,"enemies":"Book of Stabbing","floor":25,"turns":7},{"damage":16,"enemies":"Chosen and Byrds","floor":28,"turns":7},{"damage":2,"enemies":"3 Cultists","floor":30,"turns":7},{"damage":9,"enemies":"Sentry and Sphere","floor":31,"turns":6},{"damage":36,"enemies":"Collector","floor":33,"turns":14},{"damage":0,"enemies":"Orb Walker","floor":35,"turns":2},{"damage":0,"enemies":"3 Shapes","floor":36,"turns":3},{"damage":0,"enemies":"Giant Head","floor":40,"turns":6},{"damage":0,"enemies":"Transient","floor":42,"turns":5},{"damage":13,"enemies":"Writhing Mass","floor":44,"turns":4},{"damage":50,"enemies":"Sphere and 2 Shapes","floor":45,"turns":5},{"damage":0,"enemies":"Jaw Worm Horde","floor":47,"turns":3},{"damage":23,"enemies":"Maw","floor":48,"turns":6},{"damage":14,"enemies":"Donu and Deca","floor":50,"turns":6},{"damage":68,"enemies":"Shield and Spear","floor":54,"turns":5},{"damage":47,"enemies":"The Heart","floor":55,"turns":2}],"seed_played":"-6828261063724314994","potions_obtained":[{"floor":1,"key":"Poison Potion"},{"floor":3,"key":"SkillPotion"},{"floor":4,"key":"GamblersBrew"},{"floor":11,"key":"Strength Potion"},{"floor":19,"key":"Ancient Potion"},{"floor":20,"key":"SpeedPotion"},{"floor":21,"key":"Fire Potion"},{"floor":21,"key":"SpeedPotion"},{"floor":24,"key":"Explosive Potion"},{"floor":25,"key":"Fire Potion"},{"floor":28,"key":"SpeedPotion"},{"floor":31,"key":"Explosive Potion"},{"floor":35,"key":"LiquidBronze"},{"floor":36,"key":"Strength Potion"},{"floor":40,"key":"Fire Potion"},{"floor":42,"key":"Swift Potion"},{"floor":48,"key":"Explosive Potion"}],"is_trial":false,"path_per_floor":["M","?","M","M","M","R","E","M","T","R","E","$","M","M","R","B",null,"M","M","M","?","$","E","M","E","T","R","M","R","M","M","R","B",null,"M","M","?","$","$","E","R","M","T","M","M","$","M","M","R","B",null,"R","$","E","B"],"character_chosen":"DEFECT","items_purchased":["Membership Card","PreservedInsect","AttackPotion","Defragment","Omamori","Storm","Runic Capacitor","Compile Driver","Fusion","Strange Spoon","Regen Potion","Capacitor"],"campfire_rested":1,"item_purchase_floors":[12,12,12,22,22,38,38,38,39,46,46,53],"current_hp_per_floor":[72,61,62,67,69,69,63,70,70,70,30,30,37,44,44,29,75,66,45,28,28,28,35,34,23,23,45,40,40,51,55,55,32,75,75,75,75,75,75,75,75,75,75,75,38,38,64,62,62,69,75,75,75,13,0],"gold":33,"neow_bonus":"BOSS_RELIC","is_prod":false,"is_daily":false,"chose_seed":false,"campfire_upgraded":7,"win_rate":0,"timestamp":1558648409,"path_taken":["M","?","M","M","M","R","E","M","T","R","E","$","M","M","R","BOSS","M","M","M","?","$","E","M","E","T","R","?","R","M","M","R","BOSS","M","M","?","?","$","E","R","M","T","M","?","$","M","M","R","BOSS","R","$","E","BOSS"],"build_version":"2019-01-23","purchased_purges":2,"victory":false,"max_hp_per_floor":[75,75,75,75,75,75,75,75,75,75,75,75,75,75,75,75,75,75,75,75,75,75,75,75,75,75,75,75,75,75,75,75,75,75,75,75,75,75,75,75,75,75,75,75,75,75,75,75,75,75,75,75,75,75,75],"card_choices":[{"not_picked":["Capacitor","Hello World"],"picked":"Self Repair","floor":1},{"not_picked":["Compile Driver","Cold Snap"],"picked":"Conserve Battery","floor":3},{"not_picked":["Gash","Hologram"],"picked":"Ball Lightning","floor":4},{"not_picked":["Recycle","Hello World"],"picked":"Leap","floor":5},{"not_picked":["Ball Lightning","Self Repair"],"picked":"Chill","floor":7},{"not_picked":["Go for the Eyes","Rebound"],"picked":"Redo","floor":8},{"not_picked":["Scrape","Hologram"],"picked":"Compile Driver","floor":11},{"not_picked":["Storm","Tempest"],"picked":"Blizzard","floor":13},{"not_picked":["Stack","Meteor Strike"],"picked":"Genetic Algorithm","floor":14},{"not_picked":["Hello World","Cold Snap"],"picked":"BootSequence","floor":18},{"not_picked":["Beam Cell","Lockon"],"picked":"Cold Snap","floor":19},{"not_picked":["Biased Cognition","Barrage+1"],"picked":"Coolheaded","floor":20},{"not_picked":["Tempest","Consume"],"picked":"Chaos+1","floor":23},{"not_picked":["Compile Driver","Steam+1"],"picked":"Redo","floor":24},{"not_picked":["Tempest","Sweeping Beam"],"picked":"Consume","floor":25},{"not_picked":["Undo","Rebound+1","Conserve Battery+1"],"picked":"Capacitor","floor":28},{"not_picked":["Hologram","Stack","Leap"],"picked":"Seek","floor":30},{"not_picked":["Hologram+1","Ball Lightning","Hello World"],"picked":"Conserve Battery","floor":31},{"not_picked":["Biased Cognition","Machine Learning","Amplify"],"picked":"Electrodynamics","floor":33},{"not_picked":["Redo","Stack","Beam Cell+1"],"picked":"Sunder","floor":35},{"not_picked":["Conserve Battery+1","Stack+1","Recycle"],"picked":"Barrage+1","floor":36},{"not_picked":["Conserve Battery","Sweeping Beam","Gash"],"picked":"Meteor Strike","floor":40},{"not_picked":["Self Repair","Leap+1","Rebound+1"],"picked":"Darkness+1","floor":42},{"not_picked":["Go for the Eyes+1","Consume+1","Stack"],"picked":"Barrage+1","floor":44},{"not_picked":["Leap","Sweeping Beam","Streamline+1","Heatsinks"],"picked":"SKIP","floor":45},{"not_picked":["Redo","Stack+1","Reinforced Body"],"picked":"Blizzard","floor":47},{"not_picked":["Steam","Redo+1","Leap+1"],"picked":"Glacier+1","floor":48},{"not_picked":["Stack","Compile Driver+1","Storm+1"],"picked":"Glacier","floor":54}],"player_experience":393678,"relics_obtained":[{"floor":7,"key":"Blue Candle"},{"floor":11,"key":"Anchor"},{"floor":23,"key":"Bird Faced Urn"},{"floor":25,"key":"Question Card"},{"floor":26,"key":"Dodecahedron"},{"floor":40,"key":"Nunchaku"},{"floor":43,"key":"Blood Vial"},{"floor":54,"key":"Du-Vu Doll"}],"event_choices":[{"damage_healed":0,"gold_gain":75,"player_choice":"Gather Gold","damage_taken":11,"max_hp_gain":0,"max_hp_loss":0,"event_name":"World of Goop","floor":2,"gold_loss":0},{"damage_healed":0,"gold_gain":0,"player_choice":"Got Potions","damage_taken":0,"max_hp_gain":0,"max_hp_loss":0,"event_name":"Lab","floor":21,"gold_loss":0},{"damage_healed":0,"gold_gain":0,"player_choice":"Copied","damage_taken":0,"max_hp_gain":0,"max_hp_loss":0,"event_name":"Duplicator","floor":37,"gold_loss":0,"cards_obtained":["Defragment"]}],"is_beta":false,"boss_relics":[{"not_picked":["Velvet Choker","Sozu"],"picked":"Empty Cage"},{"not_picked":["Pandora\u0027s Box","Runic Pyramid"],"picked":"Astrolabe"}],"items_purged_floors":[22,38],"is_endless":false,"potions_floor_spawned":[1,3,4,11,19,20,24,25,28,31,35,36,40,42,48],"killed_by":"The Heart","ascension_level":0}