{"gold_per_floor":[109,1,176,191,191,191,262,280,304,54,95,107,138,168,180,192],"floor_reached":16,"playtime":718,"items_purged":["Defend_R"],"score":135,"play_id":"76a421dc-faa8-4ea8-81eb-e33036df460c","local_time":"20190529022147","is_ascension_mode":false,"campfire_choices":[{"data":"Inflame","floor":6,"key":"SMITH"},{"data":"Burning Pact","floor":15,"key":"SMITH"}],"neow_cost":"NONE","seed_source_timestamp":954139888222463,"circlet_count":0,"master_deck":["Strike_R","Strike_R","Strike_R","Strike_R","Strike_R","Defend_R","Defend_R","Defend_R","Bash","Inflame+1","Ghostly Armor","Doubt","Sword Boomerang","Flame Barrier","Thunderclap","Burning Pact+1","Clash+1","Thunderclap+1"],"relics":["Burning Blood","NeowsBlessing","Golden Idol","Tiny Chest","Omamori","Molten Egg 2","MawBank","WarpedTongs"],"potions_floor_usage":[],"damage_taken":[{"damage":0,"enemies":"Small Slimes","floor":1,"turns":1},{"damage":0,"enemies":"2 Louse","floor":4,"turns":1},{"damage":0,"enemies":"Gremlin Nob","floor":7,"turns":1},{"damage":9,"enemies":"Cultist","floor":8,"turns":4},{"damage":34,"enemies":"3 Sentries","floor":11,"turns":7},{"damage":4,"enemies":"Red Slaver","floor":13,"turns":4},{"damage":0,"enemies":"2 Fungi Beasts","floor":14,"turns":4},{"damage":35,"enemies":"Slime Boss","floor":16,"turns":5}],"seed_played":"4232484519427191724","potions_obtained":[{"floor":1,"key":"Weak Potion"},{"floor":8,"key":"LiquidBronze"},{"floor":11,"key":"LiquidBronze"}],"is_trial":false,"path_per_floor":["M","$","?","M","?","R","E","M","T","$","E","?","M","M","R","B"],"character_chosen":"IRONCLAD","items_purchased":["Ghostly Armor","Molten Egg 2"],"campfire_rested":0,"item_purchase_floors":[2,10],"current_hp_per_floor":[80,80,80,80,60,60,66,63,63,63,35,35,37,43,43,8],"gold":192,"neow_bonus":"THREE_ENEMY_KILL","is_prod":false,"is_daily":false,"chose_seed":false,"campfire_upgraded":2,"win_rate":0.0,"timestamp":1559121707,"path_taken":["M","$","?","M","?","R","E","M","T","$","E","?","M","M","R","BOSS"],"build_version":"2019-01-23","purchased_purges":1,"victory":false,"max_hp_per_floor":[80,80,80,80,80,80,80,80,80,80,80,80,80,80,80,80],"card_choices":[{"not_picked":["True Grit","Sever Soul"],"picked":"Inflame","floor":1},{"not_picked":["Clash","Iron Wave"],"picked":"Sword Boomerang","floor":4},{"not_picked":["True Grit","Rage"],"picked":"Flame Barrier","floor":7},{"not_picked":["Intimidate","Metallicize"],"picked":"Thunderclap","floor":8},{"not_picked":["Offering","Perfected Strike+1"],"picked":"Burning Pact","floor":11},{"not_picked":["Uppercut+1","True Grit"],"picked":"Clash+1","floor":13},{"not_picked":["Entrench","Sword Boomerang+1"],"picked":"Thunderclap+1","floor":14}],"player_experience":16989,"relics_obtained":[{"floor":7,"key":"Tiny Chest"},{"floor":9,"key":"Omamori"},{"floor":11,"key":"MawBank"}],"event_choices":[{"damage_healed":0,"gold_gain":175,"player_choice":"AGREE","damage_taken":0,"max_hp_gain":0,"max_hp_loss":0,"event_name":"Liars Game","floor":3,"gold_loss":0,"cards_obtained":["Doubt"]},{"damage_healed":0,"gold_gain":0,"player_choice":"Take Damage","damage_taken":20,"relics_obtained":["Golden Idol"],"max_hp_gain":0,"max_hp_loss":0,"event_name":"Golden Idol","floor":5,"gold_loss":0},{"damage_healed":0,"gold_gain":0,"player_choice":"Rummage","damage_taken":0,"relics_obtained":["WarpedTongs"],"max_hp_gain":0,"max_hp_loss":0,"event_name":"Accursed Blacksmith","floor":12,"gold_loss":0,"cards_obtained":["Pain"]}],"is_beta":false,"boss_relics":[],"items_purged_floors":[2],"is_endless":false,"potions_floor_spawned":[1,8,11],"killed_by":"Slime Boss","ascension_level":0}