{"gold_per_floor":[117,136,147,166,166,240,260,293,293,293],"floor_reached":10,"playtime":614,"items_purged":[],"score":88,"play_id":"2b2a5ad6-7b90-4e51-bac8-7fcd7b12da09","local_time":"20190712180037","is_ascension_mode":true,"campfire_choices":[],"neow_cost":"NONE","seed_source_timestamp":132105654956124,"circlet_count":0,"master_deck":["Strike_B","Strike_B","Strike_B","Strike_B","Defend_B","Defend_B","Defend_B","Defend_B","Zap","Dualcast","Cold Snap","Ball Lightning","Beam Cell","Barrage","Capacitor","Coolheaded","Electrodynamics"],"special_seed":0,"relics":["Cracked Core","Golden Idol","Tiny Chest","Bag of Preparation"],"potions_floor_usage":[],"damage_taken":[{"damage":6.0,"enemies":"Cultist","floor":1.0,"turns":3.0},{"damage":2.0,"enemies":"Small Slimes","floor":2.0,"turns":3.0},{"damage":3.0,"enemies":"2 Louse","floor":3.0,"turns":2.0},{"damage":0.0,"enemies":"Red Slaver","floor":4.0,"turns":1.0},{"damage":14.0,"enemies":"Gremlin Nob","floor":6.0,"turns":3.0},{"damage":6.0,"enemies":"3 Louse","floor":7.0,"turns":3.0},{"damage":25.0,"enemies":"Lagavulin","floor":8.0,"turns":5.0},{"damage":7,"enemies":"Gremlin Nob","floor":10,"turns":2}],"seed_played":"1721126450176609228","potions_obtained":[{"floor":1.0,"key":"FearPotion"},{"floor":2.0,"key":"AttackPotion"},{"floor":7.0,"key":"Fire Potion"},{"floor":8.0,"key":"GamblersBrew"}],"is_trial":false,"path_per_floor":["M","M","M","M","?","E","M","E","T","E"],"character_chosen":"DEFECT","items_purchased":[],"campfire_rested":0,"item_purchase_floors":[],"current_hp_per_floor":[76,74,71,71,51,37,31,6,6,0],"gold":293,"neow_bonus":"TEN_PERCENT_HP_BONUS","is_prod":false,"is_daily":false,"chose_seed":false,"campfire_upgraded":0,"win_rate":0,"timestamp":1562979637,"path_taken":["M","M","M","?","?","E","M","E","T","E"],"build_version":"2019-07-05","purchased_purges":0,"victory":false,"max_hp_per_floor":[82,82,82,82,82,82,82,82,82,82],"card_choices":[{"not_picked":["Undo","Sweeping Beam"],"picked":"Cold Snap","floor":1.0},{"not_picked":["Storm","Darkness"],"picked":"Ball Lightning","floor":2.0},{"not_picked":["Steam","Hello World"],"picked":"Beam Cell","floor":3.0},{"not_picked":["Beam Cell","Reinforced Body"],"picked":"Barrage","floor":4.0},{"not_picked":["Heatsinks","Hologram"],"picked":"Capacitor","floor":6.0},{"not_picked":["Sunder","Turbo"],"picked":"Coolheaded","floor":7.0},{"not_picked":["Tempest","Steam"],"picked":"Electrodynamics","floor":8.0}],"player_experience":166706,"relics_obtained":[{"floor":6.0,"key":"Tiny Chest"},{"floor":8.0,"key":"Bag of Preparation"}],"event_choices":[{"damage_healed":0.0,"max_hp_gain":0.0,"max_hp_loss":0.0,"gold_gain":0.0,"event_name":"Golden Idol","player_choice":"Take Damage","floor":5.0,"gold_loss":0.0,"damage_taken":20.0,"relics_obtained":["Golden Idol"]}],"is_beta":false,"boss_relics":[],"items_purged_floors":[],"is_endless":false,"potions_floor_spawned":[1,2,7,8],"killed_by":"Gremlin Nob","ascension_level":2}