{"path_per_floor":["M","M","?","M","$","E","?","R","T","?","M","R","E","M","R","B",null,"M","$","M","$","M","R","E","M","T","R","M","?","R","M","R","B",null,"M","M","$","?","M","R","M","M","T","E","$","R","M","M","R","B"],"character_chosen":"IRONCLAD","items_purchased":["Body Slam","Self Forming Clay","Barricade"],"gold_per_floor":[110,121,121,144,43,78,108,108,135,135,149,149,193,211,211,336,336,350,10,28,28,46,46,89,105,105,105,129,129,129,150,150,269,269,293,307,22,22,42,42,56,80,105,138,138,138,153,171,171,171],"floor_reached":51,"campfire_rested":5,"playtime":3905,"current_hp_per_floor":[75,78,58,64,64,32,32,32,32,16,22,46,35,34,58,21,80,77,77,80,80,77,77,63,64,64,64,66,66,66,65,80,28,80,73,35,35,35,32,56,58,56,56,48,48,48,49,48,80,61],"items_purged":["Defend_R","Strike_R","Strike_R"],"gold":171,"score":755,"play_id":"90570bbe-7801-4507-a193-c656cad63b48","local_time":"20180403231437","is_prod":false,"is_daily":false,"is_ascension_mode":true,"campfire_upgraded":5,"timestamp":1522790077,"path_taken":["M","?","?","M","$","E","?","R","T","?","M","R","E","M","R","BOSS","M","$","M","?","M","R","E","?","T","R","M","?","R","M","R","BOSS","M","M","$","?","M","R","M","M","T","E","$","R","?","M","R","BOSS"],"build_version":"2018-03-29v2","purchased_purges":4,"victory":true,"master_deck":["Strike_R","Strike_R","Strike_R","Defend_R","Defend_R+1","Defend_R","Bash+1","Shrug It Off","Shrug It Off","Body Slam+1","Headbutt","Cleave+1","Metallicize+1","Thunderclap+1","Pain","Whirlwind+1","Body Slam+1","Rage+1","Impervious+1","Barricade","Parasite"],"max_hp_per_floor":[80,80,80,80,80,80,80,80,80,80,80,80,80,80,80,80,80,80,80,80,80,80,80,80,80,80,80,80,80,80,80,80,80,80,80,80,80,80,80,80,80,80,80,80,80,80,80,80,80,80],"relics":["Burning Blood","Golden Idol","Bag of Preparation","Centennial Puzzle","Art of War","Du-Vu Doll","Cursed Key","Self Forming Clay","Happy Flower","Thread and Needle","Mark of Pain","Regal Pillow","Blood Vial"],"card_choices":[{"not_picked":["Heavy Blade","Reckless Charge"],"picked":"Shrug It Off","floor":0.0},{"not_picked":["Corruption","Bloodletting"],"picked":"Rage","floor":1.0},{"not_picked":["Uppercut","Hemokinesis"],"picked":"Shrug It Off","floor":2.0},{"not_picked":["Combust","Perfected Strike"],"picked":"Headbutt","floor":6.0},{"not_picked":["Bludgeon","Iron Wave"],"picked":"Cleave","floor":13.0},{"not_picked":["Sword Boomerang","Dual Wield"],"picked":"Metallicize","floor":18.0},{"not_picked":["Bludgeon","Uppercut"],"picked":"Thunderclap","floor":24.0},{"not_picked":["Searing Blow","Heavy Blade"],"picked":"Whirlwind","floor":28.0},{"not_picked":["Havoc","Heavy Blade"],"picked":"Rage","floor":31.0},{"not_picked":["Limit Break","Exhume"],"picked":"Impervious","floor":33.0}],"player_experience":153692,"potions_floor_usage":[44,50,50,50],"damage_taken":[{"damage":11.0,"enemies":"Cultist","floor":1.0,"turns":4.0},{"damage":3.0,"enemies":"2 Louse","floor":2.0,"turns":2.0},{"damage":0.0,"enemies":"Jaw Worm","floor":4.0,"turns":2.0},{"damage":38.0,"enemies":"3 Sentries","floor":6.0,"turns":12.0},{"damage":0.0,"enemies":"Looter","floor":11.0,"turns":3.0},{"damage":17.0,"enemies":"Gremlin Nob","floor":13.0,"turns":4.0},{"damage":7.0,"enemies":"3 Louse","floor":14.0,"turns":2.0},{"damage":43.0,"enemies":"The Guardian","floor":16.0,"turns":12.0},{"damage":9.0,"enemies":"Chosen","floor":18.0,"turns":5.0},{"damage":1.0,"enemies":"Shell Parasite","floor":20.0,"turns":6.0},{"damage":9.0,"enemies":"Snake Plant","floor":22.0,"turns":6.0},{"damage":20.0,"enemies":"Gremlin Leader","floor":24.0,"turns":7.0},{"damage":5.0,"enemies":"Centurion and Healer","floor":25.0,"turns":3.0},{"damage":4.0,"enemies":"3 Cultists","floor":28.0,"turns":4.0},{"damage":7.0,"enemies":"Snake Plant","floor":31.0,"turns":4.0},{"damage":58.0,"enemies":"Collector","floor":33.0,"turns":8.0},{"damage":13.0,"enemies":"3 Shapes","floor":35.0,"turns":3.0},{"damage":44,"enemies":"4 Shapes","floor":36,"turns":7},{"damage":9,"enemies":"Maw","floor":39,"turns":6},{"damage":4,"enemies":"Sphere and 2 Shapes","floor":41,"turns":1},{"damage":8,"enemies":"4 Shapes","floor":42,"turns":2},{"damage":14,"enemies":"2 Orb Walkers","floor":44,"turns":5},{"damage":7,"enemies":"3 Darklings","floor":47,"turns":4},{"damage":9,"enemies":"Maw","floor":48,"turns":5},{"damage":25,"enemies":"Donu and Deca","floor":50,"turns":10}],"event_choices":[{"event_name":"Golden Idol","player_choice":"Take Damage","floor":3.0,"damage_taken":0.0},{"event_name":"Dead Adventurer","player_choice":"Searched \u00272\u0027 times","floor":7.0,"damage_taken":0.0},{"event_name":"Shining Light","player_choice":"Entered Light","floor":10.0,"damage_taken":0.0},{"event_name":"Duplicator","player_choice":"One dupe","floor":29.0,"damage_taken":0.0}],"boss_relics":[],"potions_floor_spawned":[1,2,11,14,18,24,28,39,44,48],"seed_played":"-7105003415484398315","ascension_level":2,"is_trial":false}