{"gold_per_floor":[115,131,58,76,87,120,66,98,98,98],"floor_reached":10,"playtime":509,"items_purged":[],"score":86,"play_id":"13ec90ca-e51a-4165-aa93-0cc07a202833","local_time":"20190717211217","is_ascension_mode":true,"campfire_choices":[],"neow_cost":"NONE","seed_source_timestamp":103877066590757,"circlet_count":0,"master_deck":["Strike_G","Strike_G","Strike_G","Strike_G","Defend_G","Defend_G","Defend_G","Defend_G","Defend_G","Survivor","Neutralize","Leg Sweep","All Out Attack","Skewer","Noxious Fumes","Predator","Cloak And Dagger","Backflip","Outmaneuver"],"relics":["Ring of the Snake","Meat on the Bone","Bag of Preparation","Matryoshka"],"potions_floor_usage":[6,8,8],"damage_taken":[{"damage":0,"enemies":"Cultist","floor":1,"turns":4},{"damage":0,"enemies":"Jaw Worm","floor":2,"turns":8},{"damage":0,"enemies":"2 Louse","floor":4,"turns":2},{"damage":22,"enemies":"Large Slime","floor":5,"turns":6},{"damage":29,"enemies":"Lagavulin","floor":6,"turns":7},{"damage":17,"enemies":"Gremlin Nob","floor":8,"turns":4},{"damage":8,"enemies":"Exordium Thugs","floor":10,"turns":4}],"seed_played":"-7491328299034962919","potions_obtained":[{"floor":4,"key":"Poison Potion"},{"floor":5,"key":"FearPotion"},{"floor":6,"key":"Regen Potion"}],"is_trial":false,"path_per_floor":["M","M","$","M","M","E","$","E","T","M"],"character_chosen":"THE_SILENT","items_purchased":["Skewer","Backflip"],"campfire_rested":0,"item_purchase_floors":[3,7],"current_hp_per_floor":[70,70,70,70,48,19,19,19,19,11],"gold":98,"neow_bonus":"REMOVE_CARD","is_prod":false,"is_daily":false,"chose_seed":false,"campfire_upgraded":0,"win_rate":0,"timestamp":1563415937,"path_taken":["M","M","?","M","M","E","$","E","T","M"],"build_version":"2019-07-05","purchased_purges":0,"victory":false,"max_hp_per_floor":[70,70,70,70,70,70,70,70,70,70],"card_choices":[{"not_picked":["Flying Knee","Dagger Throw"],"picked":"Leg Sweep","floor":1},{"not_picked":["Acrobatics","Bane"],"picked":"All Out Attack","floor":2},{"not_picked":["Riddle With Holes","Caltrops"],"picked":"Noxious Fumes","floor":4},{"not_picked":["Infinite Blades","Poisoned Stab"],"picked":"Predator","floor":5},{"not_picked":["Deflect","Heel Hook"],"picked":"Cloak And Dagger","floor":6},{"not_picked":["Expertise","Setup"],"picked":"Outmaneuver","floor":8}],"player_experience":136662,"relics_obtained":[{"floor":6,"key":"Meat on the Bone"},{"floor":8,"key":"Bag of Preparation"},{"floor":9,"key":"Matryoshka"}],"event_choices":[],"is_beta":false,"boss_relics":[],"items_purged_floors":[],"is_endless":false,"potions_floor_spawned":[4,5,6],"killed_by":"Exordium Thugs","ascension_level":2}