{"gold_per_floor":[116,130,205,221,236,271,271,271,271,18,18,18,49,67,67,169,169,183,194,57,57],"floor_reached":21,"playtime":1468,"items_purged":["Strike_R","Strike_R"],"score":198,"play_id":"cfaed087-7f0f-4f4d-a71b-2dbef5be9e05","local_time":"20190713212039","is_ascension_mode":true,"campfire_choices":[{"floor":7,"key":"REST"},{"floor":12,"key":"REST"},{"data":"True Grit","floor":15,"key":"SMITH"}],"neow_cost":"NONE","seed_source_timestamp":43302928431041,"circlet_count":0,"master_deck":["Strike_R","Strike_R","Strike_R","Defend_R","Defend_R","Defend_R","Defend_R","Bash","Fiend Fire+1","Ghostly Armor","Uppercut","Shrug It Off","Cleave","Battle Trance","Feed","Feel No Pain","True Grit+1","Reaper","Metallicize+1","Shrug It Off","Entrench"],"relics":["Burning Blood","Happy Flower","Omamori","Question Card","Mummified Hand","Runic Cube"],"potions_floor_usage":[6,13],"damage_taken":[{"damage":0,"enemies":"Cultist","floor":1,"turns":2},{"damage":1,"enemies":"Jaw Worm","floor":2,"turns":4},{"damage":4,"enemies":"Small Slimes","floor":4,"turns":3},{"damage":5,"enemies":"Blue Slaver","floor":5,"turns":5},{"damage":58,"enemies":"Lagavulin","floor":6,"turns":10},{"damage":6,"enemies":"Gremlin Nob","floor":13,"turns":4},{"damage":2,"enemies":"Looter","floor":14,"turns":2},{"damage":50,"enemies":"The Guardian","floor":16,"turns":15},{"damage":10,"enemies":"Chosen","floor":18,"turns":7},{"damage":1,"enemies":"Shell Parasite","floor":19,"turns":8},{"damage":93,"enemies":"Masked Bandits","floor":21,"turns":7}],"seed_played":"6358556783933288957","potions_obtained":[{"floor":2,"key":"SteroidPotion"},{"floor":4,"key":"Ancient Potion"},{"floor":5,"key":"Weak Potion"},{"floor":16,"key":"Ancient Potion"},{"floor":19,"key":"Dexterity Potion"}],"is_trial":false,"path_per_floor":["M","M","?","M","M","E","R","?","T","$","?","R","E","M","R","B",null,"M","M","$","?"],"character_chosen":"IRONCLAD","items_purchased":["Feed","Feel No Pain","Entrench"],"campfire_rested":2,"item_purchase_floors":[10,10,20],"current_hp_per_floor":[80,80,69,71,72,20,44,44,44,44,37,61,61,65,65,21,80,79,86,86,0],"gold":57,"neow_bonus":"ONE_RANDOM_RARE_CARD","is_prod":false,"is_daily":false,"chose_seed":false,"campfire_upgraded":1,"win_rate":0,"timestamp":1563045639,"path_taken":["M","M","?","M","M","E","R","?","T","$","?","R","E","M","R","BOSS","M","M","$","?"],"build_version":"2019-07-05","purchased_purges":2,"victory":false,"max_hp_per_floor":[80,80,80,80,80,80,80,80,80,80,80,80,80,80,80,80,80,83,86,86,86],"card_choices":[{"not_picked":["Sword Boomerang","True Grit"],"picked":"Ghostly Armor","floor":1},{"not_picked":["Burning Pact","Iron Wave"],"picked":"Uppercut","floor":2},{"not_picked":["Uppercut","Heavy Blade"],"picked":"Shrug It Off","floor":4},{"not_picked":["Rupture","Flex"],"picked":"Cleave","floor":5},{"not_picked":["Flex","Pommel Strike"],"picked":"Battle Trance","floor":6},{"not_picked":["Clash","Cleave","Flex"],"picked":"True Grit","floor":13},{"not_picked":["Sever Soul","Bludgeon","Bloodletting","Second Wind"],"picked":"SKIP","floor":14},{"not_picked":["Dark Embrace","Berserk","Limit Break"],"picked":"Reaper","floor":16},{"not_picked":["Cleave","True Grit","Warcry+1"],"picked":"Metallicize+1","floor":18},{"not_picked":["Shockwave","Feed","Havoc"],"picked":"Shrug It Off","floor":19}],"player_experience":448160,"relics_obtained":[{"floor":6,"key":"Happy Flower"},{"floor":9,"key":"Omamori"},{"floor":13,"key":"Mummified Hand"}],"event_choices":[{"damage_healed":0,"gold_gain":75,"player_choice":"Gather Gold","damage_taken":11,"max_hp_gain":0,"max_hp_loss":0,"event_name":"World of Goop","floor":3,"gold_loss":0},{"damage_healed":0,"gold_gain":0,"player_choice":"Grow","damage_taken":0,"max_hp_gain":0,"max_hp_loss":0,"event_name":"Living Wall","floor":8,"gold_loss":0,"cards_upgraded":["Fiend Fire"]},{"damage_healed":0,"gold_gain":0,"player_choice":"Success","damage_taken":7,"relics_obtained":["Question Card"],"max_hp_gain":0,"max_hp_loss":0,"event_name":"Scrap Ooze","floor":11,"gold_loss":0},{"damage_healed":0,"gold_gain":0,"player_choice":"Fought Bandits","damage_taken":0,"max_hp_gain":0,"max_hp_loss":0,"event_name":"Masked Bandits","floor":21,"gold_loss":0}],"is_beta":false,"boss_relics":[{"not_picked":["White Beast Statue","Sozu"],"picked":"Runic Cube"}],"items_purged_floors":[10,20],"is_endless":false,"potions_floor_spawned":[2,4,5,16,19],"killed_by":"Masked Bandits","ascension_level":1}