{"gold_per_floor":[112,131,131,150,163,189,207,224,224,76,93,93,103,113,113,210,210,224,23,23,37,37,37,37,37,37,37,37,64,79,96,96,96],"floor_reached":33,"playtime":1847,"items_purged":[],"score":296,"play_id":"d94359e3-1844-4a96-93b2-10d74eb3bf9d","local_time":"20190706061544","is_ascension_mode":false,"campfire_choices":[{"floor":12,"key":"REST"},{"floor":15,"key":"REST"},{"floor":23,"key":"REST"},{"data":"Rainbow","floor":25,"key":"SMITH"},{"data":"Consume","floor":28,"key":"SMITH"},{"floor":32,"key":"REST"}],"neow_cost":"NONE","seed_source_timestamp":576248788110082,"circlet_count":0,"master_deck":["Strike_B","Strike_B","Strike_B","Strike_B","Defend_B","Defend_B","Defend_B","Defend_B","Zap","Dualcast","Ball Lightning","FTL","Streamline","Doom and Gloom","Streamline","Gash","Consume+1","Streamline","Ball Lightning","Double Energy","Rainbow+1","Ball Lightning","Ball Lightning","Doom and Gloom+1","Biased Cognition","Beam Cell+1"],"relics":["Cracked Core","Gremlin Horn","Sundial","Nuclear Battery","PreservedInsect","Nloth\u0027s Gift","Torii","Pen Nib"],"potions_floor_usage":[6,6,16,31,31,33,33],"damage_taken":[{"damage":0,"enemies":"Cultist","floor":1,"turns":1},{"damage":0,"enemies":"Small Slimes","floor":2,"turns":1},{"damage":0,"enemies":"Jaw Worm","floor":4,"turns":1},{"damage":29,"enemies":"Exordium Thugs","floor":5,"turns":5},{"damage":13,"enemies":"Gremlin Nob","floor":6,"turns":3},{"damage":0,"enemies":"Large Slime","floor":7,"turns":3},{"damage":0,"enemies":"Lots of Slimes","floor":8,"turns":1},{"damage":0,"enemies":"Gremlin Gang","floor":11,"turns":1},{"damage":0,"enemies":"3 Louse","floor":13,"turns":1},{"damage":7,"enemies":"Blue Slaver","floor":14,"turns":2},{"damage":56,"enemies":"Hexaghost","floor":16,"turns":8},{"damage":1,"enemies":"Spheric Guardian","floor":18,"turns":3},{"damage":15,"enemies":"Shell Parasite","floor":21,"turns":3},{"damage":37,"enemies":"Gremlin Leader","floor":29,"turns":4},{"damage":22,"enemies":"Snake Plant","floor":30,"turns":3},{"damage":7,"enemies":"Centurion and Healer","floor":31,"turns":2},{"damage":69,"enemies":"Automaton","floor":33,"turns":6}],"seed_played":"-1328232129169779816","potions_obtained":[{"floor":1,"key":"Fire Potion"},{"floor":2,"key":"SkillPotion"},{"floor":7,"key":"Fire Potion"},{"floor":13,"key":"Swift Potion"},{"floor":16,"key":"SteroidPotion"},{"floor":31,"key":"SkillPotion"}],"is_trial":false,"path_per_floor":["M","M","?","M","M","E","M","M","T","$","M","R","M","M","R","B",null,"M","$","?","M","?","R","$","R","T","$","R","E","M","M","R","B"],"character_chosen":"DEFECT","items_purchased":["Consume","Ancient Potion","FearPotion","PreservedInsect"],"campfire_rested":4,"item_purchase_floors":[10,10,19,19],"current_hp_per_floor":[75,75,68,68,39,26,26,26,26,26,26,48,48,41,63,7,75,74,74,74,59,59,75,75,75,75,75,75,38,16,9,31,0],"gold":96,"neow_bonus":"THREE_ENEMY_KILL","is_prod":false,"is_daily":false,"chose_seed":false,"campfire_upgraded":2,"win_rate":0.0,"timestamp":1562411744,"path_taken":["M","?","?","M","?","E","M","M","T","$","M","R","M","M","R","BOSS","M","$","?","M","?","R","$","R","T","$","R","E","?","M","R","BOSS"],"build_version":"2019-07-05","purchased_purges":0,"victory":false,"max_hp_per_floor":[75,75,75,75,75,75,75,75,75,75,75,75,75,75,75,75,75,75,75,75,75,75,75,75,75,75,75,75,75,75,75,75,75],"card_choices":[{"not_picked":["Streamline","Hello World","Skim"],"picked":"SKIP","floor":1},{"not_picked":["Sweeping Beam","Gash"],"picked":"Ball Lightning","floor":2},{"not_picked":["Beam Cell","Genetic Algorithm"],"picked":"FTL","floor":4},{"not_picked":["Go for the Eyes","Compile Driver"],"picked":"Streamline","floor":5},{"not_picked":["Fission","Steam"],"picked":"Doom and Gloom","floor":6},{"not_picked":["Stack","Loop"],"picked":"Streamline","floor":7},{"not_picked":["Static Discharge","Steam"],"picked":"Gash","floor":8},{"not_picked":["Fusion","Static Discharge"],"picked":"Streamline","floor":11},{"not_picked":["Coolheaded","Leap"],"picked":"Ball Lightning","floor":13},{"not_picked":["Aggregate","Coolheaded"],"picked":"Double Energy","floor":14},{"not_picked":["Amplify","Thunder Strike"],"picked":"Rainbow","floor":16},{"not_picked":["Leap","Hologram"],"picked":"Ball Lightning","floor":18},{"not_picked":["Sweeping Beam","Beam Cell"],"picked":"Doom and Gloom+1","floor":21},{"not_picked":["Streamline","Static Discharge"],"picked":"Biased Cognition","floor":29},{"not_picked":["Go for the Eyes+1","Compile Driver"],"picked":"Beam Cell+1","floor":30},{"not_picked":["Sweeping Beam+1","Leap","Redo"],"picked":"SKIP","floor":31}],"player_experience":19846,"relics_obtained":[{"floor":6,"key":"Gremlin Horn"},{"floor":9,"key":"Sundial"},{"floor":26,"key":"Torii"},{"floor":29,"key":"Pen Nib"}],"event_choices":[{"damage_healed":0,"gold_gain":0,"player_choice":"Damaged","damage_taken":7,"max_hp_gain":0,"max_hp_loss":0,"event_name":"Wheel of Change","floor":3,"gold_loss":0},{"damage_healed":0,"gold_gain":0,"player_choice":"Read","damage_taken":0,"max_hp_gain":0,"max_hp_loss":0,"event_name":"The Library","floor":20,"gold_loss":0,"cards_obtained":["Ball Lightning"]},{"damage_healed":0,"gold_gain":0,"player_choice":"Traded Relic","damage_taken":0,"relics_obtained":["Nloth\u0027s Gift"],"max_hp_gain":0,"max_hp_loss":0,"event_name":"N\u0027loth","floor":22,"relics_lost":["NeowsBlessing"],"gold_loss":0}],"is_beta":false,"boss_relics":[{"not_picked":["Astrolabe","Coffee Dripper"],"picked":"Nuclear Battery"}],"items_purged_floors":[],"is_endless":false,"potions_floor_spawned":[1,2,7,13,16,31],"killed_by":"Automaton","ascension_level":0}