{"gold_per_floor":[119,119,63,73,90,90,116,116,116,151,71,71,101,119,119,196,196,212,262,187,30,30,63,63,88,88,103,103],"floor_reached":28,"playtime":1301,"items_purged":["Strike_B"],"score":544,"play_id":"0bba185c-2c0f-4a96-8c49-08254cd74cd4","local_time":"20190709005045","is_ascension_mode":true,"campfire_choices":[{"data":"Defragment","floor":6,"key":"SMITH"},{"data":"Zap","floor":8,"key":"SMITH"},{"data":"Reinforced Body","floor":12,"key":"SMITH"},{"data":"Hologram","floor":15,"key":"SMITH"}],"neow_cost":"NONE","seed_source_timestamp":519333349863161,"circlet_count":0,"master_deck":["AscendersBane","Strike_B","Strike_B","Defend_B","Defend_B","Defend_B+1","Defend_B+1","Zap+1","Dualcast","Defragment+1","Ball Lightning","Ball Lightning","Leap","Reinforced Body","Reinforced Body+1","Electrodynamics","Thunder Strike+1","Hologram+1","Biased Cognition","Coolheaded","Ghostly","Ghostly","Ghostly","Biased Cognition","Steam Power+1"],"relics":["Cracked Core","NeowsBlessing","War Paint","Molten Egg 2","Question Card","Inserter","Happy Flower","Vajra","Shuriken","Anchor"],"potions_floor_usage":[10,16,16],"damage_taken":[{"damage":0,"enemies":"2 Louse","floor":1,"turns":1},{"damage":0,"enemies":"Cultist","floor":4,"turns":1},{"damage":0,"enemies":"Small Slimes","floor":5,"turns":1},{"damage":21,"enemies":"Lagavulin","floor":7,"turns":5},{"damage":14,"enemies":"Gremlin Nob","floor":10,"turns":3},{"damage":6,"enemies":"Lagavulin","floor":13,"turns":4},{"damage":0,"enemies":"Exordium Wildlife","floor":14,"turns":4},{"damage":1,"enemies":"Slime Boss","floor":16,"turns":8},{"damage":5,"enemies":"Chosen","floor":18,"turns":5},{"damage":23,"enemies":"Slavers","floor":23,"turns":3},{"damage":10,"enemies":"Gremlin Leader","floor":25,"turns":4},{"damage":0,"enemies":"2 Thieves","floor":27,"turns":3},{"damage":6,"enemies":"Book of Stabbing","floor":28,"turns":2}],"seed_played":"7244405628515072341","potions_obtained":[{"floor":1,"key":"SkillPotion"},{"floor":5,"key":"Swift Potion"},{"floor":10,"key":"Weak Potion"},{"floor":25,"key":"Explosive Potion"}],"is_trial":false,"path_per_floor":["M","?","$","M","M","R","E","R","T","E","$","R","E","M","R","B",null,"M","?","$","$","?","E","$","E","T","M","E"],"character_chosen":"DEFECT","items_purchased":["Ball Lightning","Electrodynamics","Happy Flower"],"campfire_rested":0,"item_purchase_floors":[3,11,21],"current_hp_per_floor":[64,64,64,64,64,64,43,43,43,29,29,29,23,23,23,22,59,54,54,54,54,35,12,12,2,2,2,0],"gold":103,"neow_bonus":"THREE_ENEMY_KILL","is_prod":false,"is_daily":false,"chose_seed":false,"campfire_upgraded":4,"win_rate":0,"timestamp":1562601045,"path_taken":["M","?","$","M","?","R","E","R","T","E","?","R","E","M","R","BOSS","M","?","?","$","?","E","$","E","T","M","E"],"build_version":"2019-07-05","purchased_purges":1,"victory":false,"max_hp_per_floor":[71,71,71,71,71,71,71,71,71,71,71,71,71,71,71,71,71,71,71,71,71,35,35,35,35,35,35,35],"card_choices":[{"not_picked":["Lockon","Consume"],"picked":"Defragment","floor":1},{"not_picked":["Conserve Battery","Sweeping Beam"],"picked":"Ball Lightning","floor":4},{"not_picked":["Barrage","Stack"],"picked":"Leap","floor":5},{"not_picked":["Streamline","Ball Lightning"],"picked":"Reinforced Body","floor":7},{"not_picked":["Tempest","Auto Shields"],"picked":"Reinforced Body","floor":10},{"not_picked":["Stack","Turbo"],"picked":"Thunder Strike+1","floor":13},{"not_picked":["Genetic Algorithm","Recycle","Auto Shields"],"picked":"Hologram","floor":14},{"not_picked":["Thunder Strike+1","Rainbow","Reboot"],"picked":"Biased Cognition","floor":16},{"not_picked":["Barrage+1","Conserve Battery","Gash+1"],"picked":"Coolheaded","floor":18},{"not_picked":["Go for the Eyes+1","Reprogram+1","Gash+1"],"picked":"Biased Cognition","floor":23},{"not_picked":["Cold Snap+1","Rip and Tear+1","Turbo","Gash+1"],"picked":"SKIP","floor":25},{"not_picked":["Gash+1","Steam","Turbo"],"picked":"Steam Power+1","floor":27}],"player_experience":554448,"relics_obtained":[{"floor":9,"key":"War Paint"},{"floor":10,"key":"Molten Egg 2"},{"floor":13,"key":"Question Card"},{"floor":23,"key":"Vajra"},{"floor":25,"key":"Shuriken"},{"floor":26,"key":"Anchor"}],"event_choices":[{"cards_removed":["Strike_B"],"damage_healed":0,"gold_gain":0,"player_choice":"Offered Basic","damage_taken":0,"max_hp_gain":0,"max_hp_loss":0,"event_name":"Bonfire Elementals","floor":2,"gold_loss":0},{"damage_healed":0,"gold_gain":50,"player_choice":"Pray","damage_taken":0,"max_hp_gain":0,"max_hp_loss":0,"event_name":"Golden Shrine","floor":19,"gold_loss":0},{"damage_healed":0,"gold_gain":0,"player_choice":"Became a Ghost","damage_taken":0,"max_hp_gain":0,"max_hp_loss":36,"event_name":"Ghosts","floor":22,"gold_loss":0,"cards_obtained":["Ghostly","Ghostly","Ghostly"]}],"is_beta":false,"boss_relics":[{"not_picked":["Lizard Tail","Calling Bell"],"picked":"Inserter"}],"items_purged_floors":[20],"is_endless":false,"potions_floor_spawned":[1,5,10,25],"killed_by":"Book of Stabbing","ascension_level":20}