{"gold_per_floor":[115,127,52,52,71,71,102,102,102,102,120,136,169,169,169,169],"floor_reached":16,"playtime":1108,"items_purged":["Strike_R"],"score":110,"play_id":"7f933535-d249-4114-81c9-f190b49a9727","local_time":"20180712233603","is_ascension_mode":false,"campfire_choices":[{"data":"Seeing Red","floor":6,"key":"SMITH"},{"data":"Bash","floor":8,"key":"SMITH"},{"floor":15,"key":"REST"}],"neow_cost":"NONE","seed_source_timestamp":15525642622999,"circlet_count":0,"master_deck":["Strike_R","Strike_R","Defend_R","Defend_R","Defend_R","Defend_R+1","Bash+1","Seeing Red+1","Reckless Charge","Flame Barrier+1","Exhume+1"],"relics":["Burning Blood","Toxic Egg 2","Kunai","Self Forming Clay"],"potions_floor_usage":[7,7,16],"damage_taken":[{"damage":1,"enemies":"Cultist","floor":1,"turns":4},{"damage":2,"enemies":"2 Louse","floor":2,"turns":2},{"damage":5,"enemies":"Jaw Worm","floor":5,"turns":4},{"damage":20,"enemies":"3 Sentries","floor":7,"turns":9},{"damage":3,"enemies":"Lots of Slimes","floor":11,"turns":6},{"damage":3,"enemies":"2 Fungi Beasts","floor":12,"turns":4},{"damage":48,"enemies":"Gremlin Nob","floor":13,"turns":6},{"damage":62,"enemies":"Slime Boss","floor":16,"turns":12}],"seed_played":"4499449848942580482","potions_obtained":[{"floor":1,"key":"Explosive Potion"},{"floor":5,"key":"Explosive Potion"},{"floor":13,"key":"Explosive Potion"}],"is_trial":false,"path_per_floor":["M","M","$","?","M","R","E","R","T","?","M","M","E","?","R"],"character_chosen":"IRONCLAD","items_purchased":[],"campfire_rested":1,"item_purchase_floors":[],"current_hp_per_floor":[80,80,80,80,80,80,66,66,66,66,69,72,30,35,60,0],"gold":169,"neow_bonus":"REMOVE_CARD","is_prod":false,"is_daily":false,"chose_seed":false,"campfire_upgraded":2,"win_rate":0,"timestamp":1531431363,"path_taken":["M","M","$","?","M","R","E","R","T","?","?","M","E","?","R","BOSS"],"build_version":"2018-07-05","purchased_purges":1,"victory":false,"max_hp_per_floor":[80,80,80,80,80,80,80,80,80,80,80,80,80,85,85,85],"card_choices":[{"not_picked":["Dropkick","Cleave"],"picked":"Seeing Red","floor":1},{"not_picked":["Cleave","Iron Wave","Anger"],"picked":"SKIP","floor":2},{"not_picked":["Twin Strike","Feel No Pain","Corruption"],"picked":"SKIP","floor":5},{"not_picked":["Seeing Red","Whirlwind"],"picked":"Flame Barrier","floor":7},{"not_picked":["Disarm+1","Anger","Havoc+1"],"picked":"SKIP","floor":11},{"not_picked":["Disarm+1","Anger","Havoc+1"],"picked":"SKIP","floor":11},{"not_picked":["Clothesline","Second Wind+1"],"picked":"Exhume+1","floor":12},{"not_picked":["Bloodletting+1","Flex+1","Clothesline"],"picked":"SKIP","floor":13}],"player_experience":309661,"relics_obtained":[{"floor":7,"key":"Toxic Egg 2"},{"floor":9,"key":"Kunai"},{"floor":13,"key":"Self Forming Clay"}],"event_choices":[{"event_name":"Living Wall","player_choice":"Change","floor":4,"damage_taken":0},{"event_name":"Upgrade Shrine","player_choice":"Upgraded","floor":10,"damage_taken":0},{"event_name":"Big Fish","player_choice":"Donut","floor":14,"damage_taken":0}],"boss_relics":[],"items_purged_floors":[3],"is_endless":false,"potions_floor_spawned":[1,5,13],"killed_by":"Slime Boss","ascension_level":0}