{"gold_per_floor":[110,126,141,151,101,101,135,147,147,147,147,177,197,216,216,319,319,338,338,351,366,291,291,291,304,351,351,380,380,380,395,395,492,492,504,504,504,504,524,556,345,357,357,357,373,373,390,0,0,0],"floor_reached":51,"playtime":5408,"items_purged":["Defend_B","Defend_B"],"score":709,"play_id":"a47cdb1b-ab97-439c-a6fe-adfe1039b121","local_time":"20190608052739","is_ascension_mode":false,"campfire_choices":[{"data":"White Noise","floor":6,"key":"SMITH"},{"data":"Zap","floor":10,"key":"SMITH"},{"data":"Hello World","floor":15,"key":"SMITH"},{"data":"Conserve Battery","floor":23,"key":"SMITH"},{"floor":29,"key":"REST"},{"floor":32,"key":"REST"},{"floor":44,"key":"REST"},{"floor":46,"key":"REST"},{"data":"Thunder Strike","floor":49,"key":"SMITH"}],"neow_cost":"NONE","seed_source_timestamp":531280509099054,"circlet_count":0,"master_deck":["Strike_B","Strike_B","Strike_B","Strike_B","Zap+1","Dualcast","Ball Lightning","Sweeping Beam","Conserve Battery+1","White Noise+1","Chill+1","Redo+1","Reprogram+1","Chaos+1","Hello World+1","Multi-Cast+1","Ball Lightning+1","Thunder Strike+1","Coolheaded+1","Darkness+1","Glacier+1","Writhe","Blizzard+1","Steam Power+1","Amplify+1","Glacier+1","Steam Power+1","Leap+1","Coolheaded+1","Redo+1","Coolheaded+1","Writhe","Finesse+1","Turbo+1","Double Energy+1","Fission+1","Hello World+1","Sunder+1","Fusion+1","Redo+1"],"relics":["Cracked Core","Centennial Puzzle","Toxic Egg 2","FossilizedHelix","Ice Cream","Nunchaku","Calling Bell","Art of War","Question Card","Mango","Orichalcum","Torii","Oddly Smooth Stone","Du-Vu Doll","Orrery","Boot","Frozen Egg 2","Bottled Flame"],"potions_floor_usage":[28,50,50],"damage_taken":[{"damage":0,"enemies":"Cultist","floor":1,"turns":3},{"damage":0,"enemies":"Small Slimes","floor":2,"turns":2},{"damage":2,"enemies":"2 Louse","floor":3,"turns":2},{"damage":7,"enemies":"2 Fungi Beasts","floor":4,"turns":3},{"damage":1,"enemies":"Gremlin Nob","floor":7,"turns":3},{"damage":4,"enemies":"Looter","floor":8,"turns":3},{"damage":0,"enemies":"3 Sentries","floor":12,"turns":5},{"damage":0,"enemies":"Large Slime","floor":13,"turns":4},{"damage":0,"enemies":"Blue Slaver","floor":14,"turns":3},{"damage":13,"enemies":"Hexaghost","floor":16,"turns":9},{"damage":0,"enemies":"Chosen","floor":18,"turns":4},{"damage":10,"enemies":"Shell Parasite","floor":20,"turns":4},{"damage":11,"enemies":"Snake Plant","floor":21,"turns":3},{"damage":0,"enemies":"Cultist and Chosen","floor":25,"turns":5},{"damage":41,"enemies":"Slavers","floor":28,"turns":5},{"damage":8,"enemies":"Centurion and Healer","floor":31,"turns":4},{"damage":60,"enemies":"Champ","floor":33,"turns":12},{"damage":0,"enemies":"3 Shapes","floor":35,"turns":7},{"damage":0,"enemies":"3 Darklings","floor":39,"turns":6},{"damage":53,"enemies":"Nemesis","floor":40,"turns":7},{"damage":0,"enemies":"Sphere and 2 Shapes","floor":42,"turns":2},{"damage":0,"enemies":"4 Shapes","floor":45,"turns":3},{"damage":0,"enemies":"3 Darklings","floor":47,"turns":3},{"damage":38,"enemies":"Time Eater","floor":50,"turns":10}],"seed_played":"-7052567715270729387","potions_obtained":[{"floor":1,"key":"PowerPotion"},{"floor":4,"key":"Explosive Potion"},{"floor":13,"key":"FearPotion"},{"floor":14,"key":"Swift Potion"},{"floor":25,"key":"Energy Potion"},{"floor":31,"key":"SteroidPotion"},{"floor":33,"key":"Fire Potion"},{"floor":39,"key":"Fire Potion"},{"floor":40,"key":"Regen Potion"}],"is_trial":false,"path_per_floor":["M","M","M","M","?","R","E","M","T","R","?","E","M","M","R","B",null,"M","?","M","M","?","R","?","M","T","?","E","R","T","M","R","B",null,"M","?","?","?","M","E","$","M","T","R","M","R","M","$","R","B",null],"character_chosen":"DEFECT","items_purchased":["Fission+1","Bottled Flame","Redo+1"],"campfire_rested":4,"item_purchase_floors":[41,48,48],"current_hp_per_floor":[75,75,73,66,66,66,65,61,61,61,61,61,61,61,61,48,89,89,86,76,65,65,65,65,65,65,65,24,49,49,41,66,6,86,86,86,86,86,86,33,33,33,33,58,58,83,83,83,83,57],"gold":0,"neow_bonus":"RANDOM_COMMON_RELIC","is_prod":false,"is_daily":false,"chose_seed":false,"campfire_upgraded":5,"win_rate":0.0,"timestamp":1559996859,"path_taken":["M","M","?","M","?","R","E","M","T","R","?","E","?","M","R","BOSS","M","?","M","?","?","R","?","M","T","?","E","R","?","?","R","BOSS","M","?","?","?","M","E","$","M","T","R","M","R","M","$","R","BOSS"],"build_version":"2019-01-23","purchased_purges":2,"victory":true,"max_hp_per_floor":[75,75,75,75,75,75,75,75,75,75,75,75,75,75,75,75,89,89,86,86,86,86,86,86,86,86,86,86,86,86,86,86,86,86,86,86,86,86,86,86,86,86,86,86,86,86,86,86,86,86],"card_choices":[{"not_picked":["White Noise","Barrage"],"picked":"Ball Lightning","floor":1},{"not_picked":["Darkness","Aggregate"],"picked":"Sweeping Beam","floor":2},{"not_picked":["Beam Cell","Lockon"],"picked":"Conserve Battery","floor":3},{"not_picked":["Go for the Eyes","Heatsinks"],"picked":"White Noise","floor":4},{"not_picked":["Defragment","Streamline"],"picked":"Chill","floor":7},{"not_picked":["Melter","Rebound"],"picked":"Redo+1","floor":8},{"not_picked":["Darkness+1","Fission+1"],"picked":"Reprogram+1","floor":12},{"not_picked":["Steam+1","Streamline"],"picked":"Chaos+1","floor":13},{"not_picked":["Lockon","Steam+1"],"picked":"Hello World","floor":14},{"not_picked":["All For One","Fission+1"],"picked":"Multi-Cast+1","floor":16},{"not_picked":["Barrage","Gash","Darkness+1"],"picked":"Ball Lightning+1","floor":18},{"not_picked":["Hologram+1","Rebound","Go for the Eyes+1"],"picked":"Thunder Strike","floor":20},{"not_picked":["Stack+1","Fusion+1","Lockon"],"picked":"Coolheaded+1","floor":21},{"not_picked":["Hologram+1","Leap+1","Genetic Algorithm+1"],"picked":"Glacier+1","floor":25},{"not_picked":["Go for the Eyes+1","Leap+1","Redo+1"],"picked":"Blizzard+1","floor":28},{"not_picked":["Genetic Algorithm+1","Skim+1","White Noise+1"],"picked":"Steam Power+1","floor":31},{"not_picked":["Multi-Cast+1","All For One","Thunder Strike"],"picked":"Amplify+1","floor":33},{"not_picked":["Steam+1","Streamline+1","Go for the Eyes"],"picked":"Glacier+1","floor":34},{"not_picked":["Go for the Eyes","Ball Lightning","Streamline"],"picked":"Steam Power+1","floor":34},{"not_picked":["Doom and Gloom+1","Beam Cell","Stack+1"],"picked":"Leap+1","floor":34},{"not_picked":["Cold Snap","Consume+1","Compile Driver"],"picked":"Coolheaded+1","floor":34},{"not_picked":["Sweeping Beam","Steam+1","Machine Learning"],"picked":"Redo+1","floor":34},{"not_picked":["Gash","Leap+1","Sweeping Beam+1"],"picked":"Coolheaded+1","floor":35},{"not_picked":["Good Instincts+1","Swift Strike","Thinking Ahead+1"],"picked":"Finesse+1","floor":38},{"not_picked":["Compile Driver","Steam+1","Lockon+1"],"picked":"Turbo+1","floor":39},{"not_picked":["Hologram+1","Conserve Battery+1","Genetic Algorithm+1"],"picked":"Double Energy+1","floor":40},{"not_picked":["Reinforced Body+1","Reprogram+1","Turbo+1"],"picked":"Hello World+1","floor":42},{"not_picked":["Steam+1","Compile Driver+1","Ball Lightning"],"picked":"Sunder+1","floor":45},{"not_picked":["Gash","Leap+1","Lockon+1"],"picked":"Fusion+1","floor":47}],"player_experience":59115,"relics_obtained":[{"floor":7,"key":"Toxic Egg 2"},{"floor":9,"key":"FossilizedHelix"},{"floor":12,"key":"Nunchaku"},{"floor":17,"key":"Art of War"},{"floor":17,"key":"Question Card"},{"floor":17,"key":"Mango"},{"floor":26,"key":"Orichalcum"},{"floor":28,"key":"Oddly Smooth Stone"},{"floor":30,"key":"Du-Vu Doll"},{"floor":40,"key":"Boot"},{"floor":43,"key":"Frozen Egg 2"}],"event_choices":[{"cards_removed":["Defend_B"],"damage_healed":0,"gold_gain":0,"player_choice":"Card Removal","damage_taken":0,"max_hp_gain":0,"max_hp_loss":0,"event_name":"The Cleric","floor":5,"gold_loss":50},{"damage_healed":0,"gold_gain":0,"player_choice":"Gave Potion","damage_taken":0,"relics_obtained":["Ice Cream"],"max_hp_gain":0,"max_hp_loss":0,"event_name":"WeMeetAgain","floor":11,"gold_loss":0},{"cards_removed":["Parasite","Clumsy","Injury"],"damage_healed":0,"gold_gain":0,"player_choice":"Removed Curses","damage_taken":0,"max_hp_gain":0,"max_hp_loss":0,"event_name":"Fountain of Cleansing","floor":19,"gold_loss":0},{"cards_removed":["Defend_B"],"damage_healed":0,"gold_gain":0,"player_choice":"Gave Gold","damage_taken":0,"max_hp_gain":0,"max_hp_loss":0,"event_name":"Beggar","floor":22,"gold_loss":75},{"damage_healed":0,"gold_gain":0,"player_choice":"Read","damage_taken":0,"max_hp_gain":0,"max_hp_loss":0,"event_name":"The Library","floor":24,"gold_loss":0,"cards_obtained":["Darkness"]},{"damage_healed":0,"gold_gain":0,"player_choice":"Opened","damage_taken":0,"relics_obtained":["Torii"],"max_hp_gain":0,"max_hp_loss":0,"event_name":"The Mausoleum","floor":27,"gold_loss":0,"cards_obtained":["Writhe"]},{"damage_healed":0,"gold_gain":0,"player_choice":"Ignored","damage_taken":0,"max_hp_gain":0,"max_hp_loss":0,"event_name":"Tomb of Lord Red Mask","floor":36,"gold_loss":0},{"damage_healed":22,"gold_gain":0,"player_choice":"Writhe","damage_taken":0,"max_hp_gain":0,"max_hp_loss":0,"event_name":"Winding Halls","floor":37,"gold_loss":0,"cards_obtained":["Writhe"]},{"damage_healed":0,"gold_gain":0,"player_choice":"Memory 1","damage_taken":0,"max_hp_gain":0,"max_hp_loss":0,"event_name":"SensoryStone","floor":38,"gold_loss":0}],"is_beta":false,"boss_relics":[{"not_picked":["Astrolabe","Pandora\u0027s Box"],"picked":"Calling Bell"},{"not_picked":["Tiny House","Lizard Tail"],"picked":"Orrery"}],"items_purged_floors":[41,48],"is_endless":false,"potions_floor_spawned":[1,4,13,14,25,31,33,39,40,42,45],"ascension_level":0}