{"gold_per_floor":[20,34,34,34,48,48,48,48,48,59,112,123,136,148,148,252,252,265,265,265,281,301,301,311,311],"floor_reached":25,"playtime":1960,"items_purged":[],"score":197,"play_id":"c0632bfc-03c4-4310-a86f-74c8453dd26d","local_time":"20190708123654","is_ascension_mode":false,"campfire_choices":[{"floor":6,"key":"REST"},{"data":"Dualcast","floor":8,"key":"SMITH"},{"data":"Sunder","floor":15,"key":"SMITH"},{"floor":23,"key":"REST"}],"neow_cost":"NO_GOLD","seed_source_timestamp":771853442425688,"circlet_count":0,"master_deck":["Strike_B+1","Strike_B+1","Strike_B+1","Strike_B+1","Defend_B+1","Defend_B+1","Defend_B+1","Defend_B+1","Zap","Dualcast+1","Creative AI+1","Ball Lightning","Auto Shields","Conserve Battery","Sunder+1","FTL","Conserve Battery","Ball Lightning","Creative AI","Defragment","Glacier+1","Cold Snap","Compile Driver+1"],"relics":["Cracked Core","Darkstone Periapt","Fusion Hammer"],"potions_floor_usage":[22,25,25],"damage_taken":[{"damage":8,"enemies":"Jaw Worm","floor":1,"turns":5},{"damage":4,"enemies":"2 Louse","floor":2,"turns":3},{"damage":11,"enemies":"Small Slimes","floor":5,"turns":3},{"damage":0,"enemies":"3 Louse","floor":10,"turns":3},{"damage":10,"enemies":"Looter","floor":12,"turns":3},{"damage":0,"enemies":"2 Fungi Beasts","floor":13,"turns":2},{"damage":0,"enemies":"Blue Slaver","floor":14,"turns":2},{"damage":59,"enemies":"Hexaghost","floor":16,"turns":11},{"damage":9,"enemies":"Shell Parasite","floor":18,"turns":4},{"damage":46,"enemies":"3 Byrds","floor":21,"turns":5},{"damage":22,"enemies":"Centurion and Healer","floor":22,"turns":6},{"damage":22,"enemies":"Cultist and Chosen","floor":24,"turns":7},{"damage":7,"enemies":"Snake Plant","floor":25,"turns":3}],"seed_played":"5958826658592587290","potions_obtained":[{"floor":2,"key":"Dexterity Potion"},{"floor":10,"key":"Swift Potion"},{"floor":12,"key":"SteroidPotion"},{"floor":18,"key":"Block Potion"}],"is_trial":false,"path_per_floor":["M","M","$","?","M","R","?","R","T","M","?","M","M","M","R","B",null,"M","?","?","M","M","R","M","M"],"character_chosen":"DEFECT","items_purchased":[],"campfire_rested":2,"item_purchase_floors":[],"current_hp_per_floor":[67,63,63,63,52,74,79,79,79,79,79,69,69,69,69,10,80,71,71,71,25,3,27,5,0],"gold":311,"neow_bonus":"THREE_RARE_CARDS","is_prod":false,"is_daily":false,"chose_seed":false,"campfire_upgraded":2,"win_rate":0.0,"timestamp":1562607414,"path_taken":["M","M","$","?","M","R","?","R","T","M","?","M","M","M","R","BOSS","M","?","?","M","M","R","M","M"],"build_version":"2019-07-05","purchased_purges":0,"victory":false,"max_hp_per_floor":[75,75,75,75,75,75,80,80,80,80,80,80,80,80,80,80,80,80,80,80,80,80,80,80,80],"card_choices":[{"not_picked":["Biased Cognition","Meteor Strike"],"picked":"Creative AI","floor":0},{"not_picked":["Skim","Hologram"],"picked":"Ball Lightning","floor":1},{"not_picked":["Coolheaded","Barrage"],"picked":"Auto Shields","floor":2},{"not_picked":["Defragment","Beam Cell"],"picked":"Conserve Battery","floor":5},{"not_picked":["Fusion","Stack"],"picked":"Sunder","floor":10},{"not_picked":["Reprogram","Lockon"],"picked":"FTL","floor":12},{"not_picked":["Force Field","Beam Cell"],"picked":"Conserve Battery","floor":13},{"not_picked":["Genetic Algorithm","Fusion"],"picked":"Ball Lightning","floor":14},{"not_picked":["Thunder Strike","All For One"],"picked":"Creative AI","floor":16},{"not_picked":["Hello World","Turbo"],"picked":"Defragment","floor":18},{"not_picked":["Beam Cell+1","Compile Driver"],"picked":"Glacier+1","floor":21},{"not_picked":["Rebound+1","Hologram"],"picked":"Cold Snap","floor":22},{"not_picked":["Barrage","FTL+1"],"picked":"Compile Driver+1","floor":24}],"player_experience":54866,"relics_obtained":[{"floor":9,"key":"Darkstone Periapt"}],"event_choices":[{"damage_healed":0,"gold_gain":0,"player_choice":"Grow","damage_taken":0,"max_hp_gain":0,"max_hp_loss":0,"event_name":"Living Wall","floor":4,"gold_loss":0,"cards_upgraded":["Creative AI"]},{"damage_healed":0,"gold_gain":0,"player_choice":"Donut","damage_taken":0,"max_hp_gain":5,"max_hp_loss":0,"event_name":"Big Fish","floor":7,"gold_loss":0},{"damage_healed":0,"gold_gain":53,"player_choice":"Gained Gold","damage_taken":0,"max_hp_gain":0,"max_hp_loss":0,"event_name":"Golden Wing","floor":11,"gold_loss":0},{"damage_healed":0,"gold_gain":0,"player_choice":"Simplicity","damage_taken":0,"max_hp_gain":0,"max_hp_loss":0,"event_name":"Back to Basics","floor":19,"gold_loss":0,"cards_upgraded":["Strike_B","Strike_B","Strike_B","Strike_B","Defend_B","Defend_B","Defend_B","Defend_B"]},{"damage_healed":0,"gold_gain":0,"player_choice":"Ignored","damage_taken":0,"max_hp_gain":0,"max_hp_loss":0,"event_name":"Beggar","floor":20,"gold_loss":0}],"is_beta":false,"boss_relics":[{"not_picked":["Sozu","Busted Crown"],"picked":"Fusion Hammer"}],"items_purged_floors":[],"is_endless":false,"potions_floor_spawned":[2,10,12,16,18],"killed_by":"Snake Plant","ascension_level":0}