{"gold_per_floor":[109,284,284,297,310,310,0,0,52,69,98,110,120,135,135,239,239,239,179,17,17,17,17,17,17,17,17,17,17,17,17,17,17,17,17,17,17,17,17,17,17,17,17,17,17,17,17,0,0,0],"floor_reached":51,"playtime":6972,"items_purged":[],"score":929,"play_id":"910d0fff-ae76-4d19-9b38-9ee6ef1ffb7f","local_time":"20190701032038","is_ascension_mode":false,"campfire_choices":[{"data":"Noxious Fumes","floor":6.0,"key":"SMITH"},{"data":"Neutralize","floor":8.0,"key":"SMITH"},{"data":"Infinite Blades","floor":15.0,"key":"SMITH"},{"data":"Apotheosis","floor":23,"key":"SMITH"},{"data":"Adrenaline","floor":27,"key":"SMITH"},{"data":"Prepared","floor":32,"key":"SMITH"},{"data":"A Thousand Cuts","floor":41,"key":"SMITH"},{"data":"A Thousand Cuts","floor":47,"key":"SMITH"},{"data":"Blade Dance","floor":49,"key":"SMITH"}],"neow_cost":"NONE","seed_source_timestamp":0,"circlet_count":0,"master_deck":["Defend_G","Defend_G","Defend_G","Defend_G+1","Defend_G","Strike_G","Strike_G","Strike_G","Strike_G","Survivor","Neutralize+1","Distraction+1","Doubt","Noxious Fumes+1","Adrenaline+1","Blade Dance+1","Infinite Blades+1","Leg Sweep","Outmaneuver+1","Bouncing Flask","Tools of the Trade","Terror+1","Choke+1","Apotheosis+1","Necronomicurse","Ghostly","Ghostly","Ghostly","Ghostly","Ghostly","Apotheosis+1","Prepared+1","Blur","Unload","Shame","Crippling Poison","A Thousand Cuts+1","Riddle With Holes+1","All Out Attack+1","Prepared+1","Madness","Madness","A Thousand Cuts+1","Underhanded Strike+1","Terror+1","Deflect+1","Corpse Explosion+1"],"special_seed":0,"relics":["Ring of the Snake","Dead Branch","PreservedInsect","Bag of Marbles","Ectoplasm","Necronomicon","War Paint","Letter Opener","Question Card","Coffee Dripper","Thread and Needle","Blue Candle","Toxic Egg 2","Nunchaku","Red Mask"],"potions_floor_usage":[33,50,50],"damage_taken":[{"damage":0.0,"enemies":"Small Slimes","floor":1.0,"turns":4.0},{"damage":9.0,"enemies":"Cultist","floor":4.0,"turns":5.0},{"damage":2.0,"enemies":"Jaw Worm","floor":5.0,"turns":5.0},{"damage":1.0,"enemies":"Large Slime","floor":10.0,"turns":5.0},{"damage":5.0,"enemies":"3 Sentries","floor":11.0,"turns":5.0},{"damage":3.0,"enemies":"Exordium Thugs","floor":12.0,"turns":4.0},{"damage":0.0,"enemies":"2 Fungi Beasts","floor":13.0,"turns":4.0},{"damage":0.0,"enemies":"Large Slime","floor":14.0,"turns":5.0},{"damage":24.0,"enemies":"The Guardian","floor":16.0,"turns":9.0},{"damage":4,"enemies":"Chosen","floor":18,"turns":5},{"damage":7,"enemies":"2 Thieves","floor":19,"turns":4},{"damage":2,"enemies":"Snecko","floor":25,"turns":5},{"damage":0,"enemies":"Chosen and Byrds","floor":28,"turns":3},{"damage":0,"enemies":"Book of Stabbing","floor":29,"turns":4},{"damage":1,"enemies":"Centurion and Healer","floor":31,"turns":5},{"damage":0,"enemies":"Collector","floor":33,"turns":5},{"damage":0,"enemies":"3 Shapes","floor":35,"turns":3},{"damage":0,"enemies":"Mind Bloom Boss Battle","floor":36,"turns":4},{"damage":0,"enemies":"Orb Walker","floor":37,"turns":3},{"damage":0,"enemies":"Giant Head","floor":40,"turns":5},{"damage":2,"enemies":"Transient","floor":42,"turns":5},{"damage":2,"enemies":"4 Shapes","floor":44,"turns":4},{"damage":0,"enemies":"Spire Growth","floor":45,"turns":1},{"damage":0,"enemies":"Reptomancer","floor":46,"turns":3},{"damage":0,"enemies":"Donu and Deca","floor":50,"turns":3}],"seed_played":"-7144694162426043734","potions_obtained":[{"floor":5.0,"key":"GhostInAJar"},{"floor":11.0,"key":"SkillPotion"},{"floor":12.0,"key":"Ancient Potion"},{"floor":19,"key":"PowerPotion"},{"floor":29,"key":"SpeedPotion"},{"floor":31,"key":"SkillPotion"},{"floor":36,"key":"SpeedPotion"},{"floor":40,"key":"SteroidPotion"}],"is_trial":false,"path_per_floor":["M","?","?","M","M","R","$","R","T","M","E","M","M","M","R","B",null,"M","M","$","?","?","R","?","M","T","R","M","E","?","M","R","B",null,"M","?","M","?","?","E","R","M","T","M","M","E","R","?","R","B",null],"character_chosen":"THE_SILENT","items_purchased":["Dead Branch","Apotheosis"],"campfire_rested":0,"item_purchase_floors":[7,20],"current_hp_per_floor":[77,77,77,68,66,66,66,66,66,65,60,57,57,57,57,33,77,73,66,66,50,38,38,38,36,36,36,36,36,36,35,35,35,38,38,38,38,38,33,33,33,31,31,29,29,29,29,29,29,29],"gold":0,"neow_bonus":"TEN_PERCENT_HP_BONUS","is_prod":false,"is_daily":false,"chose_seed":false,"campfire_upgraded":9,"win_rate":0.0,"timestamp":1561944038,"path_taken":["M","?","?","M","M","R","$","R","T","M","E","M","?","M","R","BOSS","M","M","$","?","?","R","?","?","T","R","M","E","?","M","R","BOSS","M","?","M","?","?","E","R","M","T","M","?","E","R","?","R","BOSS"],"build_version":"2019-01-23","purchased_purges":0,"victory":true,"max_hp_per_floor":[77,77,77,77,77,77,77,77,77,77,77,77,77,77,77,77,77,77,77,77,77,38,38,38,38,38,38,38,38,38,38,38,38,38,38,38,38,38,38,38,38,38,38,38,38,38,38,38,38,38],"card_choices":[{"not_picked":["PiercingWail","Underhanded Strike"],"picked":"Distraction","floor":1.0},{"not_picked":["Prepared","Reflex"],"picked":"Noxious Fumes","floor":4.0},{"not_picked":["Deflect","Distraction"],"picked":"Adrenaline","floor":5.0},{"not_picked":["Backflip","Eviscerate"],"picked":"Blade Dance","floor":10.0},{"not_picked":["PiercingWail","Malaise"],"picked":"Infinite Blades","floor":11.0},{"not_picked":["Bane","All Out Attack"],"picked":"Leg Sweep","floor":12.0},{"not_picked":["Deadly Poison","Dagger Throw"],"picked":"Outmaneuver","floor":13.0},{"not_picked":["Quick Slash","Backflip"],"picked":"Bouncing Flask","floor":14.0},{"not_picked":["Corpse Explosion","Phantasmal Killer"],"picked":"Tools of the Trade","floor":16.0},{"not_picked":["Prepared","Deflect"],"picked":"Terror+1","floor":18},{"not_picked":["Underhanded Strike+1","Blur"],"picked":"Choke+1","floor":19},{"not_picked":["Dodge and Roll","Poisoned Stab+1"],"picked":"Prepared","floor":25},{"not_picked":["Reflex","Caltrops"],"picked":"Blur","floor":28},{"not_picked":["Eviscerate","Blade Dance"],"picked":"Unload","floor":29},{"not_picked":["Deadly Poison","Quick Slash","Slice"],"picked":"Crippling Poison","floor":31},{"not_picked":["Night Terror","Venomology","Phantasmal Killer"],"picked":"A Thousand Cuts","floor":33},{"not_picked":["Noxious Fumes","Outmaneuver","Slice"],"picked":"Riddle With Holes+1","floor":35},{"not_picked":["Bane","Skewer+1","Flechettes"],"picked":"All Out Attack+1","floor":36},{"not_picked":["Sucker Punch","Underhanded Strike","Dagger Throw"],"picked":"Prepared+1","floor":37},{"not_picked":["Prepared","Blade Dance","Backflip+1"],"picked":"A Thousand Cuts","floor":40},{"not_picked":["Catalyst","Quick Slash","Poisoned Stab+1"],"picked":"Underhanded Strike+1","floor":42},{"not_picked":["Dagger Spray","Quick Slash+1","Predator"],"picked":"Terror+1","floor":44},{"not_picked":["Quick Slash+1","Leg Sweep+1","Backflip+1"],"picked":"Deflect+1","floor":45},{"not_picked":["Flying Knee","Infinite Blades","Quick Slash"],"picked":"Corpse Explosion+1","floor":46}],"player_experience":62465,"relics_obtained":[{"floor":9.0,"key":"PreservedInsect"},{"floor":11.0,"key":"Bag of Marbles"},{"floor":21,"key":"Necronomicon"},{"floor":26,"key":"War Paint"},{"floor":29,"key":"Letter Opener"},{"floor":36,"key":"Thread and Needle"},{"floor":40,"key":"Blue Candle"},{"floor":43,"key":"Toxic Egg 2"},{"floor":46,"key":"Nunchaku"}],"event_choices":[{"damage_healed":0.0,"max_hp_gain":0.0,"max_hp_loss":0.0,"gold_gain":175.0,"event_name":"Liars Game","player_choice":"AGREE","floor":2.0,"gold_loss":0.0,"damage_taken":0.0,"cards_obtained":["Doubt"]},{"damage_healed":0.0,"max_hp_gain":0.0,"max_hp_loss":0.0,"gold_gain":0.0,"event_name":"Upgrade Shrine","player_choice":"Upgraded","floor":3.0,"gold_loss":0.0,"damage_taken":0.0,"cards_upgraded":["Distraction"]},{"damage_healed":0,"gold_gain":0,"player_choice":"Obtained Book","damage_taken":16,"max_hp_gain":0,"max_hp_loss":0,"event_name":"Cursed Tome","floor":21,"gold_loss":0},{"damage_healed":0,"gold_gain":0,"player_choice":"Became a Ghost","damage_taken":0,"max_hp_gain":0,"max_hp_loss":39,"event_name":"Ghosts","floor":22,"gold_loss":0,"cards_obtained":["Ghostly","Ghostly","Ghostly","Ghostly","Ghostly"]},{"damage_healed":0,"gold_gain":0,"player_choice":"Copied","damage_taken":0,"max_hp_gain":0,"max_hp_loss":0,"event_name":"Duplicator","floor":24,"gold_loss":0,"cards_obtained":["Apotheosis"]},{"damage_healed":0,"gold_gain":0,"player_choice":"Stole Relic","damage_taken":0,"relics_obtained":["Question Card"],"max_hp_gain":0,"max_hp_loss":0,"event_name":"Addict","floor":30,"gold_loss":0,"cards_obtained":["Shame"]},{"damage_healed":0,"gold_gain":0,"player_choice":"Fight","damage_taken":0,"max_hp_gain":0,"max_hp_loss":0,"event_name":"MindBloom","floor":36,"gold_loss":0},{"cards_removed":["Strike_G"],"damage_healed":0,"gold_gain":0,"player_choice":"Removed Attack","damage_taken":0,"max_hp_gain":0,"max_hp_loss":0,"event_name":"Falling","floor":38,"gold_loss":0},{"damage_healed":0,"gold_gain":0,"player_choice":"Embrace Madness","damage_taken":5,"max_hp_gain":0,"max_hp_loss":0,"event_name":"Winding Halls","floor":39,"gold_loss":0,"cards_obtained":["Madness","Madness"]},{"damage_healed":0,"gold_gain":0,"player_choice":"Paid","damage_taken":0,"relics_obtained":["Red Mask"],"max_hp_gain":0,"max_hp_loss":0,"event_name":"Tomb of Lord Red Mask","floor":48,"gold_loss":17}],"is_beta":false,"boss_relics":[{"not_picked":["Runic Dome","Lizard Tail"],"picked":"Ectoplasm"},{"not_picked":["Sozu","Philosopher\u0027s Stone"],"picked":"Coffee Dripper"}],"items_purged_floors":[],"is_endless":false,"potions_floor_spawned":[5,11,12,19,29,31,36,40,44,46],"ascension_level":0}