{"gold_per_floor":[118,48,64,81,93,93,104,104,131,131,131,144,144,160,160,262,262,277,291,201,216,231,231,251,251,307,307,307,307,307,307],"floor_reached":31,"playtime":1482,"items_purged":[],"score":374,"play_id":"e3415780-d3ec-464a-a886-7f8a6c71ceb4","local_time":"20190624123400","is_ascension_mode":true,"campfire_choices":[{"data":"Defragment","floor":6,"key":"SMITH"},{"data":"Go for the Eyes","floor":11,"key":"SMITH"},{"data":"Dualcast","floor":13,"key":"SMITH"},{"floor":15,"key":"RECALL"},{"floor":23,"key":"REST"},{"data":"White Noise","floor":25,"key":"SMITH"},{"data":"Echo Form","floor":27,"key":"SMITH"}],"neow_cost":"NONE","seed_source_timestamp":79470580021900,"circlet_count":0,"master_deck":["AscendersBane","Strike_B","Strike_B","Defend_B","Defend_B","Defend_B+1","Defend_B","Zap+1","Dualcast+1","Cold Snap","Defragment+1","BootSequence","Go for the Eyes+1","Fusion","Core Surge","Echo Form+1","Compile Driver+1","White Noise+1","Recycle+1","Genetic Algorithm"],"relics":["Cracked Core","Omamori","Nuclear Battery","Tiny Chest"],"potions_floor_usage":[16,19,28,28,28],"damage_taken":[{"damage":4,"enemies":"Small Slimes","floor":1,"turns":3},{"damage":0,"enemies":"2 Louse","floor":3,"turns":2},{"damage":1,"enemies":"Cultist","floor":4,"turns":3},{"damage":16,"enemies":"Exordium Wildlife","floor":5,"turns":4},{"damage":0,"enemies":"Red Slaver","floor":7,"turns":3},{"damage":0,"enemies":"2 Fungi Beasts","floor":12,"turns":3},{"damage":3,"enemies":"Exordium Wildlife","floor":14,"turns":3},{"damage":21,"enemies":"The Guardian","floor":16,"turns":13},{"damage":2,"enemies":"Chosen","floor":18,"turns":5},{"damage":9,"enemies":"2 Thieves","floor":19,"turns":4},{"damage":15,"enemies":"Centurion and Healer","floor":21,"turns":6},{"damage":18,"enemies":"Chosen and Byrds","floor":22,"turns":8},{"damage":14,"enemies":"Snake Plant","floor":24,"turns":5},{"damage":13,"enemies":"Slavers","floor":28,"turns":3},{"damage":4,"enemies":"Sentry and Sphere","floor":31,"turns":2}],"seed_played":"806528552999789595","potions_obtained":[{"floor":3,"key":"Swift Potion"},{"floor":4,"key":"EssenceOfSteel"},{"floor":14,"key":"Poison Potion"},{"floor":16,"key":"Fire Potion"},{"floor":18,"key":"Dexterity Potion"},{"floor":24,"key":"SmokeBomb"}],"is_trial":false,"path_per_floor":["M","$","M","M","M","R","M","?","T","?","R","M","R","M","R","B",null,"M","M","?","M","M","R","M","R","T","R","E","T","?","M"],"character_chosen":"DEFECT","items_purchased":["Defragment"],"campfire_rested":1,"item_purchase_floors":[2],"current_hp_per_floor":[64,64,64,63,47,47,47,47,47,47,47,47,47,44,44,23,62,60,51,51,36,18,40,26,26,26,26,13,13,4,0],"gold":307,"neow_bonus":"UPGRADE_CARD","is_prod":false,"is_daily":false,"chose_seed":false,"campfire_upgraded":5,"win_rate":0,"timestamp":1561394040,"path_taken":["M","$","M","M","M","R","M","?","T","?","R","?","R","M","R","BOSS","M","M","?","M","?","R","M","R","T","R","E","?","?","M"],"build_version":"2019-01-23","purchased_purges":0,"victory":false,"max_hp_per_floor":[75,75,75,75,75,75,75,75,75,75,75,75,75,75,75,75,75,75,75,75,75,75,75,75,75,75,75,75,75,75,75],"card_choices":[{"not_picked":["Steam","Barrage"],"picked":"Cold Snap","floor":1},{"not_picked":["Chaos","Compile Driver","Turbo"],"picked":"SKIP","floor":3},{"not_picked":["Compile Driver","Blizzard"],"picked":"BootSequence","floor":4},{"not_picked":["Steam","Cold Snap"],"picked":"Go for the Eyes","floor":5},{"not_picked":["Heatsinks","Skim","Stack"],"picked":"SKIP","floor":7},{"not_picked":["Streamline","Double Energy","Cold Snap"],"picked":"SKIP","floor":12},{"not_picked":["Rebound","Ball Lightning"],"picked":"Core Surge","floor":14},{"not_picked":["Core Surge","All For One"],"picked":"Echo Form","floor":16},{"not_picked":["Cold Snap","Go for the Eyes"],"picked":"Compile Driver+1","floor":18},{"not_picked":["Steam+1","Rebound"],"picked":"White Noise","floor":19},{"not_picked":["Turbo","Sunder"],"picked":"Recycle+1","floor":21},{"not_picked":["Aggregate","Turbo","Hologram"],"picked":"SKIP","floor":22},{"not_picked":["Cold Snap","Rebound"],"picked":"Genetic Algorithm","floor":24}],"player_experience":365591,"relics_obtained":[{"floor":9,"key":"Omamori"},{"floor":26,"key":"Tiny Chest"}],"event_choices":[{"damage_healed":0,"gold_gain":0,"cards_transformed":["Strike_B"],"player_choice":"Change","damage_taken":0,"max_hp_gain":0,"max_hp_loss":0,"event_name":"Living Wall","floor":8,"gold_loss":0,"cards_obtained":["Fusion"]},{"damage_healed":0,"gold_gain":0,"player_choice":"Bought 0 Potions","damage_taken":0,"max_hp_gain":0,"max_hp_loss":0,"event_name":"The Woman in Blue","floor":10,"gold_loss":0},{"cards_removed":["Strike_B"],"damage_healed":0,"gold_gain":0,"player_choice":"Upgrade and Remove","damage_taken":0,"max_hp_gain":0,"max_hp_loss":0,"event_name":"Designer","floor":20,"gold_loss":90,"cards_upgraded":["Defend_B"]},{"damage_healed":0,"gold_gain":0,"player_choice":"Stopped","damage_taken":9,"max_hp_gain":0,"max_hp_loss":0,"event_name":"Cursed Tome","floor":30,"gold_loss":0}],"is_beta":false,"boss_relics":[{"not_picked":["Snecko Eye","Ectoplasm"],"picked":"Nuclear Battery"}],"items_purged_floors":[],"is_endless":false,"potions_floor_spawned":[3,4,14,16,18,24],"killed_by":"Sentry and Sphere","ascension_level":10}