{"gold_per_floor":[115,115,128,143,143,170,226,245,245,245,26,53,68,78,78,78],"floor_reached":16,"playtime":1244,"items_purged":["Defend_G"],"score":112,"play_id":"4d1a9a8e-77af-47b0-af5d-9bd0826bbe7b","local_time":"20190529013414","is_ascension_mode":false,"campfire_choices":[{"floor":10.0,"key":"REST"},{"floor":15,"key":"REST"}],"neow_cost":"NONE","seed_source_timestamp":0,"circlet_count":0,"master_deck":["Defend_G","Defend_G","Defend_G","Strike_G","Strike_G","Strike_G","Strike_G+1","Strike_G","Survivor","Neutralize+1","Deadly Poison","Deadly Poison","Backflip","Bane","Wraith Form v2","Phantasmal Killer","Bouncing Flask","Flying Knee"],"special_seed":0,"relics":["Lizard Tail","Ancient Tea Set","Tiny Chest","Juzu Bracelet","Omamori"],"potions_floor_usage":[],"damage_taken":[{"damage":0.0,"enemies":"2 Louse","floor":1.0,"turns":3.0},{"damage":7.0,"enemies":"Small Slimes","floor":3.0,"turns":4.0},{"damage":1.0,"enemies":"Jaw Worm","floor":4.0,"turns":4.0},{"damage":17.0,"enemies":"Lagavulin","floor":6.0,"turns":7.0},{"damage":4.0,"enemies":"Blue Slaver","floor":8.0,"turns":3.0},{"damage":7.0,"enemies":"Gremlin Nob","floor":12.0,"turns":5.0},{"damage":13.0,"enemies":"Exordium Wildlife","floor":13.0,"turns":4.0},{"damage":13.0,"enemies":"2 Fungi Beasts","floor":14.0,"turns":3.0},{"damage":18,"enemies":"Hexaghost","floor":16,"turns":4}],"seed_played":"9045102753506678166","potions_obtained":[{"floor":1.0,"key":"GhostInAJar"},{"floor":6.0,"key":"Swift Potion"},{"floor":12.0,"key":"GamblersBrew"}],"is_trial":false,"path_per_floor":["M","?","M","M","?","E","T","M","T","R","$","E","M","M","R","B"],"character_chosen":"THE_SILENT","items_purchased":["Wraith Form v2"],"campfire_rested":2,"item_purchase_floors":[11],"current_hp_per_floor":[70,63,56,55,41,24,24,20,20,41,41,34,21,8,29,11],"gold":78,"neow_bonus":"BOSS_RELIC","is_prod":false,"is_daily":false,"chose_seed":false,"campfire_upgraded":0,"win_rate":0.0,"timestamp":1559118854,"path_taken":["M","?","M","M","?","E","?","M","T","R","?","E","M","M","R","BOSS"],"build_version":"2019-01-23","purchased_purges":1,"victory":false,"max_hp_per_floor":[70,70,70,70,70,70,70,70,70,70,70,70,70,70,70,70],"card_choices":[{"not_picked":["Well Laid Plans","Reflex"],"picked":"Deadly Poison","floor":1.0},{"not_picked":["Dodge and Roll","Reflex"],"picked":"Deadly Poison","floor":3.0},{"not_picked":["Slice","Deflect"],"picked":"Backflip","floor":4.0},{"not_picked":["Deflect","Leg Sweep","Finisher"],"picked":"SKIP","floor":6.0},{"not_picked":["Flechettes","Flying Knee"],"picked":"Bane","floor":8.0},{"not_picked":["Sucker Punch","Backflip"],"picked":"Phantasmal Killer","floor":12.0},{"not_picked":["Masterful Stab","Choke"],"picked":"Bouncing Flask","floor":13.0},{"not_picked":["Deflect","Underhanded Strike"],"picked":"Flying Knee","floor":14.0}],"player_experience":13669,"relics_obtained":[{"floor":6.0,"key":"Ancient Tea Set"},{"floor":7.0,"key":"Tiny Chest"},{"floor":9.0,"key":"Juzu Bracelet"},{"floor":12.0,"key":"Omamori"}],"event_choices":[{"cards_removed":["Defend_G"],"damage_healed":0.0,"max_hp_gain":0.0,"max_hp_loss":0.0,"gold_gain":0.0,"event_name":"Golden Wing","player_choice":"Card Removal","floor":2.0,"gold_loss":0.0,"damage_taken":7.0},{"damage_healed":0.0,"max_hp_gain":0.0,"max_hp_loss":0.0,"gold_gain":0.0,"event_name":"Shining Light","player_choice":"Entered Light","floor":5.0,"gold_loss":0.0,"damage_taken":14.0,"cards_upgraded":["Strike_G","Neutralize"]}],"is_beta":false,"boss_relics":[],"items_purged_floors":[11],"is_endless":false,"potions_floor_spawned":[1,6,12,13],"killed_by":"Hexaghost","ascension_level":0}