{"gold_per_floor":[112,174,184,203,203,230,250,6,60,35,46,102,102,113,113,113],"floor_reached":16,"playtime":727,"items_purged":[],"score":151,"play_id":"9fc7e47a-0afa-4f1f-b701-b37a1fbb7609","local_time":"20190304211458","is_ascension_mode":true,"campfire_choices":[{"floor":15,"key":"REST"}],"neow_cost":"NONE","seed_source_timestamp":0,"circlet_count":0,"master_deck":["Strike_R","Strike_R","Strike_R","Strike_R","Strike_R","Defend_R","Defend_R","Defend_R","Defend_R","Bash","Clothesline","Shockwave","Pommel Strike","Cleave","Impatience","Shrug It Off","Disarm","True Grit","Corruption"],"special_seed":0,"relics":["Burning Blood","Pear","Orichalcum","Smiling Mask","Tiny Chest"],"potions_floor_usage":[14,16],"damage_taken":[{"damage":7.0,"enemies":"Small Slimes","floor":1.0,"turns":4.0},{"damage":6.0,"enemies":"2 Louse","floor":3.0,"turns":4.0},{"damage":7.0,"enemies":"Jaw Worm","floor":4.0,"turns":4.0},{"damage":36.0,"enemies":"Lagavulin","floor":6.0,"turns":7.0},{"damage":25.0,"enemies":"Large Slime","floor":7.0,"turns":8.0},{"damage":6.0,"enemies":"Looter","floor":11.0,"turns":4.0},{"damage":13.0,"enemies":"3 Sentries","floor":12.0,"turns":6.0},{"damage":6,"enemies":"Exordium Wildlife","floor":14,"turns":4},{"damage":54,"enemies":"The Guardian","floor":16,"turns":14}],"seed_played":"-4093680085963495423","potions_obtained":[{"floor":1.0,"key":"Weak Potion"},{"floor":4.0,"key":"LiquidBronze"},{"floor":6.0,"key":"Poison Potion"},{"floor":11.0,"key":"Fire Potion"}],"is_trial":false,"path_per_floor":["M","?","M","M","?","E","M","$","T","$","M","E","?","M","R","B"],"character_chosen":"IRONCLAD","items_purchased":["Impatience","Orichalcum","Shrug It Off"],"campfire_rested":1,"item_purchase_floors":[8,8,10],"current_hp_per_floor":[71,71,71,70,70,50,31,31,31,31,31,24,24,24,51,0],"gold":113,"neow_bonus":"THREE_CARDS","is_prod":false,"is_daily":false,"chose_seed":false,"campfire_upgraded":0,"win_rate":0,"timestamp":1551730498,"path_taken":["M","?","M","M","?","E","M","$","T","?","M","E","?","M","R","BOSS"],"build_version":"2019-01-23","purchased_purges":0,"victory":false,"max_hp_per_floor":[80,80,80,80,80,90,90,90,90,90,90,90,90,90,90,90],"card_choices":[{"not_picked":["Sword Boomerang","Anger"],"picked":"Clothesline","floor":0.0},{"not_picked":["Clash","Intimidate"],"picked":"Shockwave","floor":1.0},{"not_picked":["Clothesline","Shockwave","Fire Breathing"],"picked":"SKIP","floor":3.0},{"not_picked":["Sever Soul","Flex","Heavy Blade"],"picked":"SKIP","floor":4.0},{"not_picked":["Perfected Strike","Juggernaut"],"picked":"Pommel Strike","floor":6.0},{"not_picked":["Sentinel","Warcry"],"picked":"Cleave","floor":7.0},{"not_picked":["Metallicize","Entrench"],"picked":"Disarm","floor":11.0},{"not_picked":["Havoc","Sever Soul"],"picked":"True Grit","floor":12.0},{"not_picked":["Clothesline","Pommel Strike"],"picked":"Corruption","floor":14}],"player_experience":205248,"relics_obtained":[{"floor":6.0,"key":"Pear"},{"floor":9.0,"key":"Smiling Mask"},{"floor":12.0,"key":"Tiny Chest"}],"event_choices":[{"damage_healed":0.0,"max_hp_gain":0.0,"max_hp_loss":0.0,"gold_gain":62.0,"event_name":"Golden Wing","player_choice":"Gained Gold","floor":2.0,"gold_loss":0.0,"damage_taken":0.0},{"damage_healed":0.0,"max_hp_gain":0.0,"max_hp_loss":0.0,"gold_gain":0.0,"event_name":"Liars Game","player_choice":"Ignored","floor":5.0,"gold_loss":0.0,"damage_taken":0.0},{"damage_healed":0,"gold_gain":0,"player_choice":"Fled","damage_taken":0,"max_hp_gain":0,"max_hp_loss":0,"event_name":"Scrap Ooze","floor":13,"gold_loss":0}],"is_beta":false,"boss_relics":[],"items_purged_floors":[],"is_endless":false,"potions_floor_spawned":[1,4,6,11],"killed_by":"The Guardian","ascension_level":7}