{"gold_per_floor":[113,113,127,142,142,142,152,152,152,152,170,170,184,195,195,297,297,316,316,316,316,132,132,143,143,143,143,143],"floor_reached":28,"playtime":655,"items_purged":[],"score":315,"play_id":"cdaceef0-13b1-4bb8-9bb8-e7ebe868dc97","local_time":"20190716165454","is_ascension_mode":true,"campfire_choices":[{"floor":6.0,"key":"REST"},{"data":"Zap","floor":8.0,"key":"SMITH"},{"data":"Capacitor","floor":10.0,"key":"SMITH"},{"floor":15.0,"key":"REST"},{"data":"Go for the Eyes","floor":23,"key":"SMITH"}],"neow_cost":"NONE","seed_source_timestamp":0,"circlet_count":0,"master_deck":["AscendersBane","Strike_B+1","Strike_B+1","Strike_B+1","Strike_B+1","Defend_B+1","Defend_B+1","Defend_B+1","Defend_B+1","Zap+1","Dualcast","Dramatic Entrance","Gash","Go for the Eyes+1","Gash+1","Capacitor+1","Loop+1","Rebound+1","Thunder Strike+1","Cold Snap+1","Melter+1","Conserve Battery+1","Doubt"],"special_seed":0,"relics":["Cracked Core","Molten Egg 2","Cursed Key","Art of War","Bottled Tornado"],"potions_floor_usage":[21],"damage_taken":[{"damage":4.0,"enemies":"2 Louse","floor":1.0,"turns":3.0},{"damage":9.0,"enemies":"Jaw Worm","floor":3.0,"turns":3.0},{"damage":0.0,"enemies":"Small Slimes","floor":4.0,"turns":2.0},{"damage":9.0,"enemies":"Exordium Wildlife","floor":7.0,"turns":3.0},{"damage":13.0,"enemies":"Lots of Slimes","floor":11.0,"turns":3.0},{"damage":6.0,"enemies":"Looter","floor":13.0,"turns":3.0},{"damage":3.0,"enemies":"3 Louse","floor":14.0,"turns":2.0},{"damage":50.0,"enemies":"Slime Boss","floor":16.0,"turns":9.0},{"damage":6.0,"enemies":"Spheric Guardian","floor":18.0,"turns":3.0},{"damage":0,"enemies":"Shell Parasite","floor":21,"turns":1},{"damage":40,"enemies":"Snake Plant","floor":24,"turns":5},{"damage":26,"enemies":"Centurion and Healer","floor":28,"turns":4}],"seed_played":"7080394004111096120","potions_obtained":[{"floor":4.0,"key":"AttackPotion"},{"floor":7.0,"key":"SmokeBomb"},{"floor":14.0,"key":"SneckoOil"},{"floor":24,"key":"Ancient Potion"}],"is_trial":false,"path_per_floor":["M","$","M","M","?","R","M","R","T","R","M","?","M","M","R","B",null,"M","?","?","M","$","R","M","?","T","?","M"],"character_chosen":"DEFECT","items_purchased":["Melter+1","Art of War"],"campfire_rested":2,"item_purchase_floors":[22,22],"current_hp_per_floor":[64,64,55,55,40,62,53,53,53,53,40,40,34,31,53,3,57,51,75,61,61,61,61,21,21,21,21,0],"gold":143,"neow_bonus":"RANDOM_COLORLESS","is_prod":false,"is_daily":false,"chose_seed":false,"campfire_upgraded":3,"win_rate":0,"timestamp":1563288894,"path_taken":["M","$","M","M","?","R","M","R","T","R","M","?","M","M","R","BOSS","M","?","?","M","$","R","M","?","T","?","?"],"build_version":"2019-07-05","purchased_purges":0,"victory":false,"max_hp_per_floor":[75,75,75,75,75,75,75,75,75,75,75,75,75,75,75,75,75,75,75,80,80,80,80,80,80,80,80,80],"card_choices":[{"not_picked":["Redo","Hologram"],"picked":"Gash","floor":1.0},{"not_picked":["Reboot","Streamline"],"picked":"Go for the Eyes","floor":3.0},{"not_picked":["Compile Driver","Redo"],"picked":"Gash","floor":4.0},{"not_picked":["Rebound","Compile Driver"],"picked":"Capacitor","floor":7.0},{"not_picked":["Melter+1","Leap"],"picked":"Loop","floor":11.0},{"not_picked":["Sweeping Beam+1","Hello World"],"picked":"Rebound+1","floor":13.0},{"not_picked":["Reinforced Body","Stack","Loop"],"picked":"SKIP","floor":14.0},{"not_picked":["Machine Learning","Hyperbeam+1"],"picked":"Thunder Strike+1","floor":16.0},{"not_picked":["Compile Driver+1","Steam+1"],"picked":"Cold Snap+1","floor":18.0},{"not_picked":["Force Field","Aggregate"],"picked":"Conserve Battery+1","floor":24}],"player_experience":336085,"relics_obtained":[{"floor":9.0,"key":"Molten Egg 2"},{"floor":26,"key":"Bottled Tornado"}],"event_choices":[{"damage_healed":0.0,"max_hp_gain":0.0,"max_hp_loss":0.0,"gold_gain":0.0,"event_name":"Shining Light","player_choice":"Entered Light","floor":5.0,"gold_loss":0.0,"damage_taken":15.0,"cards_upgraded":["Gash","Strike_B"]},{"damage_healed":0.0,"max_hp_gain":0.0,"max_hp_loss":0.0,"gold_gain":0.0,"event_name":"Living Wall","player_choice":"Grow","floor":12.0,"gold_loss":0.0,"damage_taken":0.0,"cards_upgraded":["Loop"]},{"damage_healed":25.0,"max_hp_gain":0.0,"max_hp_loss":0.0,"gold_gain":0.0,"event_name":"The Library","player_choice":"Heal","floor":19.0,"gold_loss":0.0,"damage_taken":0.0},{"damage_healed":0.0,"max_hp_gain":5.0,"max_hp_loss":0.0,"gold_gain":0.0,"event_name":"Forgotten Altar","player_choice":"Shed Blood","floor":20.0,"gold_loss":0.0,"damage_taken":19.0},{"damage_healed":0,"gold_gain":0,"player_choice":"Ignored","damage_taken":0,"max_hp_gain":0,"max_hp_loss":0,"event_name":"Vampires","floor":25,"gold_loss":0},{"damage_healed":0,"gold_gain":0,"player_choice":"Simplicity","damage_taken":0,"max_hp_gain":0,"max_hp_loss":0,"event_name":"Back to Basics","floor":27,"gold_loss":0,"cards_upgraded":["Strike_B","Strike_B","Strike_B","Defend_B","Defend_B","Defend_B","Defend_B"]}],"is_beta":false,"boss_relics":[{"not_picked":["Coffee Dripper","Orrery"],"picked":"Cursed Key"}],"items_purged_floors":[],"is_endless":false,"potions_floor_spawned":[4,7,14,24],"killed_by":"Centurion and Healer","ascension_level":10}