{"gold_per_floor":[218,229,240,10,10,10,40,40],"floor_reached":8,"playtime":1219,"items_purged":[],"score":112,"play_id":"cb02d4c7-7967-4cba-ac57-238c3ffcf92f","local_time":"20190309183930","is_ascension_mode":true,"campfire_choices":[{"data":"Bash","floor":6,"key":"SMITH"}],"neow_cost":"NONE","seed_source_timestamp":1945682802952795,"circlet_count":0,"master_deck":["AscendersBane","Strike_R","Strike_R","Strike_R","Strike_R","Defend_R","Defend_R","Defend_R","Defend_R","Bash+1","Reckless Charge","Twin Strike","Ghostly Armor","True Grit"],"relics":["Burning Blood","Membership Card","Oddly Smooth Stone"],"potions_floor_usage":[8],"damage_taken":[{"damage":11,"enemies":"Small Slimes","floor":1,"turns":5},{"damage":14,"enemies":"Jaw Worm","floor":2,"turns":4},{"damage":1,"enemies":"Cultist","floor":3,"turns":3},{"damage":25,"enemies":"Lagavulin","floor":7,"turns":6},{"damage":49,"enemies":"The Mushroom Lair","floor":8,"turns":4}],"seed_played":"-7261920709439314829","potions_obtained":[{"floor":1,"key":"SmokeBomb"},{"floor":7,"key":"FearPotion"}],"is_trial":false,"path_per_floor":["M","M","M","$","?","R","E","?"],"character_chosen":"IRONCLAD","items_purchased":["Membership Card","True Grit"],"campfire_rested":0,"item_purchase_floors":[4,4],"current_hp_per_floor":[63,55,60,60,53,53,34,0],"gold":40,"neow_bonus":"HUNDRED_GOLD","is_prod":false,"is_daily":false,"chose_seed":false,"campfire_upgraded":1,"win_rate":0,"timestamp":1552124370,"path_taken":["M","M","M","$","?","R","E","?"],"build_version":"2019-01-23","purchased_purges":0,"victory":false,"max_hp_per_floor":[75,75,75,75,75,75,75,75],"card_choices":[{"not_picked":["Sever Soul","Heavy Blade"],"picked":"Reckless Charge","floor":1},{"not_picked":["Flex","Wild Strike"],"picked":"Twin Strike","floor":2},{"not_picked":["Flex","Burning Pact"],"picked":"Ghostly Armor","floor":3},{"not_picked":["Cleave","Ghostly Armor","Burning Pact"],"picked":"SKIP","floor":7}],"player_experience":519922,"relics_obtained":[{"floor":7,"key":"Oddly Smooth Stone"}],"event_choices":[{"cards_removed":["Strike_R"],"damage_healed":0,"gold_gain":0,"player_choice":"Card Removal","damage_taken":7,"max_hp_gain":0,"max_hp_loss":0,"event_name":"Golden Wing","floor":5,"gold_loss":0},{"damage_healed":0,"gold_gain":0,"player_choice":"Fought Mushrooms","damage_taken":0,"max_hp_gain":0,"max_hp_loss":0,"event_name":"Mushrooms","floor":8,"gold_loss":0}],"is_beta":false,"boss_relics":[],"items_purged_floors":[],"is_endless":false,"potions_floor_spawned":[1,7],"killed_by":"The Mushroom Lair","ascension_level":20}