{"gold_per_floor":[114,130,130,100,118,118,144,157,157,157,212,228,228,13,13,110,110,130,130,141,160,8,8,33,33,60,60,78,108,120,142,154,261,273,295,151,151,251,0,34,50,50,50,50,70,102,122,122],"floor_reached":48,"playtime":3517,"items_purged":["Regret","Defend_R"],"score":579,"play_id":"7de093c1-2637-44a4-90b7-06aac2da30e4","local_time":"20190612143133","is_ascension_mode":true,"campfire_choices":[{"floor":6.0,"key":"RECALL"},{"floor":10.0,"key":"REST"},{"floor":15.0,"key":"REST"},{"floor":23.0,"key":"REST"},{"floor":25.0,"key":"REST"},{"floor":27.0,"key":"REST"},{"floor":32.0,"key":"REST"},{"floor":42,"key":"REST"},{"floor":44,"key":"REST"}],"neow_cost":"NONE","seed_source_timestamp":0,"circlet_count":0,"master_deck":["Strike_R","Strike_R","Strike_R","Strike_R+1","Defend_R","Defend_R","Defend_R","Bash","Body Slam+1","Rupture","Wild Strike","Thunderclap+1","Dropkick+1","Body Slam+1","Pommel Strike+1","Brutality","Reaper+1","Perfected Strike+1","Thunderclap+1","Iron Wave+1","Perfected Strike+1","Twin Strike+1","Reaper+1","Evolve+1","Reaper+1","Sword Boomerang+1","Demon Form","Twin Strike+1","Madness","Madness","Armaments+1","Perfected Strike+1","Carnage+1","Rupture+1","Anger+1","Sword Boomerang+1","Pommel Strike+1"],"special_seed":0,"relics":["Philosopher\u0027s Stone","Oddly Smooth Stone","Molten Egg 2","Whetstone","Runic Cube","Centennial Puzzle","Bottled Flame","Bag of Marbles","MawBank","Lizard Tail","Red Skull","StoneCalendar","Red Mask","Boot","Magic Flower","Prayer Wheel"],"potions_floor_usage":[],"damage_taken":[{"damage":0.0,"enemies":"Small Slimes","floor":1.0,"turns":2.0},{"damage":0.0,"enemies":"Cultist","floor":2.0,"turns":2.0},{"damage":7.0,"enemies":"Jaw Worm","floor":5.0,"turns":3.0},{"damage":64.0,"enemies":"3 Sentries","floor":7.0,"turns":15.0},{"damage":8.0,"enemies":"Red Slaver","floor":8.0,"turns":2.0},{"damage":0.0,"enemies":"2 Fungi Beasts","floor":12.0,"turns":1.0},{"damage":24.0,"enemies":"Hexaghost","floor":16.0,"turns":6.0},{"damage":24.0,"enemies":"Spheric Guardian","floor":18.0,"turns":4.0},{"damage":21.0,"enemies":"3 Byrds","floor":20.0,"turns":4.0},{"damage":18.0,"enemies":"Centurion and Healer","floor":21.0,"turns":5.0},{"damage":39.0,"enemies":"Book of Stabbing","floor":24.0,"turns":4.0},{"damage":3.0,"enemies":"Cultist and Chosen","floor":28.0,"turns":4.0},{"damage":8.0,"enemies":"Slavers","floor":29.0,"turns":2.0},{"damage":0.0,"enemies":"Snake Plant","floor":31.0,"turns":2.0},{"damage":79.0,"enemies":"Collector","floor":33.0,"turns":5.0},{"damage":51,"enemies":"3 Darklings","floor":35,"turns":3},{"damage":2,"enemies":"Mind Bloom Boss Battle","floor":38,"turns":5},{"damage":124,"enemies":"Reptomancer","floor":40,"turns":4},{"damage":0,"enemies":"Orb Walker","floor":41,"turns":1},{"damage":17,"enemies":"Sphere and 2 Shapes","floor":45,"turns":3},{"damage":27,"enemies":"Nemesis","floor":46,"turns":5},{"damage":54,"enemies":"Maw","floor":47,"turns":6},{"damage":11,"enemies":"Jaw Worm Horde","floor":48,"turns":1}],"seed_played":"-2766124318847475265","potions_obtained":[{"floor":4.0,"key":"Ancient Potion"},{"floor":4.0,"key":"AttackPotion"},{"floor":7.0,"key":"EssenceOfSteel"},{"floor":8.0,"key":"Weak Potion"},{"floor":16.0,"key":"SpeedPotion"},{"floor":20.0,"key":"LiquidBronze"},{"floor":35,"key":"AttackPotion"}],"is_trial":false,"path_per_floor":["M","M","?","?","M","R","E","M","T","R","T","M","?","$","R","B",null,"M","T","M","M","$","R","E","R","T","R","M","E","?","M","R","B",null,"M","$","?","?","?","E","M","R","T","R","M","E","M","M"],"character_chosen":"IRONCLAD","items_purchased":["Brutality","Perfected Strike+1","Red Skull"],"campfire_rested":8,"item_purchase_floors":[14,22,36],"current_hp_per_floor":[80,80,80,80,73,73,9,1,1,25,25,25,25,25,49,25,80,56,56,47,29,29,53,14,38,38,62,73,65,65,65,80,1,80,68,68,58,61,61,20,20,44,44,68,63,58,9,0],"gold":122,"neow_bonus":"BOSS_RELIC","is_prod":false,"is_daily":false,"chose_seed":false,"campfire_upgraded":0,"win_rate":0,"timestamp":1560375093,"path_taken":["M","M","?","?","M","R","E","?","T","R","?","?","?","$","R","BOSS","M","?","M","M","$","R","E","R","T","R","M","E","?","M","R","BOSS","M","?","?","?","?","E","M","R","T","R","?","E","M","M"],"build_version":"2019-01-23","purchased_purges":2,"victory":false,"max_hp_per_floor":[80,80,80,80,80,80,80,80,80,80,80,80,80,80,80,80,80,80,80,80,80,80,80,80,80,80,80,80,80,80,80,80,80,80,80,80,80,80,80,80,80,80,80,80,80,80,80,80],"card_choices":[{"not_picked":["Sword Boomerang","Feel No Pain"],"picked":"Body Slam","floor":1.0},{"not_picked":["Sword Boomerang","Body Slam"],"picked":"Rupture","floor":2.0},{"not_picked":["Sever Soul","Thunderclap"],"picked":"Wild Strike","floor":5.0},{"not_picked":["Sword Boomerang","Clothesline"],"picked":"Thunderclap","floor":7.0},{"not_picked":["Power Through","Clash+1"],"picked":"Dropkick+1","floor":8.0},{"not_picked":["Corruption","Battle Trance"],"picked":"Body Slam+1","floor":12.0},{"not_picked":["Limit Break","Juggernaut"],"picked":"Reaper+1","floor":16.0},{"not_picked":["Thunderclap+1","Pommel Strike+1"],"picked":"Perfected Strike+1","floor":18.0},{"not_picked":["Pummel+1","Clash+1"],"picked":"Thunderclap+1","floor":20.0},{"not_picked":["Warcry+1","Second Wind"],"picked":"Iron Wave+1","floor":21.0},{"not_picked":["Armaments","True Grit"],"picked":"Twin Strike+1","floor":24.0},{"not_picked":["Hemokinesis+1","Fire Breathing"],"picked":"Reaper+1","floor":28.0},{"not_picked":["Sword Boomerang+1","Headbutt+1"],"picked":"Evolve+1","floor":29.0},{"not_picked":["Clash+1","Headbutt+1"],"picked":"Sword Boomerang+1","floor":31.0},{"not_picked":["Exhume","Dark Embrace"],"picked":"Demon Form","floor":33.0},{"not_picked":["Sword Boomerang+1","True Grit"],"picked":"Twin Strike+1","floor":35},{"not_picked":["Feel No Pain+1","Shrug It Off"],"picked":"Armaments+1","floor":38},{"not_picked":["Second Wind+1","Twin Strike+1"],"picked":"Perfected Strike+1","floor":40},{"not_picked":["Battle Trance+1","Sword Boomerang+1"],"picked":"Carnage+1","floor":41},{"not_picked":["Evolve+1","Sword Boomerang+1"],"picked":"Rupture+1","floor":45},{"not_picked":["Impervious","Disarm+1"],"picked":"Anger+1","floor":46},{"not_picked":["Warcry+1","Burning Pact"],"picked":"Sword Boomerang+1","floor":47},{"not_picked":["Searing Blow+1","Anger+1"],"picked":"Pommel Strike+1","floor":47}],"player_experience":64523,"relics_obtained":[{"floor":7.0,"key":"Molten Egg 2"},{"floor":11.0,"key":"Whetstone"},{"floor":19.0,"key":"Centennial Puzzle"},{"floor":24.0,"key":"Bottled Flame"},{"floor":26.0,"key":"Bag of Marbles"},{"floor":29.0,"key":"MawBank"},{"floor":38,"key":"StoneCalendar"},{"floor":40,"key":"Boot"},{"floor":43,"key":"Magic Flower"},{"floor":46,"key":"Prayer Wheel"}],"event_choices":[{"damage_healed":0.0,"max_hp_gain":0.0,"max_hp_loss":0.0,"gold_gain":0.0,"event_name":"Big Fish","player_choice":"Box","floor":3.0,"gold_loss":0.0,"damage_taken":0.0,"relics_obtained":["Oddly Smooth Stone"],"cards_obtained":["Regret"]},{"damage_healed":0.0,"max_hp_gain":0.0,"max_hp_loss":0.0,"gold_gain":0.0,"event_name":"The Woman in Blue","player_choice":"Bought 2 Potions","floor":4.0,"gold_loss":0.0,"damage_taken":0.0},{"damage_healed":0.0,"max_hp_gain":0.0,"max_hp_loss":0.0,"gold_gain":0.0,"cards_transformed":["Strike_R"],"event_name":"Transmorgrifier","player_choice":"Transformed","floor":13.0,"gold_loss":0.0,"damage_taken":0.0,"cards_obtained":["Pommel Strike"]},{"damage_healed":0.0,"max_hp_gain":0.0,"max_hp_loss":0.0,"gold_gain":0.0,"event_name":"Duplicator","player_choice":"Copied","floor":30.0,"gold_loss":0.0,"damage_taken":0.0,"cards_obtained":["Reaper"]},{"damage_healed":0,"gold_gain":0,"player_choice":"Embrace Madness","damage_taken":10,"max_hp_gain":0,"max_hp_loss":0,"event_name":"Winding Halls","floor":37,"gold_loss":0,"cards_obtained":["Madness","Madness"]},{"damage_healed":0,"gold_gain":0,"player_choice":"Fight","damage_taken":0,"max_hp_gain":0,"max_hp_loss":0,"event_name":"MindBloom","floor":38,"gold_loss":0},{"damage_healed":0,"gold_gain":0,"player_choice":"Paid","damage_taken":0,"relics_obtained":["Red Mask"],"max_hp_gain":0,"max_hp_loss":0,"event_name":"Tomb of Lord Red Mask","floor":39,"gold_loss":251}],"is_beta":false,"boss_relics":[{"not_picked":["Pandora\u0027s Box","White Beast Statue"],"picked":"Runic Cube"},{"not_picked":["Eternal Feather","Runic Pyramid"],"picked":"Lizard Tail"}],"items_purged_floors":[14,22],"is_endless":false,"potions_floor_spawned":[7,8,12,16,20,21,35,46],"killed_by":"Jaw Worm Horde","ascension_level":1}