{"gold_per_floor":[109,120,137,62,82,82,82,99,99,99,118,27,42,70,70,171,171,184,197,16,30,30,59,59,74,100,23,23,23,23,38,38,38],"floor_reached":33,"playtime":1984,"items_purged":["Strike_G","Strike_G"],"score":321,"play_id":"9c960ce2-95a8-40e3-a34e-159940b0d0a5","local_time":"20190717170347","is_ascension_mode":true,"campfire_choices":[{"data":"Dagger Spray","floor":6,"key":"SMITH"},{"floor":10,"key":"REST"},{"data":"Predator","floor":15,"key":"SMITH"},{"floor":24,"key":"REST"},{"floor":32,"key":"REST"}],"neow_cost":"PERCENT_DAMAGE","seed_source_timestamp":87482527501201,"circlet_count":0,"master_deck":["Strike_G","Strike_G","Defend_G","Defend_G","Defend_G","Defend_G","Defend_G","Survivor","Neutralize","Sucker Punch","Sucker Punch","Dagger Spray+1","Quick Slash","Backstab","Dash","Backflip","Predator+1","A Thousand Cuts","Blade Dance+1","Infinite Blades","Noxious Fumes+1","Well Laid Plans","Backflip"],"relics":["Ring of the Snake","Pear","Letter Opener","WristBlade","Lantern","Boot","Potion Belt","MutagenicStrength"],"potions_floor_usage":[14,21,21,23,25,33,33],"damage_taken":[{"damage":0,"enemies":"Jaw Worm","floor":1,"turns":7},{"damage":0,"enemies":"Cultist","floor":2,"turns":4},{"damage":0,"enemies":"2 Louse","floor":3,"turns":3},{"damage":7,"enemies":"Large Slime","floor":5,"turns":9},{"damage":1,"enemies":"Blue Slaver","floor":8,"turns":5},{"damage":2,"enemies":"2 Fungi Beasts","floor":11,"turns":2},{"damage":2,"enemies":"Exordium Thugs","floor":13,"turns":5},{"damage":12,"enemies":"3 Sentries","floor":14,"turns":6},{"damage":52,"enemies":"The Guardian","floor":16,"turns":13},{"damage":6,"enemies":"Chosen","floor":18,"turns":4},{"damage":18,"enemies":"Spheric Guardian","floor":19,"turns":4},{"damage":10,"enemies":"Snecko","floor":21,"turns":3},{"damage":49,"enemies":"Gremlin Leader","floor":23,"turns":6},{"damage":18,"enemies":"Centurion and Healer","floor":25,"turns":5},{"damage":22,"enemies":"Snake Plant","floor":31,"turns":4},{"damage":14,"enemies":"Collector","floor":33,"turns":3}],"seed_played":"233303447456576158","potions_obtained":[{"floor":5,"key":"Poison Potion"},{"floor":8,"key":"Fire Potion"},{"floor":11,"key":"Block Potion"},{"floor":16,"key":"SpeedPotion"},{"floor":21,"key":"Regen Potion"},{"floor":23,"key":"AttackPotion"},{"floor":25,"key":"FearPotion"},{"floor":31,"key":"GamblersBrew"}],"is_trial":false,"path_per_floor":["M","M","M","$","M","R","?","M","T","R","M","$","M","E","R","B",null,"M","M","$","M","T","E","R","M","T","$","?","?","$","M","R","B"],"character_chosen":"THE_SILENT","items_purchased":["Dash","Backflip","Infinite Blades","Well Laid Plans"],"campfire_rested":3,"item_purchase_floors":[12,12,20,27],"current_hp_per_floor":[63,63,63,63,56,56,56,55,65,93,91,91,89,77,77,25,94,88,70,70,60,60,23,51,33,33,33,33,33,33,11,39,25],"gold":38,"neow_bonus":"TWENTY_PERCENT_HP_BONUS","is_prod":false,"is_daily":false,"chose_seed":false,"campfire_upgraded":2,"win_rate":0,"timestamp":1563401027,"path_taken":["M","M","M","$","M","R","?","M","T","R","M","$","M","E","R","BOSS","M","M","$","M","?","E","R","M","T","$","?","?","?","M","R","BOSS"],"build_version":"2019-07-05","purchased_purges":2,"victory":false,"max_hp_per_floor":[84,84,84,84,84,84,84,84,94,94,94,94,94,94,94,94,94,94,94,94,94,94,94,94,94,94,94,94,94,94,94,94,94],"card_choices":[{"not_picked":["Dagger Throw","Tactician"],"picked":"Sucker Punch","floor":1},{"not_picked":["Tactician","PiercingWail","Distraction"],"picked":"SKIP","floor":2},{"not_picked":["Endless Agony","PiercingWail"],"picked":"Sucker Punch","floor":3},{"not_picked":["Caltrops","Dash"],"picked":"Dagger Spray","floor":5},{"not_picked":["Flying Knee","Underhanded Strike"],"picked":"Quick Slash","floor":8},{"not_picked":["Prepared","Tactician"],"picked":"Backstab","floor":11},{"not_picked":["Prepared","Dodge and Roll"],"picked":"Predator","floor":13},{"not_picked":["Bane","Dagger Throw","Slice"],"picked":"SKIP","floor":14},{"not_picked":["After Image","Bullet Time"],"picked":"A Thousand Cuts","floor":16},{"not_picked":["Flying Knee","Deadly Poison","Calculated Gamble+1"],"picked":"SKIP","floor":18},{"not_picked":["Deadly Poison","Slice"],"picked":"Blade Dance+1","floor":19},{"not_picked":["PiercingWail","Quick Slash","Dagger Throw"],"picked":"SKIP","floor":21},{"not_picked":["Dagger Spray","Burst"],"picked":"Noxious Fumes+1","floor":23},{"not_picked":["Dagger Throw","Sucker Punch","Dodge and Roll"],"picked":"SKIP","floor":25},{"not_picked":["Slice","Dagger Throw+1"],"picked":"Backflip","floor":31}],"player_experience":125275,"relics_obtained":[{"floor":9,"key":"Pear"},{"floor":14,"key":"Letter Opener"},{"floor":22,"key":"Lantern"},{"floor":23,"key":"Boot"},{"floor":26,"key":"Potion Belt"}],"event_choices":[{"cards_removed":["Strike_G"],"damage_healed":0,"gold_gain":0,"player_choice":"Purged","damage_taken":0,"max_hp_gain":0,"max_hp_loss":0,"event_name":"Purifier","floor":7,"gold_loss":0},{"damage_healed":0,"gold_gain":0,"player_choice":"Inject Mutagens","damage_taken":0,"relics_obtained":["MutagenicStrength"],"max_hp_gain":0,"max_hp_loss":0,"event_name":"Drug Dealer","floor":28,"gold_loss":0},{"damage_healed":0,"gold_gain":0,"player_choice":"Ignored","damage_taken":0,"max_hp_gain":0,"max_hp_loss":0,"event_name":"Cursed Tome","floor":29,"gold_loss":0}],"is_beta":false,"boss_relics":[{"not_picked":["Empty Cage","Coffee Dripper"],"picked":"WristBlade"}],"items_purged_floors":[4,20],"is_endless":false,"potions_floor_spawned":[5,8,11,13,16,21,23,25,31],"killed_by":"Collector","ascension_level":2}