{"gold_per_floor":[119,167,167,182,30,58,58,83,106,123,141,41,41,57,57,156,156,166,166,185,32,32,32,32,48,48,65,80,80,12,22,22,123,123,136,0,0,0,0],"floor_reached":39,"playtime":1786,"items_purged":["Strike_G","Strike_G"],"score":480,"play_id":"30e2e7c6-d674-42a0-aa2a-3368fc516123","local_time":"20190717214217","is_ascension_mode":true,"campfire_choices":[{"floor":7,"key":"REST"},{"floor":13,"key":"REST"},{"data":"Noxious Fumes","floor":15,"key":"SMITH"},{"floor":23,"key":"REST"},{"data":"Bite","floor":29,"key":"SMITH"},{"data":"Bite","floor":32,"key":"SMITH"}],"neow_cost":"NONE","seed_source_timestamp":104397006010851,"circlet_count":0,"master_deck":["Defend_G","Defend_G","Defend_G","Defend_G","Defend_G","Survivor","Neutralize","Blur","Quick Slash","Noxious Fumes+1","Concentrate","Corpse Explosion","Quick Slash","Cloak And Dagger","Dagger Spray","Die Die Die","Crippling Poison+1","Bite+1","Bite","Bite+1","Bite","Bite+1","PiercingWail","Blur+1","Flying Knee","Dash","Noxious Fumes","Burst","Dodge and Roll+1"],"relics":["Ring of the Snake","NeowsBlessing","Regal Pillow","StoneCalendar","FossilizedHelix","Ancient Tea Set","Lantern","Runic Pyramid","WingedGreaves","Lizard Tail","Red Mask","Molten Egg 2"],"potions_floor_usage":[8,8,16,20,20,31,39,39],"damage_taken":[{"damage":0,"enemies":"Cultist","floor":1,"turns":1},{"damage":0,"enemies":"Jaw Worm","floor":4,"turns":1},{"damage":0,"enemies":"Lagavulin","floor":6,"turns":2},{"damage":25,"enemies":"Gremlin Nob","floor":8,"turns":6},{"damage":0,"enemies":"Small Slimes","floor":10,"turns":4},{"damage":19,"enemies":"Exordium Thugs","floor":11,"turns":4},{"damage":12,"enemies":"Large Slime","floor":14,"turns":6},{"damage":18,"enemies":"The Guardian","floor":16,"turns":10},{"damage":0,"enemies":"3 Byrds","floor":18,"turns":2},{"damage":38,"enemies":"Spheric Guardian","floor":20,"turns":6},{"damage":3,"enemies":"Shelled Parasite and Fungi","floor":25,"turns":5},{"damage":0,"enemies":"Cultist and Chosen","floor":27,"turns":3},{"damage":17,"enemies":"Centurion and Healer","floor":28,"turns":6},{"damage":0,"enemies":"Snake Plant","floor":31,"turns":3},{"damage":24,"enemies":"Collector","floor":33,"turns":7},{"damage":0,"enemies":"3 Shapes","floor":35,"turns":2},{"damage":103,"enemies":"Awakened One","floor":39,"turns":13}],"seed_played":"1697757007830807637","potions_obtained":[{"floor":1,"key":"Regen Potion"},{"floor":4,"key":"SteroidPotion"},{"floor":14,"key":"Weak Potion"},{"floor":16,"key":"GamblersBrew"},{"floor":18,"key":"GamblersBrew"},{"floor":27,"key":"GhostInAJar"}],"is_trial":false,"path_per_floor":["M","T","?","M","$","E","R","E","T","M","M","$","R","M","R","B",null,"M","?","M","$","$","R","?","M","T","M","M","R","$","M","R","B",null,"M","?","T","?","B"],"character_chosen":"THE_SILENT","items_purchased":["Noxious Fumes","PiercingWail","Block Potion","AttackPotion","Noxious Fumes"],"campfire_rested":3,"item_purchase_floors":[5,21,21,21,30],"current_hp_per_floor":[70,70,45,45,45,45,70,54,54,54,35,35,70,58,58,40,70,70,49,21,21,21,49,49,49,49,49,43,43,43,49,49,31,49,49,49,49,49,0],"gold":0,"neow_bonus":"THREE_ENEMY_KILL","is_prod":false,"is_daily":false,"chose_seed":false,"campfire_upgraded":3,"win_rate":0,"timestamp":1563417737,"path_taken":["M","?","?","M","$","E","R","E","T","M","M","$","R","M","R","BOSS","M","?","M","?","$","R","?","M","T","M","M","R","$","?","R","BOSS","M","?","?","?","BOSS"],"build_version":"2019-07-05","purchased_purges":2,"victory":false,"max_hp_per_floor":[70,70,70,70,70,70,70,70,70,70,70,70,70,70,70,70,70,70,49,49,49,49,49,49,49,49,49,49,49,49,49,49,49,49,49,49,49,49,49],"card_choices":[{"not_picked":["Accuracy","Blade Dance"],"picked":"Blur","floor":1},{"not_picked":["Cloak And Dagger","Sucker Punch"],"picked":"Quick Slash","floor":4},{"not_picked":["Underhanded Strike","Backflip"],"picked":"Concentrate","floor":6},{"not_picked":["Poisoned Stab","Slice"],"picked":"Corpse Explosion","floor":8},{"not_picked":["Slice","Bane"],"picked":"Quick Slash","floor":10},{"not_picked":["Eviscerate","Poisoned Stab"],"picked":"Cloak And Dagger","floor":11},{"not_picked":["PiercingWail","Deadly Poison"],"picked":"Dagger Spray","floor":14},{"not_picked":["Unload","Malaise"],"picked":"Die Die Die","floor":16},{"not_picked":["Predator","Reflex"],"picked":"Crippling Poison+1","floor":18},{"not_picked":["Dagger Throw","Deadly Poison","Underhanded Strike+1"],"picked":"SKIP","floor":20},{"not_picked":["Flying Knee","Dagger Spray"],"picked":"Blur+1","floor":25},{"not_picked":["Prepared","Predator"],"picked":"Flying Knee","floor":27},{"not_picked":["Acrobatics","Quick Slash"],"picked":"Dash","floor":28},{"not_picked":["Cloak And Dagger","Underhanded Strike","Acrobatics+1"],"picked":"SKIP","floor":31},{"not_picked":["Grand Finale","Storm of Steel"],"picked":"Burst","floor":33},{"not_picked":["PiercingWail+1","Blade Dance"],"picked":"Dodge and Roll+1","floor":35}],"player_experience":137171,"relics_obtained":[{"floor":2,"key":"Regal Pillow"},{"floor":6,"key":"FossilizedHelix"},{"floor":8,"key":"Ancient Tea Set"},{"floor":9,"key":"Lantern"},{"floor":26,"key":"WingedGreaves"},{"floor":37,"key":"Molten Egg 2"}],"event_choices":[{"damage_healed":0,"gold_gain":0,"player_choice":"Success","damage_taken":25,"relics_obtained":["StoneCalendar"],"max_hp_gain":0,"max_hp_loss":0,"event_name":"Scrap Ooze","floor":3,"gold_loss":0},{"damage_healed":0,"gold_gain":0,"player_choice":"Became a vampire","damage_taken":0,"max_hp_gain":0,"max_hp_loss":21,"event_name":"Vampires","floor":19,"gold_loss":0,"cards_obtained":["Bite","Bite","Bite","Bite","Bite"]},{"damage_healed":0,"gold_gain":0,"player_choice":"Upgraded","damage_taken":0,"max_hp_gain":0,"max_hp_loss":0,"event_name":"Upgrade Shrine","floor":24,"gold_loss":0,"cards_upgraded":["Bite"]},{"damage_healed":0,"gold_gain":0,"player_choice":"Paid","damage_taken":0,"relics_obtained":["Red Mask"],"max_hp_gain":0,"max_hp_loss":0,"event_name":"Tomb of Lord Red Mask","floor":36,"gold_loss":136},{"damage_healed":0,"gold_gain":0,"player_choice":"Took Portal","damage_taken":0,"max_hp_gain":0,"max_hp_loss":0,"event_name":"SecretPortal","floor":38,"gold_loss":0}],"is_beta":false,"boss_relics":[{"not_picked":["Runic Dome","WristBlade"],"picked":"Runic Pyramid"},{"not_picked":["Empty Cage","Calling Bell"],"picked":"Lizard Tail"}],"items_purged_floors":[5,12],"is_endless":false,"potions_floor_spawned":[1,4,14,16,18,27,28],"killed_by":"Awakened One","ascension_level":2}