{"gold_per_floor":[116,116,128,145,145,145,179,179,179,179,54,89,106,106,106,106],"floor_reached":16,"playtime":639,"items_purged":["Strike_R"],"score":189,"play_id":"a844905a-d79e-4706-bf43-2daffa434abd","local_time":"20190214153125","is_ascension_mode":true,"campfire_choices":[{"data":"Searing Blow","floor":6,"key":"SMITH"},{"data":"Searing Blow+1","floor":10,"key":"SMITH"},{"data":"Uppercut","floor":15,"key":"SMITH"}],"neow_cost":"NONE","seed_source_timestamp":2088027561777408,"circlet_count":0,"master_deck":["AscendersBane","Strike_R","Strike_R","Strike_R","Defend_R","Defend_R","Defend_R","Defend_R","Bash","Searing Blow+2","True Grit","Uppercut+1"],"relics":["Burning Blood","Strawberry","Omamori","Self Forming Clay","Question Card"],"potions_floor_usage":[12,12],"damage_taken":[{"damage":9,"enemies":"2 Louse","floor":1,"turns":4},{"damage":0,"enemies":"Cultist","floor":3,"turns":3},{"damage":4,"enemies":"Jaw Worm","floor":4,"turns":4},{"damage":46,"enemies":"3 Sentries","floor":7,"turns":10},{"damage":20,"enemies":"Lagavulin","floor":12,"turns":7},{"damage":15,"enemies":"Exordium Thugs","floor":13,"turns":6},{"damage":29,"enemies":"Slime Boss","floor":16,"turns":6}],"seed_played":"-1859228530882623627","potions_obtained":[{"floor":1,"key":"Regen Potion"},{"floor":7,"key":"SteroidPotion"},{"floor":12,"key":"SteroidPotion"}],"is_trial":false,"path_per_floor":["M","?","M","M","?","R","E","$","T","R","$","E","M","$","R","B"],"character_chosen":"IRONCLAD","items_purchased":["Weak Potion"],"campfire_rested":0,"item_purchase_floors":[11],"current_hp_per_floor":[65,72,78,80,80,80,40,40,40,40,40,26,17,17,17,0],"gold":106,"neow_bonus":"TRANSFORM_CARD","is_prod":false,"is_daily":false,"chose_seed":false,"campfire_upgraded":3,"win_rate":0,"timestamp":1550125885,"path_taken":["M","?","?","M","?","R","E","$","T","R","?","E","M","$","R","BOSS"],"build_version":"2019-01-23","purchased_purges":1,"victory":false,"max_hp_per_floor":[75,82,82,82,82,82,82,82,82,82,82,82,82,82,82,82],"card_choices":[{"not_picked":["Seeing Red","Heavy Blade"],"picked":"True Grit","floor":1},{"not_picked":["Flex","Perfected Strike"],"picked":"Uppercut","floor":3},{"not_picked":["Dropkick","Heavy Blade","Intimidate"],"picked":"SKIP","floor":4},{"not_picked":["Second Wind","Havoc","Iron Wave"],"picked":"SKIP","floor":7},{"not_picked":["Disarm","Iron Wave","Body Slam"],"picked":"SKIP","floor":12},{"not_picked":["Thunderclap","Sword Boomerang","Entrench","Second Wind"],"picked":"SKIP","floor":13}],"player_experience":478817,"relics_obtained":[{"floor":7,"key":"Omamori"},{"floor":9,"key":"Self Forming Clay"},{"floor":12,"key":"Question Card"}],"event_choices":[{"damage_healed":0,"gold_gain":0,"player_choice":"Gave Potion","damage_taken":0,"relics_obtained":["Strawberry"],"max_hp_gain":0,"max_hp_loss":0,"event_name":"WeMeetAgain","floor":2,"gold_loss":0},{"damage_healed":0,"gold_gain":0,"player_choice":"Leave","damage_taken":0,"max_hp_gain":0,"max_hp_loss":0,"event_name":"The Cleric","floor":5,"gold_loss":0}],"is_beta":false,"boss_relics":[],"items_purged_floors":[11],"is_endless":false,"potions_floor_spawned":[1,7,12],"killed_by":"Slime Boss","ascension_level":15}