{"gold_per_floor":[117,136,152,28,45,45,60,90,90,90,107,107,207,38,38,134,134,151,3,3,18,30,30,30],"floor_reached":24,"playtime":1924,"items_purged":["Defend_R","Defend_R","Defend_R"],"score":198,"play_id":"6b4e5f62-5f9e-4dff-a7af-c48f8dc8d455","local_time":"20190527152153","is_ascension_mode":false,"campfire_choices":[{"data":"Seeing Red","floor":6,"key":"SMITH"},{"data":"Bloodletting","floor":10,"key":"SMITH"},{"floor":15,"key":"REST"},{"floor":23,"key":"REST"}],"neow_cost":"","seed_source_timestamp":826938932288816,"circlet_count":0,"master_deck":["Strike_R","Strike_R","Strike_R","Strike_R","Strike_R","Defend_R","Bash","Perfected Strike","Cleave","Seeing Red+1","Pommel Strike","Clash","Flex","Bloodletting+1","Twin Strike","Flex","Sword Boomerang","Reaper","Pommel Strike","Flex","Shame","Cleave+1","Rampage+1"],"relics":["Burning Blood","StoneCalendar","Sundial","White Beast Statue","Molten Egg 2"],"potions_floor_usage":[],"damage_taken":[{"damage":15,"enemies":"Jaw Worm","floor":1,"turns":6},{"damage":3,"enemies":"Small Slimes","floor":2,"turns":3},{"damage":1,"enemies":"Cultist","floor":3,"turns":3},{"damage":9,"enemies":"2 Fungi Beasts","floor":5,"turns":3},{"damage":0,"enemies":"Blue Slaver","floor":7,"turns":1},{"damage":26,"enemies":"Lagavulin","floor":8,"turns":4},{"damage":15,"enemies":"Exordium Thugs","floor":11,"turns":2},{"damage":74,"enemies":"The Guardian","floor":16,"turns":7},{"damage":8,"enemies":"Spheric Guardian","floor":18,"turns":3},{"damage":40,"enemies":"Shell Parasite","floor":21,"turns":4},{"damage":37,"enemies":"Snecko","floor":22,"turns":5},{"damage":67,"enemies":"Slavers","floor":24,"turns":4}],"seed_played":"-8245421592421207616","potions_obtained":[{"floor":3,"key":"Strength Potion"},{"floor":5,"key":"Strength Potion"},{"floor":11,"key":"SkillPotion"},{"floor":18,"key":"EssenceOfSteel"},{"floor":21,"key":"FearPotion"},{"floor":22,"key":"SpeedPotion"}],"is_trial":false,"path_per_floor":["M","M","M","$","M","R","M","E","T","R","M","?","?","$","R","B",null,"M","$","?","M","M","R","E"],"character_chosen":"IRONCLAD","items_purchased":["Pommel Strike","Flex","Sword Boomerang","Flex"],"campfire_rested":2,"item_purchase_floors":[4,14,14,19],"current_hp_per_floor":[71,74,79,79,76,76,80,60,60,60,51,51,51,51,75,7,80,78,78,78,52,25,49,0],"gold":30,"neow_bonus":"","is_prod":false,"is_daily":false,"chose_seed":false,"campfire_upgraded":2,"win_rate":0.0,"timestamp":1558995713,"path_taken":["M","M","M","$","M","R","M","E","T","R","M","?","?","$","R","BOSS","M","$","?","M","M","R","E"],"build_version":"2019-01-23","purchased_purges":3,"victory":false,"max_hp_per_floor":[80,80,80,80,80,80,80,80,80,80,80,80,80,80,80,80,80,80,80,80,80,80,80,80],"card_choices":[{"not_picked":["Pommel Strike","Dropkick"],"picked":"Perfected Strike","floor":1},{"not_picked":["Iron Wave","Body Slam"],"picked":"Cleave","floor":2},{"not_picked":["Rampage","Headbutt"],"picked":"Seeing Red","floor":3},{"not_picked":["Rampage","Burning Pact"],"picked":"Clash","floor":5},{"not_picked":["Rampage","Uppercut"],"picked":"Flex","floor":7},{"not_picked":["Sever Soul","Warcry"],"picked":"Bloodletting","floor":8},{"not_picked":["True Grit","Dual Wield"],"picked":"Twin Strike","floor":11},{"not_picked":["Dark Embrace","Barricade"],"picked":"Reaper","floor":16},{"not_picked":["True Grit","Searing Blow"],"picked":"Pommel Strike","floor":18},{"not_picked":["Twin Strike+1","Iron Wave+1"],"picked":"Cleave+1","floor":21},{"not_picked":["Metallicize+1","Thunderclap+1"],"picked":"Rampage+1","floor":22}],"player_experience":0,"relics_obtained":[{"floor":8,"key":"StoneCalendar"},{"floor":9,"key":"Sundial"}],"event_choices":[{"damage_healed":0,"gold_gain":0,"player_choice":"Ignored","damage_taken":0,"max_hp_gain":0,"max_hp_loss":0,"event_name":"Liars Game","floor":12,"gold_loss":0},{"damage_healed":0,"gold_gain":100,"player_choice":"Pray","damage_taken":0,"max_hp_gain":0,"max_hp_loss":0,"event_name":"Golden Shrine","floor":13,"gold_loss":0},{"damage_healed":0,"gold_gain":0,"player_choice":"Stole Relic","damage_taken":0,"relics_obtained":["Molten Egg 2"],"max_hp_gain":0,"max_hp_loss":0,"event_name":"Addict","floor":20,"gold_loss":0,"cards_obtained":["Shame"]}],"is_beta":false,"boss_relics":[{"not_picked":["Coffee Dripper","Calling Bell"],"picked":"White Beast Statue"}],"items_purged_floors":[4,14,19],"is_endless":false,"potions_floor_spawned":[3,5,11,18,21,22],"killed_by":"Slavers","ascension_level":0}