{"gold_per_floor":[117,192,203,203,128,128,154,154,178,188,207,218,218,218,218,321,321,339,357,257,257],"floor_reached":21,"playtime":1110,"items_purged":["Strike_R","Strike_R"],"score":179,"play_id":"859662fc-fb01-43c0-8f7b-09fb1b3c4fe7","local_time":"20180713225258","is_ascension_mode":false,"campfire_choices":[{"data":"Defend_R","floor":6,"key":"SMITH"},{"data":"Warcry","floor":8,"key":"SMITH"},{"data":"Headbutt","floor":13,"key":"SMITH"},{"floor":15,"key":"REST"}],"neow_cost":"NONE","seed_source_timestamp":47840607076029,"circlet_count":0,"master_deck":["Strike_R","Strike_R","Defend_R+1","Defend_R","Defend_R","Defend_R+1","Bash+1","Warcry+1","Headbutt+1","Offering","Whirlwind"],"relics":["Black Blood","Shuriken","Juzu Bracelet"],"potions_floor_usage":[11],"damage_taken":[{"damage":7,"enemies":"2 Louse","floor":1,"turns":2},{"damage":6,"enemies":"Jaw Worm","floor":3,"turns":5},{"damage":26,"enemies":"Gremlin Nob","floor":7,"turns":5},{"damage":1,"enemies":"Cultist","floor":10,"turns":3},{"damage":10,"enemies":"Exordium Thugs","floor":11,"turns":5},{"damage":6,"enemies":"2 Fungi Beasts","floor":12,"turns":5},{"damage":59,"enemies":"The Guardian","floor":16,"turns":14},{"damage":62,"enemies":"Spheric Guardian","floor":18,"turns":8},{"damage":6,"enemies":"Chosen","floor":19,"turns":4},{"damage":33,"enemies":"Centurion and Healer","floor":21,"turns":3}],"seed_played":"5082989643988031458","potions_obtained":[{"floor":1,"key":"GamblersBrew"},{"floor":10,"key":"Block Potion"},{"floor":19,"key":"LiquidBronze"}],"is_trial":false,"path_per_floor":["M","?","M","?","$","R","E","R","T","M","M","M","R","?","R","B",null,"M","M","$"],"character_chosen":"IRONCLAD","items_purchased":[],"campfire_rested":1,"item_purchase_floors":[],"current_hp_per_floor":[79,68,68,68,68,68,48,48,48,53,49,49,49,42,66,13,80,28,32,32,0],"gold":257,"neow_bonus":"UPGRADE_CARD","is_prod":false,"is_daily":false,"chose_seed":false,"campfire_upgraded":3,"win_rate":0,"timestamp":1531515178,"path_taken":["M","?","M","?","$","R","E","R","T","M","M","M","R","?","R","BOSS","M","M","$","M"],"build_version":"2018-07-05","purchased_purges":2,"victory":false,"max_hp_per_floor":[80,80,80,80,80,80,80,80,80,80,80,80,80,80,80,80,80,80,80,80,80],"card_choices":[{"not_picked":["Intimidate","Clash","Spot Weakness"],"picked":"SKIP","floor":1},{"not_picked":["Sword Boomerang","Corruption","Inflame"],"picked":"SKIP","floor":3},{"not_picked":["Evolve","Cleave"],"picked":"Warcry","floor":7},{"not_picked":["Thunderclap","Clash","Perfected Strike"],"picked":"SKIP","floor":10},{"not_picked":["Warcry","Dark Embrace","Havoc"],"picked":"SKIP","floor":11},{"not_picked":["Dropkick","Thunderclap"],"picked":"Headbutt","floor":12},{"not_picked":["Exhume","Immolate"],"picked":"Offering","floor":16},{"not_picked":["Pummel","Heavy Blade"],"picked":"Whirlwind","floor":18},{"not_picked":["Rupture","Clothesline","Hemokinesis"],"picked":"SKIP","floor":19}],"player_experience":311675,"relics_obtained":[{"floor":7,"key":"Shuriken"},{"floor":9,"key":"Juzu Bracelet"}],"event_choices":[{"event_name":"World of Goop","player_choice":"Gather Gold","floor":2,"damage_taken":0},{"event_name":"Upgrade Shrine","player_choice":"Upgraded","floor":4,"damage_taken":0},{"event_name":"Golden Wing","player_choice":"Card Removal","floor":14,"damage_taken":0}],"boss_relics":[{"not_picked":["Snecko Eye","Busted Crown"],"picked":"Black Blood"}],"items_purged_floors":[5,20],"is_endless":false,"potions_floor_spawned":[1,10,19],"killed_by":"Centurion and Healer","ascension_level":0}