{"gold_per_floor":[116,116,41,56,73,73,107,107,131,131,131,149,178,153,153,256,256,267,167,180,200,220,220],"floor_reached":23,"playtime":2225,"items_purged":["Pain","Strike_B"],"score":305,"play_id":"1adb70a5-a51b-4ed1-b306-a14f2824bc4d","local_time":"20190711111710","is_ascension_mode":true,"campfire_choices":[{"data":"Machine Learning","floor":6,"key":"SMITH"},{"floor":8,"key":"RECALL"},{"floor":10,"key":"REST"},{"floor":15,"key":"REST"}],"neow_cost":"NONE","seed_source_timestamp":3525887820500,"circlet_count":0,"master_deck":["AscendersBane","Strike_B","Strike_B","Defend_B","Defend_B","Defend_B","Defend_B","Zap","Dualcast","Machine Learning+1","Ball Lightning","Undo","Heatsinks","Reinforced Body","Cold Snap","Cold Snap","All For One","Loop+1","Go for the Eyes+1","Coolheaded+1"],"relics":["Cracked Core","WarpedTongs","Boot","Omamori","Anchor","Nuclear Battery"],"potions_floor_usage":[14,16,23,23],"damage_taken":[{"damage":10,"enemies":"2 Louse","floor":1,"turns":3},{"damage":1,"enemies":"Cultist","floor":4,"turns":3},{"damage":8,"enemies":"Small Slimes","floor":5,"turns":4},{"damage":14,"enemies":"Lagavulin","floor":7,"turns":8},{"damage":2,"enemies":"2 Fungi Beasts","floor":12,"turns":4},{"damage":42,"enemies":"3 Sentries","floor":13,"turns":8},{"damage":7,"enemies":"Exordium Thugs","floor":14,"turns":6},{"damage":13,"enemies":"Slime Boss","floor":16,"turns":12},{"damage":10,"enemies":"Shell Parasite","floor":18,"turns":9},{"damage":13,"enemies":"3 Byrds","floor":20,"turns":5},{"damage":12,"enemies":"Shelled Parasite and Fungi","floor":21,"turns":6},{"damage":5,"enemies":"Snecko","floor":22,"turns":7},{"damage":20,"enemies":"Slavers","floor":23,"turns":7}],"seed_played":"1433851625785296852","potions_obtained":[{"floor":4,"key":"SmokeBomb"},{"floor":5,"key":"FocusPotion"},{"floor":7,"key":"EssenceOfSteel"},{"floor":16,"key":"Block Potion"},{"floor":20,"key":"SkillPotion"}],"is_trial":false,"path_per_floor":["M","?","$","M","M","R","E","R","T","R","?","M","E","M","R","B",null,"M","$","M","M","M","E"],"character_chosen":"DEFECT","items_purchased":[],"campfire_rested":2,"item_purchase_floors":[],"current_hp_per_floor":[58,58,58,57,49,49,35,35,35,57,57,55,13,6,28,15,60,50,50,37,25,20,0],"gold":220,"neow_bonus":"ONE_RANDOM_RARE_CARD","is_prod":false,"is_daily":false,"chose_seed":false,"campfire_upgraded":1,"win_rate":0,"timestamp":1562858230,"path_taken":["M","?","$","M","?","R","E","R","T","R","?","M","E","M","R","BOSS","M","$","M","M","M","E"],"build_version":"2019-07-05","purchased_purges":2,"victory":false,"max_hp_per_floor":[75,75,75,75,75,75,75,75,75,75,75,75,75,75,75,75,75,75,75,75,75,75,75],"card_choices":[{"not_picked":["Heatsinks","BootSequence"],"picked":"Ball Lightning","floor":1},{"not_picked":["Conserve Battery","Recycle"],"picked":"Undo","floor":4},{"not_picked":["Reprogram","Conserve Battery"],"picked":"Heatsinks","floor":5},{"not_picked":["Hologram","Hyperbeam"],"picked":"Reinforced Body","floor":7},{"not_picked":["Conserve Battery","Compile Driver","Beam Cell"],"picked":"SKIP","floor":12},{"not_picked":["Gash","Multi-Cast"],"picked":"Cold Snap","floor":13},{"not_picked":["Conserve Battery","Barrage"],"picked":"Cold Snap","floor":14},{"not_picked":["Thunder Strike","Rainbow"],"picked":"All For One","floor":16},{"not_picked":["Turbo","Chill"],"picked":"Loop+1","floor":18},{"not_picked":["Leap+1","Redo"],"picked":"Go for the Eyes+1","floor":20},{"not_picked":["Cold Snap","Beam Cell"],"picked":"Coolheaded+1","floor":21},{"not_picked":["Auto Shields+1","Thunder Strike","Compile Driver"],"picked":"SKIP","floor":22}],"player_experience":372375,"relics_obtained":[{"floor":7,"key":"Boot"},{"floor":9,"key":"Omamori"},{"floor":13,"key":"Anchor"}],"event_choices":[{"damage_healed":0,"gold_gain":0,"player_choice":"Rummage","damage_taken":0,"relics_obtained":["WarpedTongs"],"max_hp_gain":0,"max_hp_loss":0,"event_name":"Accursed Blacksmith","floor":2,"gold_loss":0,"cards_obtained":["Pain"]},{"cards_removed":["Strike_B"],"damage_healed":0,"gold_gain":0,"player_choice":"Purged","damage_taken":0,"max_hp_gain":0,"max_hp_loss":0,"event_name":"Purifier","floor":11,"gold_loss":0}],"is_beta":false,"boss_relics":[{"not_picked":["Tiny House","Ectoplasm"],"picked":"Nuclear Battery"}],"items_purged_floors":[3,19],"is_endless":false,"potions_floor_spawned":[4,5,7,13,16,20,22],"killed_by":"Slavers","ascension_level":10}