{"gold_per_floor":[117,77,97,107,107,134,134,59,59,59,72,90,90,90,90,90],"floor_reached":16,"playtime":822,"items_purged":["Strike_B"],"score":150,"play_id":"5b706800-459b-4886-be63-72646092bc99","local_time":"20190717232339","is_ascension_mode":true,"campfire_choices":[{"data":"Zap","floor":7,"key":"SMITH"},{"floor":10,"key":"RECALL"},{"data":"Glacier","floor":13,"key":"SMITH"},{"data":"Auto Shields","floor":15,"key":"SMITH"}],"neow_cost":"NONE","seed_source_timestamp":0,"circlet_count":0,"master_deck":["AscendersBane","Strike_B","Strike_B","Defend_B","Defend_B","Defend_B","Defend_B","Zap+1","Dualcast","Conserve Battery","Auto Shields+1","Force Field","Glacier+1"],"special_seed":0,"relics":["Cracked Core","NeowsBlessing","Peace Pipe","Mercury Hourglass","Incense Burner"],"potions_floor_usage":[6,16,16],"damage_taken":[{"damage":0.0,"enemies":"Cultist","floor":1.0,"turns":1.0},{"damage":0.0,"enemies":"2 Louse","floor":3.0,"turns":1.0},{"damage":0.0,"enemies":"Small Slimes","floor":4.0,"turns":1.0},{"damage":15,"enemies":"Lagavulin","floor":6,"turns":9},{"damage":6,"enemies":"Blue Slaver","floor":11,"turns":4},{"damage":3,"enemies":"Gremlin Gang","floor":12,"turns":4},{"damage":39,"enemies":"Slime Boss","floor":16,"turns":13}],"seed_played":"-4767418099318371236","potions_obtained":[{"floor":2.0,"key":"SmokeBomb"},{"floor":2.0,"key":"PowerPotion"},{"floor":2.0,"key":"SteroidPotion"},{"floor":6,"key":"FocusPotion"},{"floor":11,"key":"SkillPotion"}],"is_trial":false,"path_per_floor":["M","?","M","M","T","E","R","$","T","R","M","M","R","?","R","B"],"character_chosen":"DEFECT","items_purchased":[],"campfire_rested":0,"item_purchase_floors":[],"current_hp_per_floor":[68,68,68,68,68,53,53,53,53,53,47,44,44,37,37,0],"gold":90,"neow_bonus":"THREE_ENEMY_KILL","is_prod":false,"is_daily":false,"chose_seed":false,"campfire_upgraded":3,"win_rate":0,"timestamp":1563420219,"path_taken":["M","?","M","?","?","E","R","?","T","R","M","M","R","?","R","BOSS"],"build_version":"2019-07-17","purchased_purges":1,"victory":false,"max_hp_per_floor":[75,75,75,75,75,75,75,75,75,75,75,75,75,75,75,75],"card_choices":[{"not_picked":["Compile Driver","Go for the Eyes"],"picked":"Conserve Battery","floor":1.0},{"not_picked":["Gash","Hologram"],"picked":"Auto Shields","floor":3.0},{"not_picked":["Melter","Compile Driver","Reprogram"],"picked":"SKIP","floor":4.0},{"not_picked":["Amplify","Sweeping Beam"],"picked":"Force Field","floor":6},{"not_picked":["Turbo","Reprogram"],"picked":"Glacier","floor":11},{"not_picked":["Rebound","Hologram","Gash"],"picked":"SKIP","floor":12}],"player_experience":377966,"relics_obtained":[{"floor":5,"key":"Peace Pipe"},{"floor":6,"key":"Mercury Hourglass"},{"floor":9,"key":"Incense Burner"}],"event_choices":[{"damage_healed":0.0,"max_hp_gain":0.0,"max_hp_loss":0.0,"gold_gain":0.0,"event_name":"The Woman in Blue","player_choice":"Bought 3 Potions","floor":2.0,"gold_loss":0.0,"damage_taken":0.0},{"cards_removed":["Strike_B"],"damage_healed":0,"gold_gain":0,"player_choice":"Card Removal","damage_taken":7,"max_hp_gain":0,"max_hp_loss":0,"event_name":"Golden Wing","floor":14,"gold_loss":0}],"is_beta":false,"boss_relics":[],"items_purged_floors":[8],"is_endless":false,"potions_floor_spawned":[6,11],"killed_by":"Slime Boss","ascension_level":10}