{"gold_per_floor":[118,193,193,216,141,174,174,194,194,4,42,42,42,61,61,180,180,163,176,176],"floor_reached":20,"playtime":787,"items_purged":["Strike_G"],"score":253,"play_id":"43d2ee62-023c-402c-8521-f8097fe927d3","local_time":"20190717190820","is_ascension_mode":true,"campfire_choices":[{"floor":7,"key":"REST"},{"data":"Footwork","floor":12,"key":"SMITH"},{"data":"Choke","floor":15,"key":"SMITH"}],"neow_cost":"NONE","seed_source_timestamp":96159995660856,"circlet_count":0,"master_deck":["Survivor","Neutralize","Choke+1","Phantasmal Killer+1","Outmaneuver+1","Footwork+1","Blade Dance+1","Flying Knee","Grand Finale","Expertise+1","Eviscerate","Phantasmal Killer+1","Acrobatics+1","Setup+1","Finisher","Bouncing Flask+1","Bouncing Flask+1","Night Terror+1","Dodge and Roll+1"],"relics":["Ring of the Snake","NeowsBlessing","Golden Idol","Toxic Egg 2","Pear","Ancient Tea Set","Pandora\u0027s Box"],"potions_floor_usage":[11,11,11,16],"damage_taken":[{"damage":0,"enemies":"Jaw Worm","floor":1,"turns":1},{"damage":0,"enemies":"2 Louse","floor":4,"turns":1},{"damage":0,"enemies":"Gremlin Nob","floor":6,"turns":1},{"damage":0,"enemies":"Small Slimes","floor":8,"turns":2},{"damage":19,"enemies":"Lagavulin","floor":11,"turns":7},{"damage":3,"enemies":"3 Louse","floor":14,"turns":5},{"damage":37,"enemies":"Hexaghost","floor":16,"turns":10},{"damage":30,"enemies":"2 Thieves","floor":18,"turns":4},{"damage":26,"enemies":"Shell Parasite","floor":19,"turns":3},{"damage":3,"enemies":"Centurion and Healer","floor":20,"turns":2}],"seed_played":"-6343485704838241855","potions_obtained":[{"floor":1,"key":"FearPotion"},{"floor":8,"key":"Block Potion"},{"floor":11,"key":"Fruit Juice"},{"floor":16,"key":"Strength Potion"},{"floor":18,"key":"Energy Potion"},{"floor":19,"key":"SteroidPotion"}],"is_trial":false,"path_per_floor":["M","?","?","M","$","E","R","M","T","$","E","R","?","M","R","B",null,"M","M","M"],"character_chosen":"THE_SILENT","items_purchased":["Footwork","Blade Dance+1","GhostInAJar"],"campfire_rested":1,"item_purchase_floors":[10,10,10],"current_hp_per_floor":[70,59,42,42,42,42,63,63,73,73,59,59,59,56,56,19,85,55,29,26],"gold":176,"neow_bonus":"THREE_ENEMY_KILL","is_prod":false,"is_daily":false,"chose_seed":false,"campfire_upgraded":2,"win_rate":0,"timestamp":1563408500,"path_taken":["M","?","?","M","?","E","R","M","T","$","E","R","?","M","R","BOSS","M","M","M"],"build_version":"2019-07-05","purchased_purges":1,"victory":false,"max_hp_per_floor":[70,70,70,70,70,70,70,70,80,80,85,85,85,85,85,85,85,85,85,85],"card_choices":[{"not_picked":["Deadly Poison","PiercingWail","Deflect"],"picked":"SKIP","floor":1},{"not_picked":["PiercingWail","Endless Agony"],"picked":"Choke","floor":4},{"not_picked":["Bane","Heel Hook"],"picked":"Phantasmal Killer","floor":6},{"not_picked":["Dash","Tactician+1"],"picked":"Outmaneuver+1","floor":8},{"not_picked":["Well Laid Plans","Tactician+1"],"picked":"Flying Knee","floor":11},{"not_picked":["Underhanded Strike","PiercingWail+1","Tactician+1"],"picked":"SKIP","floor":14},{"not_picked":["Envenom","After Image"],"picked":"Grand Finale","floor":16},{"not_picked":["Quick Slash+1","Finisher","Dagger Throw"],"picked":"SKIP","floor":18},{"not_picked":["Deadly Poison+1","Skewer+1"],"picked":"Dodge and Roll+1","floor":19}],"player_experience":129134,"relics_obtained":[{"floor":6,"key":"Toxic Egg 2"},{"floor":9,"key":"Pear"},{"floor":11,"key":"Ancient Tea Set"}],"event_choices":[{"damage_healed":0,"gold_gain":75,"player_choice":"Gather Gold","damage_taken":11,"max_hp_gain":0,"max_hp_loss":0,"event_name":"World of Goop","floor":2,"gold_loss":0},{"damage_healed":0,"gold_gain":0,"player_choice":"Take Damage","damage_taken":17,"relics_obtained":["Golden Idol"],"max_hp_gain":0,"max_hp_loss":0,"event_name":"Golden Idol","floor":3,"gold_loss":0},{"damage_healed":0,"gold_gain":0,"player_choice":"Ignored","damage_taken":0,"max_hp_gain":0,"max_hp_loss":0,"event_name":"Shining Light","floor":13,"gold_loss":0}],"is_beta":false,"boss_relics":[{"not_picked":["HoveringKite","Velvet Choker"],"picked":"Pandora\u0027s Box"}],"items_purged_floors":[5],"is_endless":false,"potions_floor_spawned":[1,8,11,16,18,19],"killed_by":"Centurion and Healer","ascension_level":2}