{"gold_per_floor":[113,113,113,136,159,159,193,213,213,213,139,139,139,155,155],"floor_reached":15,"playtime":602,"items_purged":[],"score":147,"play_id":"82df5359-50cf-41f1-b552-be917eafe081","local_time":"20190716204729","is_ascension_mode":true,"campfire_choices":[{"floor":6,"key":"REST"},{"floor":10,"key":"REST"},{"floor":12,"key":"REST"},{"floor":15,"key":"REST"}],"neow_cost":"NONE","seed_source_timestamp":231827723877900,"circlet_count":0,"master_deck":["AscendersBane","Strike_B","Strike_B","Strike_B","Defend_B","Defend_B","Defend_B","Defend_B","Zap+1","Dualcast","Coolheaded"],"relics":["Fusion Hammer","Golden Idol","Blood Vial","Singing Bowl"],"potions_floor_usage":[7,14,14],"damage_taken":[{"damage":2,"enemies":"Jaw Worm","floor":1,"turns":3},{"damage":0,"enemies":"2 Louse","floor":4,"turns":2},{"damage":6,"enemies":"Small Slimes","floor":5,"turns":4},{"damage":29,"enemies":"Gremlin Nob","floor":7,"turns":5},{"damage":35,"enemies":"Gremlin Gang","floor":8,"turns":5},{"damage":20,"enemies":"Exordium Thugs","floor":14,"turns":6}],"seed_played":"6445136685633474067","potions_obtained":[{"floor":5,"key":"Weak Potion"},{"floor":8,"key":"SkillPotion"}],"is_trial":false,"path_per_floor":["M","?","?","M","M","R","E","M","T","R","$","R","?","M","R"],"character_chosen":"DEFECT","items_purchased":["Regen Potion"],"campfire_rested":4,"item_purchase_floors":[11],"current_hp_per_floor":[66,59,59,59,53,69,40,7,7,27,27,47,47,43,63],"gold":155,"neow_bonus":"BOSS_RELIC","is_prod":false,"is_daily":false,"chose_seed":false,"campfire_upgraded":0,"win_rate":0,"timestamp":1563302849,"path_taken":["M","?","?","M","M","R","E","M","T","R","$","R","?","?","R"],"build_version":"2019-07-05","purchased_purges":0,"victory":false,"max_hp_per_floor":[75,75,69,69,69,69,69,69,69,69,69,69,69,69,69],"card_choices":[{"not_picked":["Turbo","Chaos","Steam"],"picked":"SKIP","floor":1},{"not_picked":["Barrage","Sweeping Beam","Recycle"],"picked":"SKIP","floor":4},{"not_picked":["Doom and Gloom","Hello World","Steam"],"picked":"SKIP","floor":5},{"not_picked":["Hologram","Skim","Steam"],"picked":"SKIP","floor":7},{"not_picked":["Aggregate","Ball Lightning","Streamline"],"picked":"SKIP","floor":8},{"not_picked":["Conserve Battery","Ball Lightning"],"picked":"Coolheaded","floor":14}],"player_experience":338453,"relics_obtained":[{"floor":7,"key":"Blood Vial"},{"floor":9,"key":"Singing Bowl"}],"event_choices":[{"cards_removed":["Strike_B"],"damage_healed":0,"gold_gain":0,"player_choice":"Card Removal","damage_taken":7,"max_hp_gain":0,"max_hp_loss":0,"event_name":"Golden Wing","floor":2,"gold_loss":0},{"damage_healed":0,"gold_gain":0,"player_choice":"Lose Max HP","damage_taken":0,"relics_obtained":["Golden Idol"],"max_hp_gain":0,"max_hp_loss":6,"event_name":"Golden Idol","floor":3,"gold_loss":0},{"damage_healed":0,"gold_gain":0,"player_choice":"Upgraded","damage_taken":0,"max_hp_gain":0,"max_hp_loss":0,"event_name":"Upgrade Shrine","floor":13,"gold_loss":0,"cards_upgraded":["Zap"]}],"is_beta":false,"boss_relics":[],"items_purged_floors":[],"is_endless":false,"potions_floor_spawned":[5,8],"ascension_level":11}