{"gold_per_floor":[115,115,129,129,146,146,162,162,162,162,194,210,230,241,241,340,340,340,340,340,123,123,123,123,123,123,123,48,48,48,48,48,48,48,48,48,48,2,2,2,2,0,0,0,0,0,0,0,0,0],"floor_reached":51,"playtime":3289,"items_purged":["Decay"],"score":747,"play_id":"3437c995-3d84-488f-bbe0-5465cdbf94e5","local_time":"20190708032454","is_ascension_mode":false,"campfire_choices":[{"data":"Perfected Strike","floor":6.0,"key":"SMITH"},{"data":"Bash","floor":8.0,"key":"SMITH"},{"floor":15.0,"key":"REST"},{"floor":25.0,"key":"REST"},{"floor":27.0,"key":"REST"},{"floor":30.0,"key":"REST"},{"data":"Heavy Blade","floor":32.0,"key":"SMITH"},{"floor":40,"key":"REST"},{"floor":46,"key":"REST"},{"floor":49,"key":"REST"}],"neow_cost":"CURSE","seed_source_timestamp":732282498944128,"circlet_count":0,"master_deck":["Strike_R","Strike_R","Strike_R","Strike_R","Strike_R","Defend_R","Defend_R","Bash+1","Perfected Strike+1","Feel No Pain","Battle Trance","Spot Weakness","Battle Trance+1","Seeing Red+1","Disarm+1","Limit Break+1","Inflame","Seeing Red+1","Flame Barrier+1","Rampage","Berserk","Heavy Blade+1","Flex+1","Shrug It Off+1","Shrug It Off+1","Rampage+1","Demon Form","Perfected Strike","Whirlwind+1","Sword Boomerang","Twin Strike","Shrug It Off+1","Twin Strike+1","Power Through+1"],"special_seed":0,"relics":["Burning Blood","Ginger","Bronze Scales","Toxic Egg 2","Ectoplasm","MutagenicStrength","Sundial","Shuriken","Charon\u0027s Ashes","Velvet Choker","Paper Frog","Red Mask","MawBank","Dream Catcher"],"potions_floor_usage":[41,41,44,44],"damage_taken":[{"damage":2.0,"enemies":"Small Slimes","floor":1.0,"turns":3.0},{"damage":8.0,"enemies":"Cultist","floor":3.0,"turns":3.0},{"damage":9.0,"enemies":"2 Louse","floor":5.0,"turns":3.0},{"damage":4.0,"enemies":"Large Slime","floor":7.0,"turns":4.0},{"damage":38.0,"enemies":"Lagavulin","floor":11.0,"turns":5.0},{"damage":17.0,"enemies":"2 Fungi Beasts","floor":12.0,"turns":3.0},{"damage":13.0,"enemies":"Lots of Slimes","floor":13.0,"turns":2.0},{"damage":19.0,"enemies":"Exordium Thugs","floor":14.0,"turns":3.0},{"damage":31.0,"enemies":"Hexaghost","floor":16.0,"turns":8.0},{"damage":26.0,"enemies":"Shell Parasite","floor":18.0,"turns":4.0},{"damage":17.0,"enemies":"3 Byrds","floor":20.0,"turns":3.0},{"damage":40.0,"enemies":"Slavers","floor":23.0,"turns":6.0},{"damage":0.0,"enemies":"Shelled Parasite and Fungi","floor":24.0,"turns":1.0},{"damage":10.0,"enemies":"Centurion and Healer","floor":29.0,"turns":4.0},{"damage":6.0,"enemies":"Book of Stabbing","floor":31.0,"turns":4.0},{"damage":77.0,"enemies":"Automaton","floor":33.0,"turns":7.0},{"damage":27,"enemies":"3 Darklings","floor":35,"turns":5},{"damage":15,"enemies":"3 Shapes","floor":36,"turns":2},{"damage":0,"enemies":"Transient","floor":37,"turns":5},{"damage":19,"enemies":"4 Shapes","floor":39,"turns":2},{"damage":30,"enemies":"Reptomancer","floor":41,"turns":4},{"damage":51,"enemies":"Giant Head","floor":44,"turns":7},{"damage":0,"enemies":"Maw","floor":48,"turns":6},{"damage":35,"enemies":"Time Eater","floor":50,"turns":6}],"seed_played":"2734307006625224346","potions_obtained":[{"floor":5.0,"key":"Explosive Potion"},{"floor":11.0,"key":"SmokeBomb"},{"floor":12.0,"key":"BloodPotion"},{"floor":14.0,"key":"LiquidBronze"},{"floor":16.0,"key":"FearPotion"},{"floor":29.0,"key":"Energy Potion"},{"floor":35,"key":"Regen Potion"},{"floor":39,"key":"Block Potion"},{"floor":41,"key":"Weak Potion"}],"is_trial":false,"path_per_floor":["M","?","M","?","M","R","M","R","T","?","E","M","M","M","R","B",null,"M","?","M","$","?","E","M","R","T","R","$","M","R","E","R","B",null,"M","M","M","$","M","R","E","?","T","E","$","R","$","M","R","B",null],"character_chosen":"IRONCLAD","items_purchased":["Flame Barrier+1","Rampage","Flex+1","Shrug It Off+1","Twin Strike"],"campfire_rested":7,"item_purchase_floors":[21,21,28,28,38],"current_hp_per_floor":[80,80,78,78,75,75,77,77,77,77,45,34,27,34,58,33,80,60,60,49,49,49,15,21,45,45,69,69,65,80,80,80,9,80,59,50,56,56,43,67,43,43,43,13,13,37,37,43,67,38],"gold":0,"neow_bonus":"ONE_RARE_RELIC","is_prod":false,"is_daily":false,"chose_seed":false,"campfire_upgraded":3,"win_rate":0.0,"timestamp":1562574294,"path_taken":["M","?","?","?","M","R","M","R","T","?","E","M","M","M","R","BOSS","M","?","M","$","?","E","M","R","T","R","$","M","R","E","R","BOSS","M","?","M","$","M","R","E","?","T","E","$","R","?","M","R","BOSS"],"build_version":"2019-07-05","purchased_purges":1,"victory":true,"max_hp_per_floor":[80,80,80,80,80,80,80,80,80,80,80,80,80,80,80,80,80,80,80,80,80,80,80,80,80,80,80,80,80,80,80,80,80,80,80,80,80,80,80,80,80,80,80,80,80,80,80,80,80,80],"card_choices":[{"not_picked":["True Grit","Second Wind"],"picked":"Perfected Strike","floor":1.0},{"not_picked":["Whirlwind","True Grit"],"picked":"Battle Trance","floor":3.0},{"not_picked":["Battle Trance","Infernal Blade"],"picked":"Spot Weakness","floor":5.0},{"not_picked":["Anger","Armaments","Twin Strike"],"picked":"SKIP","floor":7.0},{"not_picked":["Thunderclap","Headbutt"],"picked":"Battle Trance","floor":11.0},{"not_picked":["Combust","Pummel"],"picked":"Seeing Red+1","floor":12.0},{"not_picked":["Warcry+1","Thunderclap"],"picked":"Disarm+1","floor":13.0},{"not_picked":["Power Through+1","Cleave","Dropkick"],"picked":"SKIP","floor":14.0},{"not_picked":["Offering+1","Bludgeon"],"picked":"Limit Break+1","floor":16.0},{"not_picked":["Pommel Strike+1","Dropkick+1"],"picked":"Inflame","floor":18.0},{"not_picked":["Corruption","Infernal Blade+1"],"picked":"Seeing Red+1","floor":20.0},{"not_picked":["True Grit+1","Fire Breathing"],"picked":"Heavy Blade","floor":23.0},{"not_picked":["Dual Wield+1","Pummel"],"picked":"Shrug It Off+1","floor":29.0},{"not_picked":["Intimidate+1","Warcry+1"],"picked":"Rampage+1","floor":31.0},{"not_picked":["Fiend Fire","Berserk"],"picked":"Demon Form","floor":33.0},{"not_picked":["Body Slam","Cleave"],"picked":"Perfected Strike","floor":35},{"not_picked":["Spot Weakness+1","Clothesline"],"picked":"Whirlwind+1","floor":36},{"not_picked":["Clothesline+1","Corruption+1"],"picked":"Sword Boomerang","floor":37},{"not_picked":["Clash+1","True Grit+1"],"picked":"Shrug It Off+1","floor":39},{"not_picked":["Combust+1","Ghostly Armor+1"],"picked":"Twin Strike+1","floor":41},{"not_picked":["Corruption","Body Slam","Headbutt"],"picked":"SKIP","floor":44},{"not_picked":["Disarm+1","Rupture"],"picked":"Power Through+1","floor":46},{"not_picked":["Feed","Cleave+1","Armaments+1"],"picked":"SKIP","floor":48}],"player_experience":47498,"relics_obtained":[{"floor":9.0,"key":"Bronze Scales"},{"floor":11.0,"key":"Toxic Egg 2"},{"floor":23.0,"key":"Sundial"},{"floor":26.0,"key":"Shuriken"},{"floor":31.0,"key":"Charon\u0027s Ashes"},{"floor":41,"key":"Paper Frog"},{"floor":43,"key":"MawBank"},{"floor":44,"key":"Dream Catcher"}],"event_choices":[{"damage_healed":0.0,"max_hp_gain":0.0,"max_hp_loss":0.0,"gold_gain":0.0,"cards_transformed":["Defend_R"],"event_name":"Transmorgrifier","player_choice":"Transformed","floor":2.0,"gold_loss":0.0,"damage_taken":0.0,"cards_obtained":["Feel No Pain"]},{"damage_healed":0.0,"max_hp_gain":0.0,"max_hp_loss":0.0,"gold_gain":0.0,"event_name":"Golden Wing","player_choice":"Ignored","floor":4.0,"gold_loss":0.0,"damage_taken":0.0},{"damage_healed":0.0,"max_hp_gain":0.0,"max_hp_loss":0.0,"gold_gain":0.0,"event_name":"The Cleric","player_choice":"Leave","floor":10.0,"gold_loss":0.0,"damage_taken":0.0},{"damage_healed":0.0,"max_hp_gain":0.0,"max_hp_loss":0.0,"gold_gain":0.0,"event_name":"Drug Dealer","player_choice":"Inject Mutagens","floor":19.0,"gold_loss":0.0,"damage_taken":0.0,"relics_obtained":["MutagenicStrength"]},{"damage_healed":0.0,"max_hp_gain":0.0,"max_hp_loss":0.0,"gold_gain":0.0,"cards_transformed":["Defend_R"],"event_name":"Transmorgrifier","player_choice":"Transformed","floor":22.0,"gold_loss":0.0,"damage_taken":0.0,"cards_obtained":["Berserk"]},{"damage_healed":0,"gold_gain":0,"player_choice":"Paid","damage_taken":0,"relics_obtained":["Red Mask"],"max_hp_gain":0,"max_hp_loss":0,"event_name":"Tomb of Lord Red Mask","floor":42,"gold_loss":2}],"is_beta":false,"boss_relics":[{"not_picked":["White Beast Statue","Philosopher\u0027s Stone"],"picked":"Ectoplasm"},{"not_picked":["Tiny House","Runic Dome"],"picked":"Velvet Choker"}],"items_purged_floors":[21],"is_endless":false,"potions_floor_spawned":[5,11,12,14,16,20,23,24,29,35,39,41],"ascension_level":0}