{"gold_per_floor":[113,113,129,142,152,152,167,167,237,252,14,39,39,70,70,168,168,185,199,124,144,157,170,170,199,244,244,254,582,682,682,682,783,783,797,150,161,161,180,180,209,209,209,209,209,224,224,253,265,277],"floor_reached":51,"playtime":7271,"items_purged":["Strike_G"],"score":1086,"play_id":"8317d617-0fc7-4981-bc86-5fef581c9bef","local_time":"20190514220023","is_ascension_mode":true,"campfire_choices":[{"data":"Crippling Poison","floor":6.0,"key":"SMITH"},{"data":"Blur","floor":8.0,"key":"SMITH"},{"floor":13.0,"key":"REST"},{"floor":15.0,"key":"RECALL"},{"floor":24.0,"key":"REST"},{"floor":27.0,"key":"REST"},{"floor":32.0,"key":"REST"},{"floor":40.0,"key":"REST"},{"floor":44,"key":"REST"},{"floor":49,"key":"REST"}],"neow_cost":"NONE","seed_source_timestamp":0,"circlet_count":0,"master_deck":["AscendersBane","Defend_G","Defend_G","Defend_G","Defend_G","Defend_G","Strike_G","Strike_G","Strike_G","Survivor","Neutralize+1","Crippling Poison+1","Well Laid Plans","Blur+1","Dash","Crippling Poison","Envenom","Leg Sweep+1","PiercingWail+1","Dodge and Roll+1","After Image","A Thousand Cuts","Footwork","Footwork+1","Cloak And Dagger+1"],"special_seed":0,"relics":["Ring of the Snake","Kunai","Shuriken","Du-Vu Doll","Bronze Scales","Fusion Hammer","Anchor","Omamori","Old Coin","Calipers","Bottled Tornado","WristBlade","Pantograph","Ice Cream","Nunchaku","Ornamental Fan","MawBank"],"potions_floor_usage":[41,41],"damage_taken":[{"damage":1.0,"enemies":"Small Slimes","floor":1.0,"turns":3.0},{"damage":0.0,"enemies":"Cultist","floor":3.0,"turns":5.0},{"damage":1.0,"enemies":"Jaw Worm","floor":4.0,"turns":4.0},{"damage":11.0,"enemies":"Large Slime","floor":5.0,"turns":10.0},{"damage":14.0,"enemies":"Exordium Thugs","floor":7.0,"turns":4.0},{"damage":7.0,"enemies":"Red Slaver","floor":10.0,"turns":5.0},{"damage":8.0,"enemies":"Gremlin Nob","floor":12.0,"turns":5.0},{"damage":16.0,"enemies":"3 Sentries","floor":14.0,"turns":9.0},{"damage":18.0,"enemies":"The Guardian","floor":16.0,"turns":13.0},{"damage":2.0,"enemies":"3 Byrds","floor":18.0,"turns":3.0},{"damage":0.0,"enemies":"Shell Parasite","floor":19.0,"turns":6.0},{"damage":16.0,"enemies":"Snake Plant","floor":21.0,"turns":6.0},{"damage":2.0,"enemies":"3 Cultists","floor":22.0,"turns":6.0},{"damage":5.0,"enemies":"Chosen and Byrds","floor":23.0,"turns":8.0},{"damage":12.0,"enemies":"Book of Stabbing","floor":25.0,"turns":7.0},{"damage":12.0,"enemies":"Cultist and Chosen","floor":28.0,"turns":8.0},{"damage":6.0,"enemies":"Slavers","floor":29.0,"turns":7.0},{"damage":2.0,"enemies":"Colosseum Slavers","floor":30.0,"turns":5.0},{"damage":25.0,"enemies":"Colosseum Nobs","floor":30.0,"turns":6.0},{"damage":4.0,"enemies":"Automaton","floor":33.0,"turns":17.0},{"damage":37.0,"enemies":"3 Shapes","floor":35.0,"turns":4.0},{"damage":4.0,"enemies":"Orb Walker","floor":37.0,"turns":7.0},{"damage":20.0,"enemies":"Maw","floor":39.0,"turns":11.0},{"damage":21,"enemies":"Reptomancer","floor":41,"turns":12},{"damage":0,"enemies":"Writhing Mass","floor":46,"turns":9},{"damage":6,"enemies":"Nemesis","floor":48,"turns":13},{"damage":49,"enemies":"Donu and Deca","floor":50,"turns":17}],"seed_played":"-8471024646870633981","potions_obtained":[{"floor":1.0,"key":"LiquidBronze"},{"floor":7.0,"key":"SteroidPotion"},{"floor":12.0,"key":"Block Potion"},{"floor":16.0,"key":"SneckoOil"},{"floor":18.0,"key":"Energy Potion"},{"floor":19.0,"key":"PowerPotion"},{"floor":21.0,"key":"GamblersBrew"},{"floor":28.0,"key":"Weak Potion"},{"floor":35.0,"key":"Dexterity Potion"},{"floor":37.0,"key":"SteroidPotion"}],"is_trial":false,"path_per_floor":["M","?","M","M","M","R","M","R","T","M","$","E","R","E","R","B",null,"M","M","?","M","M","M","R","E","T","R","M","E","?","?","R","B",null,"M","$","M","?","M","R","E","?","T","R","?","M","$","E","R","B",null],"character_chosen":"THE_SILENT","items_purchased":["Shuriken","Pantograph","Ice Cream"],"campfire_rested":7,"item_purchase_floors":[11,36,36],"current_hp_per_floor":[69,69,69,68,57,57,43,43,43,36,36,28,51,35,35,17,62,60,60,60,44,42,37,60,48,48,71,59,53,26,26,49,45,69,32,32,28,28,8,31,10,10,10,33,33,33,33,27,50,26],"gold":289,"neow_bonus":"TEN_PERCENT_HP_BONUS","is_prod":false,"is_daily":false,"chose_seed":false,"campfire_upgraded":2,"win_rate":0,"timestamp":1557885623,"path_taken":["M","?","M","M","M","R","?","R","T","?","$","E","R","E","R","BOSS","M","M","?","M","M","M","R","E","T","R","M","E","?","?","R","BOSS","M","$","M","?","?","R","E","?","T","R","?","M","$","E","R","BOSS"],"build_version":"2019-01-23","purchased_purges":1,"victory":true,"max_hp_per_floor":[77,77,77,77,77,77,77,77,77,77,77,77,77,77,77,77,77,77,77,77,77,77,77,77,77,77,77,77,77,77,77,77,77,77,77,77,77,77,77,77,77,77,77,77,77,77,77,77,77,77],"card_choices":[{"not_picked":["Tactician","Poisoned Stab","Quick Slash"],"picked":"SKIP","floor":1.0},{"not_picked":["Dagger Throw","Endless Agony"],"picked":"Crippling Poison","floor":3.0},{"not_picked":["Endless Agony","Dagger Spray"],"picked":"Well Laid Plans","floor":4.0},{"not_picked":["Dagger Spray","Outmaneuver","Prepared"],"picked":"SKIP","floor":5.0},{"not_picked":["Prepared","Blade Dance"],"picked":"Blur","floor":7.0},{"not_picked":["PiercingWail","Dodge and Roll"],"picked":"Dash","floor":10.0},{"not_picked":["Blade Dance","Reflex","Dash"],"picked":"SKIP","floor":12.0},{"not_picked":["Escape Plan","Predator"],"picked":"Crippling Poison","floor":14.0},{"not_picked":["Doppelganger","Night Terror"],"picked":"Envenom","floor":16.0},{"not_picked":["Dodge and Roll","Cloak And Dagger+1"],"picked":"Leg Sweep","floor":18.0},{"not_picked":["Prepared","Slice+1"],"picked":"PiercingWail+1","floor":19.0},{"not_picked":["Flechettes+1","All Out Attack"],"picked":"Dodge and Roll+1","floor":21.0},{"not_picked":["Poisoned Stab","Dagger Throw","Dagger Spray"],"picked":"SKIP","floor":22.0},{"not_picked":["Flying Knee+1","Quick Slash","Choke"],"picked":"SKIP","floor":23.0},{"not_picked":["Acrobatics","Flying Knee"],"picked":"After Image","floor":25.0},{"not_picked":["Deflect+1","Cloak And Dagger","Finisher"],"picked":"SKIP","floor":28.0},{"not_picked":["Bane","Leg Sweep+1","PiercingWail+1"],"picked":"SKIP","floor":29.0},{"not_picked":["Storm of Steel","Bullet Time"],"picked":"A Thousand Cuts","floor":33.0},{"not_picked":["Acrobatics+1","Sucker Punch+1"],"picked":"Footwork","floor":35.0},{"not_picked":["Sucker Punch","Catalyst","Underhanded Strike+1"],"picked":"SKIP","floor":37.0},{"not_picked":["Dagger Spray+1","Infinite Blades"],"picked":"Footwork+1","floor":39.0},{"not_picked":["Dagger Spray","Skewer"],"picked":"Cloak And Dagger+1","floor":41},{"not_picked":["Underhanded Strike","Escape Plan","Cloak And Dagger"],"picked":"SKIP","floor":46},{"not_picked":["Dodge and Roll+1","Dagger Throw+1","Flying Knee"],"picked":"SKIP","floor":48}],"player_experience":351485,"relics_obtained":[{"floor":9.0,"key":"Kunai"},{"floor":12.0,"key":"Du-Vu Doll"},{"floor":14.0,"key":"Bronze Scales"},{"floor":25.0,"key":"Anchor"},{"floor":26.0,"key":"Omamori"},{"floor":29.0,"key":"Old Coin"},{"floor":30.0,"key":"Calipers"},{"floor":30.0,"key":"Bottled Tornado"},{"floor":41,"key":"Nunchaku"},{"floor":43,"key":"Ornamental Fan"},{"floor":48,"key":"MawBank"}],"event_choices":[{"damage_healed":0.0,"max_hp_gain":0.0,"max_hp_loss":0.0,"gold_gain":0.0,"event_name":"Accursed Blacksmith","player_choice":"Forge","floor":2.0,"gold_loss":0.0,"damage_taken":0.0,"cards_upgraded":["Neutralize"]},{"cards_removed":["Strike_G"],"damage_healed":0.0,"max_hp_gain":0.0,"max_hp_loss":0.0,"gold_gain":0.0,"event_name":"Beggar","player_choice":"Gave Gold","floor":20.0,"gold_loss":75.0,"damage_taken":0.0},{"damage_healed":0.0,"max_hp_gain":0.0,"max_hp_loss":0.0,"gold_gain":0.0,"event_name":"Colosseum","player_choice":"Fight","floor":30.0,"gold_loss":0.0,"damage_taken":0.0},{"damage_healed":0.0,"max_hp_gain":0.0,"max_hp_loss":0.0,"gold_gain":0.0,"event_name":"Colosseum","player_choice":"Fought Nobs","floor":30.0,"gold_loss":0.0,"damage_taken":0.0},{"damage_healed":0.0,"max_hp_gain":0.0,"max_hp_loss":0.0,"gold_gain":0.0,"event_name":"Upgrade Shrine","player_choice":"Upgraded","floor":31.0,"gold_loss":0.0,"damage_taken":0.0,"cards_upgraded":["Leg Sweep"]},{"damage_healed":0.0,"max_hp_gain":0.0,"max_hp_loss":0.0,"gold_gain":0.0,"event_name":"SecretPortal","player_choice":"Ignored","floor":38.0,"gold_loss":0.0,"damage_taken":0.0},{"damage_healed":0,"gold_gain":0,"player_choice":"Ignored","damage_taken":0,"max_hp_gain":0,"max_hp_loss":0,"event_name":"Tomb of Lord Red Mask","floor":42,"gold_loss":0},{"damage_healed":0,"gold_gain":0,"player_choice":"Cursed","damage_taken":0,"max_hp_gain":0,"max_hp_loss":0,"event_name":"Wheel of Change","floor":45,"gold_loss":0,"cards_obtained":["Decay"]}],"is_beta":false,"boss_relics":[{"not_picked":["Lizard Tail","Ectoplasm"],"picked":"Fusion Hammer"},{"not_picked":["Tiny House","White Beast Statue"],"picked":"WristBlade"}],"items_purged_floors":[36],"is_endless":false,"potions_floor_spawned":[1,7,12,16,18,19,21,28,30,35,37],"ascension_level":10}