{"gold_per_floor":[112,112,6,24,35,90,90,123,123,123,123,134,134,134,134,232,232,248,248,248,261,272,272],"floor_reached":23,"playtime":1536,"items_purged":[],"score":248,"play_id":"585b945a-4642-4255-a1f7-af5b2b6821c4","local_time":"20190716040152","is_ascension_mode":true,"campfire_choices":[{"data":"Envenom","floor":7,"key":"SMITH"},{"floor":11,"key":"REST"},{"data":"Blade Dance","floor":13,"key":"SMITH"},{"data":"Cloak And Dagger","floor":15,"key":"SMITH"}],"neow_cost":"NONE","seed_source_timestamp":14831957596989,"circlet_count":0,"master_deck":["Strike_G","Strike_G","Strike_G","Strike_G","Defend_G","Defend_G","Defend_G","Defend_G","Defend_G","Survivor","Neutralize","Accuracy","Masterful Stab","Noxious Fumes","Cloak And Dagger+1","Quick Slash","Envenom+1","Dagger Throw","Blade Dance+1","Corpse Explosion","Cloak And Dagger","Prepared","Ghostly","Ghostly","Ghostly","Ghostly","Ghostly","Backflip"],"relics":["Ring of the Snake","Tiny Chest","Bottled Flame","Smiling Mask","Philosopher\u0027s Stone"],"potions_floor_usage":[14,16],"damage_taken":[{"damage":0,"enemies":"Small Slimes","floor":1,"turns":4},{"damage":1,"enemies":"Cultist","floor":4,"turns":4},{"damage":0,"enemies":"2 Louse","floor":5,"turns":3},{"damage":28,"enemies":"3 Sentries","floor":6,"turns":7},{"damage":20,"enemies":"Gremlin Nob","floor":8,"turns":4},{"damage":2,"enemies":"Lots of Slimes","floor":10,"turns":5},{"damage":5,"enemies":"Looter","floor":12,"turns":2},{"damage":44,"enemies":"The Guardian","floor":16,"turns":10},{"damage":14,"enemies":"2 Thieves","floor":18,"turns":3},{"damage":25,"enemies":"Chosen","floor":19,"turns":5},{"damage":0,"enemies":"Centurion and Healer","floor":21,"turns":5},{"damage":2,"enemies":"Shelled Parasite and Fungi","floor":22,"turns":6},{"damage":4,"enemies":"Gremlin Leader","floor":23,"turns":6}],"seed_played":"-2302629073398010385","potions_obtained":[{"floor":4,"key":"GamblersBrew"},{"floor":8,"key":"Ancient Potion"},{"floor":12,"key":"Energy Potion"},{"floor":14,"key":"Fruit Juice"},{"floor":14,"key":"LiquidBronze"},{"floor":21,"key":"Block Potion"}],"is_trial":false,"path_per_floor":["M","?","$","M","M","E","R","E","T","M","R","M","R","?","R","B",null,"M","M","?","M","M","E"],"character_chosen":"THE_SILENT","items_purchased":["Masterful Stab","Noxious Fumes"],"campfire_rested":1,"item_purchase_floors":[3,3],"current_hp_per_floor":[77,77,77,76,76,48,48,28,28,26,49,44,44,49,49,5,82,68,43,41,41,39,35],"gold":272,"neow_bonus":"TEN_PERCENT_HP_BONUS","is_prod":false,"is_daily":false,"chose_seed":false,"campfire_upgraded":3,"win_rate":0,"timestamp":1563267712,"path_taken":["M","?","$","M","M","E","R","E","T","?","R","M","R","?","R","BOSS","M","?","?","M","M","E"],"build_version":"2019-07-05","purchased_purges":0,"victory":false,"max_hp_per_floor":[77,77,77,77,77,77,77,77,77,77,77,77,77,82,82,82,82,82,82,41,41,41,41],"card_choices":[{"not_picked":["Quick Slash","Dash"],"picked":"Accuracy","floor":1},{"not_picked":["Slice","Acrobatics"],"picked":"Cloak And Dagger","floor":4},{"not_picked":["Bane","PiercingWail"],"picked":"Quick Slash","floor":5},{"not_picked":["Dodge and Roll","Caltrops"],"picked":"Envenom","floor":6},{"not_picked":["Poisoned Stab","All Out Attack"],"picked":"Dagger Throw","floor":8},{"not_picked":["Dagger Throw","All Out Attack"],"picked":"Blade Dance","floor":10},{"not_picked":["Deadly Poison","Outmaneuver","Sucker Punch"],"picked":"SKIP","floor":12},{"not_picked":["Die Die Die","Glass Knife"],"picked":"Corpse Explosion","floor":16},{"not_picked":["Outmaneuver","Concentrate"],"picked":"Cloak And Dagger","floor":18},{"not_picked":["Dagger Throw","Backflip"],"picked":"Prepared","floor":19},{"not_picked":["Backstab","Terror"],"picked":"Backflip","floor":21},{"not_picked":["Poisoned Stab","All Out Attack","Outmaneuver"],"picked":"SKIP","floor":22}],"player_experience":96069,"relics_obtained":[{"floor":6,"key":"Tiny Chest"},{"floor":8,"key":"Bottled Flame"},{"floor":9,"key":"Smiling Mask"}],"event_choices":[{"cards_removed":["Strike_G"],"damage_healed":0,"gold_gain":0,"player_choice":"Purged","damage_taken":0,"max_hp_gain":0,"max_hp_loss":0,"event_name":"Purifier","floor":2,"gold_loss":0},{"damage_healed":0,"gold_gain":0,"player_choice":"Got Potions","damage_taken":0,"max_hp_gain":0,"max_hp_loss":0,"event_name":"Lab","floor":14,"gold_loss":0},{"damage_healed":0,"gold_gain":0,"player_choice":"Became a Ghost","damage_taken":0,"max_hp_gain":0,"max_hp_loss":41,"event_name":"Ghosts","floor":20,"gold_loss":0,"cards_obtained":["Ghostly","Ghostly","Ghostly","Ghostly","Ghostly"]}],"is_beta":false,"boss_relics":[{"not_picked":["Calling Bell","Astrolabe"],"picked":"Philosopher\u0027s Stone"}],"items_purged_floors":[],"is_endless":false,"potions_floor_spawned":[4,8,12,21,22],"killed_by":"Gremlin Leader","ascension_level":2}