{"gold_per_floor":[118,118,137,137,137,137,172,172,226,250,165,179,211,211,211,289,289,300,186,186,200,218,218,133,133,158,15,32,82,0,0,0,71,71,87,112,112,126,145,145,164,181,181,181,181,192,211,226,226,226,226],"floor_reached":52,"playtime":4144,"items_purged":["Strike_G","Strike_G+1"],"score":1674,"play_id":"e74fa359-5d77-404a-9dd4-e8e1a086ebaf","local_time":"20181127032854","is_ascension_mode":true,"campfire_choices":[{"data":"Quick Slash","floor":6,"key":"SMITH"},{"data":"Tools of the Trade","floor":8,"key":"SMITH"},{"data":"Noxious Fumes","floor":15,"key":"SMITH"},{"floor":23,"key":"REST"},{"floor":32,"key":"REST"},{"data":"Bullet Time","floor":40,"key":"SMITH"},{"floor":45,"key":"REST"},{"floor":49,"key":"REST"}],"neow_cost":"NONE","seed_source_timestamp":637799337011344,"circlet_count":0,"master_deck":["AscendersBane","Defend_G+1","Defend_G+1","Defend_G+1","Defend_G+1","Defend_G+1","Survivor+1","Neutralize+1","Quick Slash+1","Tools of the Trade+1","Deadly Poison","Noxious Fumes+1","Dagger Spray","PiercingWail","Adrenaline","Caltrops+1","Noxious Fumes+1","Well Laid Plans+1","Footwork+1","Backflip","Leg Sweep","Bullet Time+1","Terror+1","Malaise+1","Reflex+1","Blur","Dodge and Roll+1","Dodge and Roll+1","Parasite","Acrobatics+1"],"relics":["Ring of the Snake","NeowsBlessing","Bag of Marbles","MawBank","Frozen Egg 2","Sundial","Philosopher\u0027s Stone","Enchiridion","Pen Nib","Astrolabe","Lantern","Ornamental Fan"],"potions_floor_usage":[13,16,18,22,41,50],"damage_taken":[{"damage":0,"enemies":"Jaw Worm","floor":1,"turns":1},{"damage":0,"enemies":"Small Slimes","floor":3,"turns":1},{"damage":0,"enemies":"Lagavulin","floor":7,"turns":1},{"damage":1,"enemies":"2 Louse","floor":10,"turns":3},{"damage":3,"enemies":"Large Slime","floor":12,"turns":5},{"damage":10,"enemies":"3 Sentries","floor":13,"turns":7},{"damage":21,"enemies":"Hexaghost","floor":16,"turns":10},{"damage":12,"enemies":"3 Byrds","floor":18,"turns":5},{"damage":0,"enemies":"Spheric Guardian","floor":21,"turns":5},{"damage":11,"enemies":"Shelled Parasite and Fungi","floor":22,"turns":5},{"damage":6,"enemies":"Snecko","floor":28,"turns":5},{"damage":17,"enemies":"Champ","floor":33,"turns":12},{"damage":1,"enemies":"Orb Walker","floor":35,"turns":5},{"damage":12,"enemies":"3 Darklings","floor":38,"turns":6},{"damage":0,"enemies":"Maw","floor":39,"turns":8},{"damage":11,"enemies":"Jaw Worm Horde","floor":41,"turns":5},{"damage":0,"enemies":"4 Shapes","floor":42,"turns":6},{"damage":0,"enemies":"Writhing Mass","floor":46,"turns":7},{"damage":0,"enemies":"3 Darklings","floor":47,"turns":5},{"damage":31,"enemies":"Spire Growth","floor":48,"turns":6},{"damage":12,"enemies":"Time Eater","floor":50,"turns":18},{"damage":3,"enemies":"Donu and Deca","floor":51,"turns":13}],"seed_played":"-8987717369551432318","potions_obtained":[{"floor":10,"key":"Block Potion"},{"floor":12,"key":"SkillPotion"},{"floor":13,"key":"Weak Potion"},{"floor":16,"key":"Block Potion"},{"floor":22,"key":"Ancient Potion"},{"floor":33,"key":"Dexterity Potion"},{"floor":35,"key":"GhostInAJar"},{"floor":42,"key":"Explosive Potion"}],"is_trial":false,"path_per_floor":["M","?","M","?","?","R","E","R","T","M","$","M","E","?","R","B",null,"M","$","?","M","M","R","$","?","T","$","M","?","?","?","R","B",null,"M","T","?","M","M","R","M","M","T","?","R","M","M","M","R","B","B",null],"character_chosen":"THE_SILENT","items_purchased":["Noxious Fumes","Dagger Spray","Caltrops+1","Well Laid Plans+1","Footwork+1"],"campfire_rested":4,"item_purchase_floors":[11,11,19,24,27],"current_hp_per_floor":[59,39,39,39,39,39,39,39,39,38,38,35,25,25,25,4,51,39,39,39,39,28,47,47,26,26,26,20,20,20,20,39,22,55,54,54,54,42,42,42,31,31,31,21,40,40,40,9,28,16,13],"gold":226,"neow_bonus":"THREE_ENEMY_KILL","is_prod":false,"is_daily":false,"chose_seed":false,"campfire_upgraded":4,"win_rate":0,"timestamp":1543256934,"path_taken":["M","?","M","?","?","R","E","R","T","M","$","M","E","?","R","BOSS","M","$","?","M","M","R","$","?","T","$","M","?","?","?","R","BOSS","M","?","?","?","M","R","M","M","T","?","R","M","M","M","R","BOSS","BOSS"],"build_version":"2018-11-15","purchased_purges":2,"victory":true,"max_hp_per_floor":[66,66,66,66,66,66,66,66,66,66,66,66,66,66,66,66,66,66,66,66,66,66,66,66,66,66,66,66,66,66,66,66,66,66,66,66,66,66,66,66,66,66,66,66,66,66,66,66,66,66,66],"card_choices":[{"not_picked":["Deflect","Expertise"],"picked":"Quick Slash","floor":1},{"not_picked":["Flying Knee","Quick Slash","Eviscerate"],"picked":"SKIP","floor":3},{"not_picked":["Endless Agony","Underhanded Strike"],"picked":"Tools of the Trade","floor":7},{"not_picked":["Poisoned Stab","Flying Knee"],"picked":"Deadly Poison","floor":10},{"not_picked":["Dodge and Roll","Masterful Stab","Blade Dance"],"picked":"SKIP","floor":12},{"not_picked":["Escape Plan","Blade Dance"],"picked":"PiercingWail","floor":13},{"not_picked":["Glass Knife","Phantasmal Killer"],"picked":"Adrenaline","floor":16},{"not_picked":["Deadly Poison","Finisher","Blade Dance"],"picked":"SKIP","floor":18},{"not_picked":["Sucker Punch","Backstab","Infinite Blades+1"],"picked":"SKIP","floor":21},{"not_picked":["Blade Dance","Acrobatics"],"picked":"Noxious Fumes+1","floor":22},{"not_picked":["Sucker Punch","Quick Slash"],"picked":"Backflip","floor":28},{"not_picked":["Die Die Die","Doppelganger"],"picked":"Bullet Time","floor":33},{"not_picked":["Flying Knee","Backflip"],"picked":"Blur","floor":35},{"not_picked":["Outmaneuver","Envenom+1","Flying Knee+1"],"picked":"SKIP","floor":38},{"not_picked":["Infinite Blades+1","Outmaneuver","Dagger Spray+1"],"picked":"SKIP","floor":39},{"not_picked":["Deflect","Slice"],"picked":"Dodge and Roll+1","floor":41},{"not_picked":["Expertise+1","Quick Slash"],"picked":"Dodge and Roll+1","floor":42},{"not_picked":["Dodge and Roll","Backstab","Slice"],"picked":"SKIP","floor":46},{"not_picked":["Prepared","Cloak And Dagger","Concentrate"],"picked":"SKIP","floor":47},{"not_picked":["Outmaneuver","Accuracy+1"],"picked":"Acrobatics+1","floor":48}],"player_experience":451307,"relics_obtained":[{"floor":7,"key":"Bag of Marbles"},{"floor":9,"key":"MawBank"},{"floor":13,"key":"Frozen Egg 2"},{"floor":25,"key":"Enchiridion"},{"floor":26,"key":"Pen Nib"},{"floor":36,"key":"Lantern"},{"floor":43,"key":"Ornamental Fan"}],"event_choices":[{"damage_healed":0,"gold_gain":0,"player_choice":"Entered Light","damage_taken":20,"max_hp_gain":0,"max_hp_loss":0,"event_name":"Shining Light","floor":2,"gold_loss":0,"cards_upgraded":["Survivor","Strike_G"]},{"damage_healed":0,"gold_gain":0,"player_choice":"Ignored","damage_taken":0,"max_hp_gain":0,"max_hp_loss":0,"event_name":"Golden Wing","floor":4,"gold_loss":0},{"damage_healed":0,"gold_gain":0,"player_choice":"Grow","damage_taken":0,"max_hp_gain":0,"max_hp_loss":0,"event_name":"Living Wall","floor":5,"gold_loss":0,"cards_upgraded":["Neutralize"]},{"damage_healed":0,"gold_gain":0,"player_choice":"Searched \u00271\u0027 times","damage_taken":0,"relics_obtained":["Sundial"],"max_hp_gain":0,"max_hp_loss":0,"event_name":"Dead Adventurer","floor":14,"gold_loss":0},{"damage_healed":0,"gold_gain":0,"player_choice":"Simplicity","damage_taken":0,"max_hp_gain":0,"max_hp_loss":0,"event_name":"Back to Basics","floor":20,"gold_loss":0,"cards_upgraded":["Defend_G","Defend_G","Defend_G","Defend_G","Defend_G","Strike_G","Strike_G","Strike_G"]},{"damage_healed":0,"gold_gain":0,"player_choice":"Obtained Book","damage_taken":21,"max_hp_gain":0,"max_hp_loss":0,"event_name":"Cursed Tome","floor":25,"gold_loss":0},{"damage_healed":0,"gold_gain":50,"player_choice":"Stole From Cult","damage_taken":0,"max_hp_gain":0,"max_hp_loss":0,"event_name":"Nest","floor":29,"gold_loss":0},{"damage_healed":0,"gold_gain":0,"player_choice":"Paid Fearfully","damage_taken":0,"max_hp_gain":0,"max_hp_loss":0,"event_name":"Masked Bandits","floor":30,"gold_loss":82},{"damage_healed":0,"gold_gain":0,"player_choice":"1 cards matched","damage_taken":0,"max_hp_gain":0,"max_hp_loss":0,"event_name":"Match and Keep!","floor":31,"gold_loss":0,"cards_obtained":["Leg Sweep"]},{"damage_healed":0,"gold_gain":0,"player_choice":"Ignored","damage_taken":0,"max_hp_gain":0,"max_hp_loss":0,"event_name":"Mysterious Sphere","floor":37,"gold_loss":0},{"damage_healed":0,"gold_gain":0,"player_choice":"Memory 3","damage_taken":10,"max_hp_gain":0,"max_hp_loss":0,"event_name":"SensoryStone","floor":44,"gold_loss":0}],"is_beta":false,"boss_relics":[{"not_picked":["Eternal Feather","White Beast Statue"],"picked":"Philosopher\u0027s Stone"},{"not_picked":["Runic Dome","WristBlade"],"picked":"Astrolabe"}],"items_purged_floors":[19,27],"is_endless":false,"potions_floor_spawned":[10,12,13,16,22,33,35,42,46,47,48],"ascension_level":20}