{"gold_per_floor":[114,133,44,44,44,44,79,98,98,98,110,127,162,28,28,28],"floor_reached":16,"playtime":589,"items_purged":["Strike_R"],"score":270,"play_id":"ddc473ae-b661-4339-aa27-083375b463f6","local_time":"20190309184930","is_ascension_mode":true,"campfire_choices":[{"data":"Carnage","floor":6,"key":"SMITH"},{"data":"Bash","floor":10,"key":"SMITH"},{"floor":15,"key":"DIG"}],"neow_cost":"NONE","seed_source_timestamp":1946913016207227,"circlet_count":0,"master_deck":["AscendersBane","Strike_R","Strike_R","Strike_R","Strike_R","Defend_R","Defend_R","Defend_R","Defend_R","Bash+1","Armaments","Carnage+1","Feel No Pain","Corruption","Anger+1","Body Slam+1","Shrug It Off"],"relics":["Burning Blood","NeowsBlessing","Shovel","Molten Egg 2","Pantograph","Sundial"],"potions_floor_usage":[13,16],"damage_taken":[{"damage":0,"enemies":"Small Slimes","floor":1,"turns":1},{"damage":0,"enemies":"Jaw Worm","floor":2,"turns":1},{"damage":0,"enemies":"Lagavulin","floor":7,"turns":1},{"damage":0,"enemies":"Cultist","floor":8,"turns":3},{"damage":12,"enemies":"Looter","floor":11,"turns":3},{"damage":13,"enemies":"3 Louse","floor":12,"turns":4},{"damage":8,"enemies":"Gremlin Nob","floor":13,"turns":3},{"damage":82,"enemies":"The Guardian","floor":16,"turns":11}],"seed_played":"-6852908482359122246","potions_obtained":[{"floor":2,"key":"SteroidPotion"},{"floor":5,"key":"Ancient Potion"},{"floor":5,"key":"Poison Potion"},{"floor":13,"key":"Ancient Potion"}],"is_trial":false,"path_per_floor":["M","M","$","?","?","R","E","M","T","R","M","M","E","$","R","B"],"character_chosen":"IRONCLAD","items_purchased":["Carnage","Shrug It Off"],"campfire_rested":0,"item_purchase_floors":[3,14],"current_hp_per_floor":[74,75,75,80,80,80,80,80,80,80,74,67,65,65,65,0],"gold":28,"neow_bonus":"THREE_ENEMY_KILL","is_prod":false,"is_daily":false,"chose_seed":false,"campfire_upgraded":2,"win_rate":0,"timestamp":1552124970,"path_taken":["M","M","$","?","?","R","E","M","T","R","M","M","E","$","R","BOSS"],"build_version":"2019-01-23","purchased_purges":1,"victory":false,"max_hp_per_floor":[75,75,75,80,80,80,80,80,80,80,80,80,80,80,80,80],"card_choices":[{"not_picked":["Clash","Blood for Blood","Flex"],"picked":"SKIP","floor":1},{"not_picked":["Clash","Fire Breathing"],"picked":"Armaments","floor":2},{"not_picked":["Iron Wave","Havoc"],"picked":"Feel No Pain","floor":7},{"not_picked":["Perfected Strike","Havoc"],"picked":"Corruption","floor":8},{"not_picked":["Berserk","Havoc"],"picked":"Anger+1","floor":11},{"not_picked":["Thunderclap+1","Corruption","Sword Boomerang+1"],"picked":"SKIP","floor":12},{"not_picked":["Power Through","Brutality"],"picked":"Body Slam+1","floor":13}],"player_experience":521141,"relics_obtained":[{"floor":7,"key":"Shovel"},{"floor":9,"key":"Molten Egg 2"},{"floor":13,"key":"Pantograph"},{"floor":15,"key":"Sundial"}],"event_choices":[{"damage_healed":0,"gold_gain":0,"player_choice":"Donut","damage_taken":0,"max_hp_gain":5,"max_hp_loss":0,"event_name":"Big Fish","floor":4,"gold_loss":0},{"damage_healed":0,"gold_gain":0,"player_choice":"Got Potions","damage_taken":0,"max_hp_gain":0,"max_hp_loss":0,"event_name":"Lab","floor":5,"gold_loss":0}],"is_beta":false,"boss_relics":[],"items_purged_floors":[14],"is_endless":false,"potions_floor_spawned":[2,7,11,13],"killed_by":"The Guardian","ascension_level":20}