{"path_per_floor":["M","M","?","M","$","?","M","E","T","R","?","E","T","?","R","B",null,"M","?","?","$","?","R","E","R","T","E","M","R","$","M","R","B",null,"M","?","M","?","$","E","?","R","T","T","M","?","R","M","R"],"character_chosen":"IRONCLAD","items_purchased":["Juzu Bracelet","Seeing Red","Offering","Rupture"],"gold_per_floor":[119,137,237,254,35,35,50,91,117,117,67,102,102,102,102,232,232,250,250,250,36,36,36,80,80,127,171,191,191,116,134,134,259,259,283,283,298,298,198,242,242,242,313,313,327,0,0,19,19],"floor_reached":50,"campfire_rested":2,"playtime":2912,"current_hp_per_floor":[80,80,80,80,80,60,58,22,22,46,46,28,28,28,52,32,80,80,80,80,80,80,80,72,72,72,80,80,80,80,80,80,80,80,80,70,69,69,69,61,61,61,61,61,75,75,75,80,80],"items_purged":["Defend_R","Strike_R"],"gold":19,"score":487,"play_id":"5dac5183-ac96-4df7-aa4e-b34d954db76f","is_prod":false,"is_daily":false,"is_ascension_mode":false,"campfire_upgraded":7,"path_taken":["M","M","?","M","?","?","M","E","T","R","?","E","?","?","R","BOSS","M","?","?","$","?","R","E","R","T","E","M","R","?","M","R","BOSS","M","?","M","?","?","E","?","R","T","?","M","?","R","M","R","BOSS"],"build_version":"2018-02-22-PROD2","purchased_purges":5,"victory":false,"master_deck":["Strike_R+1","Strike_R+1","Defend_R+1","Defend_R+1","Defend_R+1","Bash+1","Spot Weakness+1","Seeing Red+1","Reaper","Shrug It Off+1","Double Tap+1","Headbutt+1","Offering","Dropkick","Twin Strike+1","Madness","Madness"],"max_hp_per_floor":[80,80,80,80,80,80,80,80,80,80,80,80,80,80,80,80,80,80,80,80,80,80,80,80,80,80,80,80,80,80,80,80,80,80,80,80,80,80,80,80,80,80,80,80,80,80,80,80,80],"relics":["Burning Blood","Happy Flower","Juzu Bracelet","Golden Idol","Bag of Preparation","Vajra","Magic Flower","Ginger","Sozu","Bag of Marbles","Lantern","Orichalcum","Question Card","Letter Opener","Toxic Egg 2","Charon\u0027s Ashes","Red Mask"],"card_choices":[{"not_picked":["Body Slam","Iron Wave"],"picked":"Spot Weakness"},{"not_picked":["Corruption","Body Slam"],"picked":"Reaper"},{"not_picked":["Cleave","True Grit"],"picked":"Shrug It Off"},{"not_picked":["Bludgeon","Exhume"],"picked":"Double Tap"},{"not_picked":["Anger","Flex"],"picked":"Headbutt"},{"not_picked":["Shockwave","Spot Weakness"],"picked":"Dropkick"},{"not_picked":["Cleave","Clash"],"picked":"Twin Strike"},{"not_picked":["Clash","Wild Strike","Flame Barrier"],"picked":"Combust"}],"player_experience":66579,"potions_floor_usage":[],"damage_taken":[{"damage":1.0,"enemies":"Jaw Worm","floor":1.0,"turns":3.0},{"damage":1.0,"enemies":"Cultist","floor":2.0,"turns":3.0},{"damage":5.0,"enemies":"2 Louse","floor":4.0,"turns":2.0},{"damage":8.0,"enemies":"Exordium Thugs","floor":7.0,"turns":4.0},{"damage":42.0,"enemies":"Gremlin Nob","floor":8.0,"turns":5.0},{"damage":31.0,"enemies":"Lagavulin","floor":12.0,"turns":5.0},{"damage":66.0,"enemies":"The Guardian","floor":16.0,"turns":10.0},{"damage":15.0,"enemies":"3 Byrds","floor":18.0,"turns":6.0},{"damage":29.0,"enemies":"Slavers","floor":24.0,"turns":5.0},{"damage":9.0,"enemies":"Book of Stabbing","floor":27.0,"turns":3.0},{"damage":4.0,"enemies":"Spheric Guardian","floor":28.0,"turns":1.0},{"damage":4.0,"enemies":"Snake Plant","floor":31.0,"turns":1.0},{"damage":48.0,"enemies":"Collector","floor":33.0,"turns":5.0},{"damage":0,"enemies":"Orb Walker","floor":35,"turns":2},{"damage":28,"enemies":"3 Shapes","floor":37,"turns":5},{"damage":31,"enemies":"Giant Head","floor":40,"turns":6},{"damage":15,"enemies":"Maw","floor":45,"turns":5},{"damage":4,"enemies":"Sphere and 2 Shapes","floor":48,"turns":1},{"damage":113,"enemies":"Time Eater","floor":50,"turns":8}],"event_choices":[{"event_name":"Golden Shrine","player_choice":"Pray","floor":3.0,"damage_taken":0.0},{"event_name":"Golden Idol","player_choice":"Take Damage","floor":6.0,"damage_taken":0.0},{"event_name":"The Cleric","player_choice":"Card Removal","floor":11.0,"damage_taken":0.0},{"event_name":"Liars Game","player_choice":"disagreed","floor":14.0,"damage_taken":0.0},{"event_name":"Accursed Blacksmith","player_choice":"Ignore","floor":19.0,"damage_taken":0.0},{"event_name":"Back to Basics","player_choice":"Simplicity","floor":20.0,"damage_taken":0.0},{"event_name":"Bonfire Elementals","player_choice":"BASIC","floor":22.0,"damage_taken":0.0},{"event_name":"Winding Halls","player_choice":"Embrace Madness","floor":36,"damage_taken":0},{"event_name":"Purifier","player_choice":"One Purge","floor":41,"damage_taken":0},{"event_name":"Tomb of Lord Red Mask","player_choice":"Paid","floor":46,"damage_taken":0}],"boss_relics":[{"not_picked":["Orrery","Calling Bell"],"picked":"Question Card"}],"potions_floor_spawned":[1,2,7,12,18,24,33,35,40],"seed_played":"1773577188948324586","killed_by":"Time Eater","ascension_level":0,"is_trial":false}