{"gold_per_floor":[117,131,146,161,176,176,205,280,329,329,342,376,376,389,389,467,467,483,499,513,438,458,458,475,475,501,501],"floor_reached":27,"playtime":1407,"items_purged":["Strike_B"],"score":458,"play_id":"e09a0378-dbaf-4b4a-9018-499e93f8f696","local_time":"20190709225538","is_ascension_mode":true,"campfire_choices":[{"data":"Electrodynamics","floor":6,"key":"SMITH"},{"floor":10,"key":"REST"},{"data":"Zap","floor":15,"key":"SMITH"},{"floor":23,"key":"REST"},{"floor":25,"key":"REST"}],"neow_cost":"TEN_PERCENT_HP_LOSS","seed_source_timestamp":598720216269231,"circlet_count":0,"master_deck":["AscendersBane","Strike_B","Strike_B","Strike_B","Defend_B","Defend_B","Defend_B","Defend_B","Zap+1","Dualcast","Electrodynamics+1","Conserve Battery","Glacier","Ball Lightning","Conserve Battery","Defragment+1","Creative AI+1","Defragment+1"],"relics":["Cracked Core","Thread and Needle","Frozen Egg 2","NlothsMask","Inserter"],"potions_floor_usage":[7,16,22,27],"damage_taken":[{"damage":4,"enemies":"Jaw Worm","floor":1,"turns":4},{"damage":1,"enemies":"2 Louse","floor":2,"turns":2},{"damage":1,"enemies":"Cultist","floor":3,"turns":4},{"damage":10,"enemies":"Gremlin Gang","floor":4,"turns":2},{"damage":6,"enemies":"Blue Slaver","floor":5,"turns":3},{"damage":16,"enemies":"Gremlin Nob","floor":7,"turns":4},{"damage":0,"enemies":"Red Slaver","floor":11,"turns":3},{"damage":16,"enemies":"Lagavulin","floor":12,"turns":8},{"damage":0,"enemies":"Looter","floor":14,"turns":3},{"damage":17,"enemies":"The Guardian","floor":16,"turns":12},{"damage":1,"enemies":"Spheric Guardian","floor":18,"turns":5},{"damage":16,"enemies":"2 Thieves","floor":19,"turns":3},{"damage":19,"enemies":"3 Cultists","floor":20,"turns":5},{"damage":25,"enemies":"Snecko","floor":22,"turns":6},{"damage":20,"enemies":"Snake Plant","floor":24,"turns":5},{"damage":21,"enemies":"Gremlin Leader","floor":27,"turns":2}],"seed_played":"7886618720023552732","potions_obtained":[{"floor":3,"key":"Dexterity Potion"},{"floor":5,"key":"Ancient Potion"},{"floor":7,"key":"LiquidBronze"},{"floor":16,"key":"Regen Potion"},{"floor":24,"key":"AttackPotion"}],"is_trial":false,"path_per_floor":["M","M","M","M","M","R","E","?","T","R","M","E","?","M","R","B",null,"M","M","M","$","M","R","M","R","T","E"],"character_chosen":"DEFECT","items_purchased":[],"campfire_rested":3,"item_purchase_floors":[],"current_hp_per_floor":[60,59,58,48,42,42,26,15,15,34,34,18,18,18,18,1,48,47,31,12,12,2,21,1,20,20,0],"gold":501,"neow_bonus":"THREE_RARE_CARDS","is_prod":false,"is_daily":false,"chose_seed":false,"campfire_upgraded":2,"win_rate":0,"timestamp":1562680538,"path_taken":["M","M","M","M","M","R","E","?","T","R","M","E","?","?","R","BOSS","M","?","M","$","M","R","M","R","T","E"],"build_version":"2019-07-05","purchased_purges":1,"victory":false,"max_hp_per_floor":[64,64,64,64,64,64,64,64,64,64,64,64,64,64,64,64,64,64,64,64,64,64,64,64,64,64,64],"card_choices":[{"not_picked":["Machine Learning","Amplify"],"picked":"Electrodynamics","floor":0},{"not_picked":["White Noise","Turbo"],"picked":"Conserve Battery","floor":1},{"not_picked":["Go for the Eyes","Buffer","Leap"],"picked":"SKIP","floor":2},{"not_picked":["Ball Lightning","Loop"],"picked":"Glacier","floor":3},{"not_picked":["Rebound","Streamline","Coolheaded"],"picked":"SKIP","floor":4},{"not_picked":["Stack","Reinforced Body"],"picked":"Ball Lightning","floor":5},{"not_picked":["Turbo","Machine Learning"],"picked":"Conserve Battery","floor":7},{"not_picked":["Redo","Gash","Static Discharge"],"picked":"SKIP","floor":11},{"not_picked":["Darkness","Turbo","Double Energy"],"picked":"SKIP","floor":12},{"not_picked":["Turbo","Steam"],"picked":"Defragment+1","floor":14},{"not_picked":["Seek","Meteor Strike"],"picked":"Creative AI+1","floor":16},{"not_picked":["Ball Lightning","Chill+1","Reprogram"],"picked":"SKIP","floor":18},{"not_picked":["Ball Lightning","Chill+1","Reprogram"],"picked":"SKIP","floor":18},{"not_picked":["Ball Lightning","Chill+1","Reprogram"],"picked":"SKIP","floor":18},{"not_picked":["Leap","Conserve Battery","Ball Lightning"],"picked":"SKIP","floor":19},{"not_picked":["Heatsinks+1","Go for the Eyes","Blizzard"],"picked":"SKIP","floor":20},{"not_picked":["Cold Snap","Scrape+1","Conserve Battery"],"picked":"SKIP","floor":22},{"not_picked":["Compile Driver","Ball Lightning"],"picked":"Defragment+1","floor":24}],"player_experience":555749,"relics_obtained":[{"floor":7,"key":"Thread and Needle"},{"floor":12,"key":"Frozen Egg 2"}],"event_choices":[{"damage_healed":0,"gold_gain":75,"player_choice":"Gather Gold","damage_taken":11,"max_hp_gain":0,"max_hp_loss":0,"event_name":"World of Goop","floor":8,"gold_loss":0},{"damage_healed":0,"gold_gain":0,"player_choice":"Trade","damage_taken":0,"relics_obtained":["NlothsMask"],"max_hp_gain":0,"max_hp_loss":0,"event_name":"FaceTrader","floor":13,"gold_loss":0}],"is_beta":false,"boss_relics":[{"not_picked":["Empty Cage","Astrolabe"],"picked":"Inserter"}],"items_purged_floors":[21],"is_endless":false,"potions_floor_spawned":[3,5,7,14,16,20,24],"killed_by":"Gremlin Leader","ascension_level":20}