{"gold_per_floor":[118,118,130,141,141,141,61,80,80,110,110,139,150,36,36,132,132,150,150,150,168,68,68,103,119,119,119,139,165,61,75,75,170,170,190,204,27,38,52,87,87,120,120,120,151,161,174,199,199,199,199,199,4,29,29],"floor_reached":56,"playtime":4644,"items_purged":["Strike_R","Strike_R","Shame","Strike_R"],"score":1858,"play_id":"31b88255-f166-43c5-b26d-4b55248f52f2","local_time":"20190130051957","is_ascension_mode":true,"campfire_choices":[{"data":"Battle Trance","floor":6,"key":"SMITH"},{"data":"Body Slam","floor":11,"key":"SMITH"},{"data":"Disarm","floor":15,"key":"SMITH"},{"data":"Barricade","floor":23,"key":"SMITH"},{"floor":27,"key":"REST"},{"data":"Entrench","floor":32,"key":"SMITH"},{"data":"Body Slam","floor":41,"key":"SMITH"},{"floor":44,"key":"RECALL"},{"data":"Impervious","floor":49,"key":"SMITH"},{"data":"Impervious","floor":52,"key":"SMITH"}],"neow_cost":"NONE","seed_source_timestamp":751311899940017,"circlet_count":0,"master_deck":["Strike_R+1","Defend_R","Defend_R","Defend_R","Defend_R","Bash+1","Battle Trance+1","Shrug It Off","Shrug It Off","Disarm+1","Body Slam+1","Entrench+1","Headbutt+1","Evolve","Barricade+1","True Grit+1","Hemokinesis","Clothesline+1","Body Slam+1","Metallicize","Impervious+1","Flame Barrier","Shrug It Off","Impervious+1","Shrug It Off","Armaments+1","Disarm+1"],"relics":["Burning Blood","NeowsBlessing","Ancient Tea Set","Meat on the Bone","Whetstone","Cursed Key","Oddly Smooth Stone","Gremlin Horn","Lantern","Sozu","Darkstone Periapt","Du-Vu Doll","Mercury Hourglass","Toxic Egg 2","StoneCalendar"],"potions_floor_usage":[24,24,54,55,55],"damage_taken":[{"damage":0,"enemies":"2 Louse","floor":1,"turns":1},{"damage":0,"enemies":"Cultist","floor":3,"turns":1},{"damage":0,"enemies":"Jaw Worm","floor":4,"turns":1},{"damage":4,"enemies":"Looter","floor":8,"turns":4},{"damage":29,"enemies":"3 Sentries","floor":10,"turns":14},{"damage":34,"enemies":"Gremlin Nob","floor":12,"turns":4},{"damage":4,"enemies":"Red Slaver","floor":13,"turns":5},{"damage":16,"enemies":"Hexaghost","floor":16,"turns":11},{"damage":13,"enemies":"3 Byrds","floor":18,"turns":9},{"damage":11,"enemies":"2 Thieves","floor":21,"turns":5},{"damage":51,"enemies":"Slavers","floor":24,"turns":9},{"damage":15,"enemies":"Snecko","floor":25,"turns":6},{"damage":0,"enemies":"Centurion and Healer","floor":28,"turns":7},{"damage":25,"enemies":"Book of Stabbing","floor":29,"turns":6},{"damage":24,"enemies":"3 Cultists","floor":31,"turns":8},{"damage":19,"enemies":"Champ","floor":33,"turns":10},{"damage":13,"enemies":"3 Darklings","floor":35,"turns":7},{"damage":0,"enemies":"3 Shapes","floor":36,"turns":5},{"damage":12,"enemies":"Writhing Mass","floor":38,"turns":5},{"damage":20,"enemies":"Maw","floor":39,"turns":8},{"damage":0,"enemies":"Nemesis","floor":40,"turns":7},{"damage":0,"enemies":"Giant Head","floor":42,"turns":5},{"damage":13,"enemies":"Nemesis","floor":45,"turns":9},{"damage":0,"enemies":"Sphere and 2 Shapes","floor":46,"turns":7},{"damage":0,"enemies":"Spire Growth","floor":47,"turns":4},{"damage":3,"enemies":"Reptomancer","floor":48,"turns":6},{"damage":15,"enemies":"Donu and Deca","floor":50,"turns":10},{"damage":8,"enemies":"Shield and Spear","floor":54,"turns":6},{"damage":39,"enemies":"The Heart","floor":55,"turns":9}],"seed_played":"1750580049291404306","potions_obtained":[{"floor":4,"key":"GamblersBrew"},{"floor":13,"key":"SpeedPotion"},{"floor":16,"key":"Weak Potion"},{"floor":24,"key":"Strength Potion"},{"floor":31,"key":"Block Potion"}],"is_trial":false,"path_per_floor":["M","?","M","M","$","R","$","M","T","E","R","E","M","$","R","B",null,"M","?","?","M","$","R","E","M","T","R","M","E","?","M","R","B",null,"M","M","$","M","M","E","R","E","T","R","E","M","M","E","R","B",null,"R","$","E","B",null],"character_chosen":"IRONCLAD","items_purchased":["Disarm","Evolve","Shrug It Off","Armaments+1"],"campfire_rested":1,"item_purchase_floors":[7,14,37,53],"current_hp_per_floor":[78,78,80,80,80,80,80,80,80,57,57,41,55,55,55,57,74,67,52,52,59,59,59,26,29,29,54,60,53,53,47,47,46,75,68,74,74,68,54,60,60,66,66,66,59,65,71,74,74,65,80,80,80,78,57],"gold":29,"neow_bonus":"THREE_ENEMY_KILL","is_prod":false,"is_daily":false,"chose_seed":false,"campfire_upgraded":8,"win_rate":0,"timestamp":1548793197,"path_taken":["M","?","?","M","$","R","$","M","T","E","R","E","M","?","R","BOSS","M","?","?","?","$","R","E","M","T","R","M","E","?","M","R","BOSS","M","M","$","?","M","E","R","E","T","R","E","M","M","E","R","BOSS","R","$","E","BOSS"],"build_version":"2019-01-23","purchased_purges":4,"victory":true,"max_hp_per_floor":[80,80,80,80,80,80,80,80,80,80,80,80,80,80,80,80,80,80,85,85,85,85,85,85,85,85,85,85,85,85,85,85,85,85,85,85,85,85,85,85,85,85,85,85,85,85,85,85,85,85,85,85,85,85,85],"card_choices":[{"not_picked":["Perfected Strike","Evolve"],"picked":"Battle Trance","floor":1},{"not_picked":["Thunderclap","Flex"],"picked":"Shrug It Off","floor":3},{"not_picked":["Pummel","Shockwave"],"picked":"Shrug It Off","floor":4},{"not_picked":["Armaments","Warcry"],"picked":"Body Slam","floor":8},{"not_picked":["Metallicize","Blood for Blood"],"picked":"Entrench","floor":10},{"not_picked":["Dark Embrace","Rupture"],"picked":"Headbutt","floor":12},{"not_picked":["Reckless Charge","Rupture","Pommel Strike"],"picked":"SKIP","floor":13},{"not_picked":["Exhume","Demon Form"],"picked":"Barricade","floor":16},{"not_picked":["Body Slam","Uppercut"],"picked":"True Grit+1","floor":18},{"not_picked":["Flex","True Grit"],"picked":"Clothesline+1","floor":21},{"not_picked":["Perfected Strike","Twin Strike","Intimidate"],"picked":"SKIP","floor":24},{"not_picked":["Inflame","Headbutt+1","Juggernaut"],"picked":"SKIP","floor":25},{"not_picked":["Evolve","Headbutt","Iron Wave"],"picked":"SKIP","floor":28},{"not_picked":["Sever Soul","Shockwave"],"picked":"Body Slam","floor":29},{"not_picked":["Blood for Blood","Pummel"],"picked":"Metallicize","floor":31},{"not_picked":["Double Tap","Demon Form"],"picked":"Impervious","floor":33},{"not_picked":["Infernal Blade","Clash+1"],"picked":"Flame Barrier","floor":35},{"not_picked":["Warcry+1","Perfected Strike","Power Through"],"picked":"SKIP","floor":36},{"not_picked":["Warcry+1","Perfected Strike","Power Through"],"picked":"SKIP","floor":36},{"not_picked":["Wild Strike+1","Rampage","Disarm+1"],"picked":"SKIP","floor":38},{"not_picked":["Twin Strike+1","Seeing Red","Havoc"],"picked":"SKIP","floor":39},{"not_picked":["Double Tap","Thunderclap+1"],"picked":"Impervious","floor":40},{"not_picked":["Thunderclap","Heavy Blade","Dropkick+1"],"picked":"SKIP","floor":42},{"not_picked":["Evolve+1","Bloodletting","Perfected Strike+1"],"picked":"SKIP","floor":45},{"not_picked":["Inflame+1","Dual Wield+1","Anger+1"],"picked":"SKIP","floor":46},{"not_picked":["Metallicize","Blood for Blood"],"picked":"Shrug It Off","floor":47},{"not_picked":["Wild Strike+1","Searing Blow","Brutality"],"picked":"SKIP","floor":48},{"not_picked":["Havoc+1","Headbutt+1"],"picked":"Disarm+1","floor":54}],"player_experience":474173,"relics_obtained":[{"floor":9,"key":"Ancient Tea Set"},{"floor":10,"key":"Meat on the Bone"},{"floor":12,"key":"Whetstone"},{"floor":24,"key":"Oddly Smooth Stone"},{"floor":29,"key":"Gremlin Horn"},{"floor":40,"key":"Darkstone Periapt"},{"floor":42,"key":"Du-Vu Doll"},{"floor":45,"key":"Mercury Hourglass"},{"floor":48,"key":"Toxic Egg 2"},{"floor":54,"key":"StoneCalendar"}],"event_choices":[{"damage_healed":0,"gold_gain":0,"player_choice":"Forge","damage_taken":0,"max_hp_gain":0,"max_hp_loss":0,"event_name":"Accursed Blacksmith","floor":2,"gold_loss":0,"cards_upgraded":["Bash"]},{"damage_healed":0,"gold_gain":0,"player_choice":"Shed Blood","damage_taken":20,"max_hp_gain":5,"max_hp_loss":0,"event_name":"Forgotten Altar","floor":19,"gold_loss":0},{"damage_healed":0,"gold_gain":0,"cards_transformed":["Strike_R"],"player_choice":"Transformed","damage_taken":0,"max_hp_gain":0,"max_hp_loss":0,"event_name":"Transmorgrifier","floor":20,"gold_loss":0,"cards_obtained":["Hemokinesis"]},{"damage_healed":0,"gold_gain":0,"player_choice":"Paid Gold","damage_taken":0,"relics_obtained":["Lantern"],"max_hp_gain":0,"max_hp_loss":0,"event_name":"WeMeetAgain","floor":30,"gold_loss":104}],"is_beta":false,"boss_relics":[{"not_picked":["Black Blood","Runic Pyramid"],"picked":"Cursed Key"},{"not_picked":["Pandora\u0027s Box","Coffee Dripper"],"picked":"Sozu"}],"items_purged_floors":[14,22,37,53],"is_endless":false,"potions_floor_spawned":[4,13,16,21,24,31,33,40,42,46,47,54],"ascension_level":9}