{"gold_per_floor":[119,5,5,5,19,54,54,86,86,86,99,132,145,204,204,283,283,295,395,395,413,114,114,128,128],"floor_reached":25,"playtime":1040,"items_purged":["Strike_R"],"score":488,"play_id":"fa27d4cb-348f-428d-be66-85df6d0c8445","local_time":"20190309201341","is_ascension_mode":true,"campfire_choices":[{"data":"Combust","floor":7,"key":"SMITH"},{"data":"Rupture","floor":10,"key":"SMITH"},{"data":"Shockwave","floor":15,"key":"SMITH"},{"floor":23,"key":"REST"}],"neow_cost":"NONE","seed_source_timestamp":1951512487883144,"circlet_count":0,"master_deck":["AscendersBane","Strike_R+1","Strike_R","Strike_R","Strike_R+1","Defend_R","Defend_R","Defend_R","Defend_R","Bash","Twin Strike","Spot Weakness","Cleave","Combust+1","Rupture+1","Battle Trance","Shockwave+1","Shrug It Off","Brutality","Shrug It Off","Sword Boomerang","Warcry"],"relics":["Burning Blood","NeowsBlessing","Mercury Hourglass","Strawberry","Whetstone","Dream Catcher","StoneCalendar","Cursed Key","Unceasing Top","Pantograph","PreservedInsect"],"potions_floor_usage":[14,19],"damage_taken":[{"damage":0,"enemies":"Small Slimes","floor":1,"turns":1},{"damage":0,"enemies":"2 Louse","floor":5,"turns":1},{"damage":0,"enemies":"3 Sentries","floor":6,"turns":1},{"damage":34,"enemies":"Gremlin Nob","floor":8,"turns":4},{"damage":7,"enemies":"Jaw Worm","floor":11,"turns":2},{"damage":28,"enemies":"Lagavulin","floor":12,"turns":5},{"damage":3,"enemies":"Large Slime","floor":13,"turns":4},{"damage":12,"enemies":"Gremlin Nob","floor":14,"turns":3},{"damage":22,"enemies":"Slime Boss","floor":16,"turns":7},{"damage":1,"enemies":"3 Byrds","floor":18,"turns":4},{"damage":23,"enemies":"Colosseum Slavers","floor":19,"turns":4},{"damage":26,"enemies":"Colosseum Nobs","floor":19,"turns":4},{"damage":26,"enemies":"2 Thieves","floor":21,"turns":3},{"damage":18,"enemies":"Cultist and Chosen","floor":24,"turns":4},{"damage":28,"enemies":"Book of Stabbing","floor":25,"turns":2}],"seed_played":"-6085574414976776243","potions_obtained":[{"floor":8,"key":"Regen Potion"},{"floor":11,"key":"SpeedPotion"},{"floor":16,"key":"Strength Potion"},{"floor":24,"key":"BloodPotion"}],"is_trial":false,"path_per_floor":["M","$","?","?","M","E","R","E","T","R","M","E","M","?","R","B",null,"M","?","T","M","$","R","M","E"],"character_chosen":"IRONCLAD","items_purchased":["Spot Weakness","Cleave","PreservedInsect","Sword Boomerang"],"campfire_rested":1,"item_purchase_floors":[2,2,22,22],"current_hp_per_floor":[74,74,74,74,75,75,75,54,54,54,53,31,34,40,40,24,68,73,36,36,16,16,40,28,0],"gold":128,"neow_bonus":"THREE_ENEMY_KILL","is_prod":false,"is_daily":false,"chose_seed":false,"campfire_upgraded":3,"win_rate":0,"timestamp":1552130021,"path_taken":["M","$","?","?","M","E","R","E","T","R","M","E","M","?","R","BOSS","M","?","?","M","$","R","M","E"],"build_version":"2019-01-23","purchased_purges":1,"victory":false,"max_hp_per_floor":[75,75,75,75,75,75,75,82,82,82,82,82,82,82,82,82,82,82,82,82,82,82,82,82,82],"card_choices":[{"not_picked":["Thunderclap","Sentinel"],"picked":"Twin Strike","floor":1},{"not_picked":["Dual Wield","Pommel Strike"],"picked":"Combust","floor":5},{"not_picked":["True Grit","Clothesline"],"picked":"Rupture","floor":6},{"not_picked":["Metallicize","Thunderclap"],"picked":"Battle Trance","floor":8},{"not_picked":["Pommel Strike","Reckless Charge"],"picked":"Shockwave","floor":11},{"not_picked":["Cleave","Clothesline"],"picked":"Shrug It Off","floor":12},{"not_picked":["Clothesline","Pommel Strike","Flex"],"picked":"SKIP","floor":13},{"not_picked":["Bludgeon","Feed"],"picked":"Brutality","floor":16},{"not_picked":["Seeing Red","Perfected Strike"],"picked":"Shrug It Off","floor":18},{"not_picked":["Second Wind","Iron Wave","Heavy Blade"],"picked":"SKIP","floor":21},{"not_picked":["Headbutt","Clash"],"picked":"Warcry","floor":24}],"player_experience":525677,"relics_obtained":[{"floor":6,"key":"Mercury Hourglass"},{"floor":8,"key":"Strawberry"},{"floor":9,"key":"Whetstone"},{"floor":12,"key":"Dream Catcher"},{"floor":14,"key":"StoneCalendar"},{"floor":19,"key":"Unceasing Top"},{"floor":19,"key":"Pantograph"}],"event_choices":[{"damage_healed":0,"gold_gain":0,"player_choice":"Ignored","damage_taken":0,"max_hp_gain":0,"max_hp_loss":0,"event_name":"Liars Game","floor":3,"gold_loss":0},{"damage_healed":0,"gold_gain":0,"player_choice":"Leave","damage_taken":0,"max_hp_gain":0,"max_hp_loss":0,"event_name":"The Cleric","floor":4,"gold_loss":0},{"damage_healed":0,"gold_gain":0,"player_choice":"Searched \u00272\u0027 times","damage_taken":0,"max_hp_gain":0,"max_hp_loss":0,"event_name":"Dead Adventurer","floor":14,"gold_loss":0},{"damage_healed":0,"gold_gain":0,"player_choice":"Fight","damage_taken":0,"max_hp_gain":0,"max_hp_loss":0,"event_name":"Colosseum","floor":19,"gold_loss":0},{"damage_healed":0,"gold_gain":0,"player_choice":"Fought Nobs","damage_taken":0,"max_hp_gain":0,"max_hp_loss":0,"event_name":"Colosseum","floor":19,"gold_loss":0}],"is_beta":false,"boss_relics":[{"not_picked":["Snecko Eye","Runic Pyramid"],"picked":"Cursed Key"}],"items_purged_floors":[22],"is_endless":false,"potions_floor_spawned":[8,11,13,16,24],"killed_by":"Book of Stabbing","ascension_level":20}