{"path_per_floor":["M","?","M","M","M","R","?","R","T","M","M","M","E","M","R","B",null,"M","?","$","M","T","R","M","M","T","?","M","R","?","M","R"],"character_chosen":"THE_SILENT","items_purchased":[],"gold_per_floor":[119,119,138,158,177,177,177,177,177,194,204,218,247,258,258,353,353,372,372,297,307,333,333,346,358,358,273,292,292,392,408,408,408],"floor_reached":33,"campfire_rested":3,"playtime":2410,"current_hp_per_floor":[70,70,69,67,63,63,49,49,49,38,40,42,38,39,60,22,70,70,70,70,63,63,63,52,42,42,42,39,60,60,47,68,0],"items_purged":["Masterful Stab"],"gold":408,"score":253,"play_id":"27a4f682-4b84-4cd4-8d5c-96a9a6786c47","local_time":"20180417013827","is_prod":false,"is_daily":false,"chose_seed":false,"is_ascension_mode":false,"campfire_upgraded":3,"timestamp":1523921907,"path_taken":["M","?","?","?","M","R","?","R","T","M","M","M","E","M","R","BOSS","M","?","$","M","?","R","M","M","T","?","M","R","?","M","R","BOSS"],"build_version":"2018-04-12","seed_source_timestamp":56345504547272,"purchased_purges":1,"victory":false,"master_deck":["Survivor","Neutralize","Distraction+1","Finisher+1","Cloak And Dagger+1","Cloak And Dagger","Accuracy+1","Doppelganger","Finisher+1","Deflect","Poisoned Stab","Outmaneuver","Backflip","Malaise","Flying Knee","Finisher","Well Laid Plans","Slice+1","Skewer","Cloak And Dagger+1"],"max_hp_per_floor":[70,70,70,70,70,70,70,70,70,70,70,70,70,70,70,70,70,70,70,70,70,70,70,70,70,70,70,70,70,70,70,70,70],"relics":["Ring of the Snake","Blood Vial","Juzu Bracelet","Pandora\u0027s Box","Whetstone","Meat on the Bone","Vajra"],"card_choices":[{"not_picked":["Well Laid Plans","Backflip"],"picked":"Finisher","floor":1},{"not_picked":["Prepared","Poisoned Stab"],"picked":"Cloak And Dagger","floor":3},{"not_picked":["Flechettes","Prepared"],"picked":"Cloak And Dagger","floor":11},{"not_picked":["Choke","Skewer"],"picked":"Accuracy","floor":13},{"not_picked":["Tools of the Trade","Die Die Die"],"picked":"Doppelganger","floor":16},{"not_picked":["Dodge and Roll","Malaise"],"picked":"Well Laid Plans","floor":18},{"not_picked":["Cloak And Dagger","Acrobatics"],"picked":"Slice","floor":21},{"not_picked":["Expertise","Distraction"],"picked":"Skewer","floor":25},{"not_picked":["Poisoned Stab","Acrobatics"],"picked":"Cloak And Dagger","floor":28}],"player_experience":206978,"potions_floor_usage":[5,16,18,21,28,31,33,33],"damage_taken":[{"damage":0,"enemies":"Small Slimes","floor":1,"turns":3},{"damage":1,"enemies":"Cultist","floor":3,"turns":3},{"damage":2,"enemies":"Jaw Worm","floor":4,"turns":4},{"damage":4,"enemies":"Lots of Slimes","floor":5,"turns":4},{"damage":13,"enemies":"Gremlin Gang","floor":10,"turns":5},{"damage":0,"enemies":"2 Fungi Beasts","floor":11,"turns":3},{"damage":0,"enemies":"Blue Slaver","floor":12,"turns":3},{"damage":6,"enemies":"Gremlin Nob","floor":13,"turns":4},{"damage":1,"enemies":"Exordium Wildlife","floor":14,"turns":2},{"damage":40,"enemies":"Slime Boss","floor":16,"turns":12},{"damage":0,"enemies":"Chosen","floor":18,"turns":4},{"damage":7,"enemies":"2 Thieves","floor":21,"turns":4},{"damage":13,"enemies":"Centurion and Healer","floor":24,"turns":4},{"damage":12,"enemies":"Snecko","floor":25,"turns":5},{"damage":17,"enemies":"Snake Plant","floor":28,"turns":4},{"damage":15,"enemies":"Centurion and Healer","floor":31,"turns":4},{"damage":83,"enemies":"Collector","floor":33,"turns":5}],"event_choices":[{"event_name":"The Woman in Blue","player_choice":"Bought 0 Potions","floor":2,"damage_taken":0},{"event_name":"Shining Light","player_choice":"Entered Light","floor":7,"damage_taken":0},{"event_name":"The Mausoleum","player_choice":"No","floor":19,"damage_taken":0},{"event_name":"Addict","player_choice":"Obtained Relic","floor":27,"damage_taken":0},{"event_name":"Golden Shrine","player_choice":"Pray","floor":30,"damage_taken":0}],"boss_relics":[{"not_picked":["White Beast Statue","Astrolabe"],"picked":"Pandora\u0027s Box"}],"potions_floor_spawned":[1,3,10,14,16,21,24,28],"seed_played":"6241344467284759560","killed_by":"Collector","ascension_level":0,"is_trial":false}