{"gold_per_floor":[361,436,449,184,184,218,218,11,34,66,66,79,79,109,109,211,211,228,241,191,191,208,208,208],"floor_reached":24,"playtime":1898,"items_purged":["Strike_B","Strike_B"],"score":318,"play_id":"7aa5d6a6-c394-4987-b277-dd43cdc4aca9","local_time":"20190711233251","is_ascension_mode":true,"campfire_choices":[{"data":"Hologram","floor":7,"key":"SMITH"},{"floor":11,"key":"REST"},{"floor":13,"key":"REST"},{"floor":15,"key":"RECALL"},{"floor":23,"key":"REST"}],"neow_cost":"PERCENT_DAMAGE","seed_source_timestamp":969343186200,"circlet_count":0,"master_deck":["AscendersBane","Strike_B","Defend_B","Defend_B","Defend_B","Defend_B","Zap","Dualcast","Gash","Hologram+1","Reinforced Body","Loop","All For One+1","White Noise"],"relics":["Cracked Core","Lee\u0027s Waffle","DataDisk","Thread and Needle","Membership Card","Molten Egg 2","Emotion Chip","Inserter"],"potions_floor_usage":[10,10,14,24],"damage_taken":[{"damage":4,"enemies":"Jaw Worm","floor":1,"turns":4},{"damage":2,"enemies":"2 Louse","floor":3,"turns":2},{"damage":39,"enemies":"Lagavulin","floor":6,"turns":8},{"damage":29,"enemies":"Gremlin Nob","floor":10,"turns":5},{"damage":0,"enemies":"Cultist","floor":12,"turns":3},{"damage":18,"enemies":"Lagavulin","floor":14,"turns":8},{"damage":26,"enemies":"Hexaghost","floor":16,"turns":11},{"damage":12,"enemies":"Shell Parasite","floor":18,"turns":8},{"damage":31,"enemies":"3 Byrds","floor":19,"turns":5},{"damage":12,"enemies":"Cultist and Chosen","floor":22,"turns":6},{"damage":43,"enemies":"Slavers","floor":24,"turns":3}],"seed_played":"-5609970731844665527","potions_obtained":[{"floor":6,"key":"EntropicBrew"},{"floor":10,"key":"Ancient Potion"},{"floor":12,"key":"Explosive Potion"},{"floor":16,"key":"SneckoOil"},{"floor":19,"key":"Swift Potion"}],"is_trial":false,"path_per_floor":["M","?","M","$","?","E","R","$","T","E","R","M","R","E","R","B",null,"M","M","$","?","M","R","E"],"character_chosen":"DEFECT","items_purchased":["Lee\u0027s Waffle","Membership Card"],"campfire_rested":3,"item_purchase_floors":[4,8],"current_hp_per_floor":[46,35,33,82,79,40,40,40,40,11,35,35,59,41,41,15,65,53,22,22,22,10,34,0],"gold":208,"neow_bonus":"TWO_FIFTY_GOLD","is_prod":false,"is_daily":false,"chose_seed":false,"campfire_upgraded":1,"win_rate":0,"timestamp":1562902371,"path_taken":["M","?","M","$","?","E","R","?","T","E","R","M","R","E","R","BOSS","M","M","$","?","M","R","E"],"build_version":"2019-07-05","purchased_purges":2,"victory":false,"max_hp_per_floor":[75,75,75,82,82,82,82,82,82,82,82,82,82,82,82,82,82,82,82,82,82,82,82,82],"card_choices":[{"not_picked":["Rebound","Stack"],"picked":"Gash","floor":1},{"not_picked":["Turbo","Chill"],"picked":"Hologram","floor":3},{"not_picked":["Hyperbeam","BootSequence","Stack"],"picked":"SKIP","floor":6},{"not_picked":["Sweeping Beam","Steam Power"],"picked":"Reinforced Body","floor":10},{"not_picked":["Turbo","Steam Power","Steam"],"picked":"SKIP","floor":12},{"not_picked":["Fission","Turbo"],"picked":"Loop","floor":14},{"not_picked":["Electrodynamics","Multi-Cast"],"picked":"All For One+1","floor":16},{"not_picked":["Scrape+1","Reinforced Body","Darkness+1"],"picked":"SKIP","floor":18},{"not_picked":["Barrage+1","Rip and Tear+1"],"picked":"White Noise","floor":19},{"not_picked":["BootSequence+1","Beam Cell+1","Auto Shields"],"picked":"SKIP","floor":22}],"player_experience":374600,"relics_obtained":[{"floor":6,"key":"Thread and Needle"},{"floor":10,"key":"Molten Egg 2"},{"floor":14,"key":"Emotion Chip"}],"event_choices":[{"damage_healed":0,"gold_gain":75,"player_choice":"Gather Gold","damage_taken":11,"max_hp_gain":0,"max_hp_loss":0,"event_name":"World of Goop","floor":2,"gold_loss":0},{"damage_healed":0,"gold_gain":0,"player_choice":"Success","damage_taken":3,"relics_obtained":["DataDisk"],"max_hp_gain":0,"max_hp_loss":0,"event_name":"Scrap Ooze","floor":5,"gold_loss":0},{"cards_removed":["Strike_B"],"damage_healed":0,"gold_gain":0,"player_choice":"Elegance","damage_taken":0,"max_hp_gain":0,"max_hp_loss":0,"event_name":"Back to Basics","floor":21,"gold_loss":0}],"is_beta":false,"boss_relics":[{"not_picked":["Runic Dome","Ectoplasm"],"picked":"Inserter"}],"items_purged_floors":[4,20],"is_endless":false,"potions_floor_spawned":[6,10,12,16,19],"killed_by":"Slavers","ascension_level":10}