{"gold_per_floor":[116,41,56,67,82,82,115,15,41,41,53,83,83,83,83,186,186,201,215,65,84,84,84,96,96,96,96,106,106,106,120,120,220,220,232,232,232,82,82,82,96,112,194,204,217,227,282,107,107,107],"floor_reached":51,"playtime":3119,"items_purged":["Strike_R","Strike_R","Defend_R","Defend_R","Defend_R+1"],"score":949,"play_id":"2f1a1dd9-e181-4e41-900b-db4a83b8f2bb","local_time":"20180711221527","is_ascension_mode":false,"campfire_choices":[{"data":"Bash","floor":6,"key":"SMITH"},{"data":"Body Slam","floor":10,"key":"SMITH"},{"floor":15,"key":"REST"},{"data":"Dual Wield","floor":23,"key":"SMITH"},{"data":"Shrug It Off","floor":27,"key":"SMITH"},{"data":"Shrug It Off","floor":29,"key":"SMITH"},{"data":"Defend_R","floor":32,"key":"SMITH"},{"data":"Madness","floor":40,"key":"SMITH"},{"floor":49,"key":"REST"}],"neow_cost":"NONE","seed_source_timestamp":43700229624816,"circlet_count":0,"master_deck":["Bash+1","Shrug It Off+1","Dual Wield+1","Body Slam+1","Shrug It Off+1","Madness+1"],"relics":["Burning Blood","Blood Vial","Happy Flower","Odd Mushroom","Art of War","Empty Cage","Meat on the Bone","Runic Pyramid","Torii","Pear","Dead Branch"],"potions_floor_usage":[7,21,24,33,33,50,50,50],"damage_taken":[{"damage":1,"enemies":"Cultist","floor":1,"turns":3},{"damage":5,"enemies":"Small Slimes","floor":3,"turns":4},{"damage":8,"enemies":"Jaw Worm","floor":4,"turns":4},{"damage":16,"enemies":"Large Slime","floor":5,"turns":12},{"damage":51,"enemies":"Lagavulin","floor":7,"turns":8},{"damage":6,"enemies":"Exordium Wildlife","floor":11,"turns":4},{"damage":16,"floor":12,"turns":5},{"damage":28,"enemies":"The Guardian","floor":16,"turns":12},{"damage":7,"enemies":"Shell Parasite","floor":18,"turns":4},{"damage":9,"enemies":"Spheric Guardian","floor":19,"turns":5},{"damage":5,"enemies":"3 Cultists","floor":21,"turns":5},{"damage":5,"enemies":"Snake Plant","floor":24,"turns":2},{"damage":0,"enemies":"Slaver and Parasite","floor":28,"turns":2},{"damage":0,"enemies":"Snecko","floor":31,"turns":2},{"damage":12,"enemies":"Champ","floor":33,"turns":5},{"damage":0,"enemies":"Orb Walker","floor":35,"turns":2},{"damage":0,"floor":36,"turns":2},{"damage":0,"enemies":"3 Shapes","floor":41,"turns":2},{"damage":0,"enemies":"3 Darklings","floor":42,"turns":2},{"damage":0,"enemies":"4 Shapes","floor":44,"turns":3},{"damage":1,"enemies":"Maw","floor":45,"turns":4},{"damage":0,"enemies":"Sphere and 2 Shapes","floor":46,"turns":3},{"damage":15,"floor":47,"turns":3},{"damage":51,"enemies":"Awakened One","floor":50,"turns":6}],"seed_played":"7244126580267212172","potions_obtained":[{"floor":1,"key":"FearPotion"},{"floor":5,"key":"SkillPotion"},{"floor":7,"key":"SpeedPotion"},{"floor":12,"key":"SteroidPotion"},{"floor":21,"key":"Weak Potion"},{"floor":28,"key":"Swift Potion"},{"floor":33,"key":"AttackPotion"},{"floor":41,"key":"Fire Potion"},{"floor":42,"key":"Dexterity Potion"},{"floor":44,"key":"SkillPotion"}],"is_trial":false,"path_per_floor":["M","$","M","M","M","R","E","$","T","R","M","?","T","?","R","B",null,"M","M","$","M","$","R","M","?","T","R","M","R","?","M","R","B",null,"M","?","?","$","?","R","M","M","T","M","M","M","?","$","R","B"],"character_chosen":"IRONCLAD","items_purchased":["Shrug It Off"],"campfire_rested":2,"item_purchase_floors":[20],"current_hp_per_floor":[80,80,80,78,68,68,23,23,23,23,25,17,17,17,41,21,80,79,77,77,80,80,80,80,72,72,72,80,80,80,80,80,74,80,80,80,70,70,80,80,80,80,90,90,90,90,81,81,90,57],"gold":107,"neow_bonus":"REMOVE_CARD","is_prod":false,"is_daily":false,"chose_seed":false,"campfire_upgraded":7,"win_rate":0,"timestamp":1531340127,"path_taken":["M","$","M","M","?","R","E","?","T","R","M","?","?","?","R","BOSS","M","M","$","M","$","R","M","?","T","R","M","R","?","M","R","BOSS","M","?","?","$","?","R","?","?","T","?","M","?","?","?","R","BOSS"],"build_version":"2018-07-05","purchased_purges":5,"victory":true,"max_hp_per_floor":[80,80,80,80,80,80,80,80,80,80,80,80,80,80,80,80,80,80,80,80,80,80,80,80,80,80,80,80,80,80,80,80,80,80,80,80,80,80,80,80,80,80,90,90,90,90,90,90,90,90],"card_choices":[{"not_picked":["Hemokinesis","Wild Strike","Anger"],"picked":"SKIP","floor":1},{"not_picked":["Disarm","Anger"],"picked":"Shrug It Off","floor":3},{"not_picked":["Flame Barrier","Wild Strike","Searing Blow"],"picked":"SKIP","floor":4},{"not_picked":["Burning Pact","Feed"],"picked":"Dual Wield","floor":5},{"not_picked":["Feel No Pain","Armaments"],"picked":"Body Slam","floor":7},{"not_picked":["Inflame","Armaments","Immolate"],"picked":"SKIP","floor":11},{"not_picked":["Perfected Strike+1","Seeing Red","Evolve"],"picked":"SKIP","floor":18},{"not_picked":["Pommel Strike","Carnage","Pummel"],"picked":"SKIP","floor":19},{"not_picked":["Burning Pact","Sever Soul","Twin Strike"],"picked":"SKIP","floor":21},{"not_picked":["Clash","Rampage","Metallicize"],"picked":"SKIP","floor":24},{"not_picked":["Wild Strike","Iron Wave","Cleave"],"picked":"SKIP","floor":28},{"not_picked":["Searing Blow","Armaments","Clothesline"],"picked":"SKIP","floor":31},{"not_picked":["Shockwave","Sword Boomerang+1","Dual Wield+1"],"picked":"SKIP","floor":35},{"not_picked":["Shrug It Off","Perfected Strike+1","True Grit"],"picked":"SKIP","floor":41},{"not_picked":["Cleave+1","Anger+1","Warcry+1"],"picked":"SKIP","floor":42},{"not_picked":["Cleave+1","Anger+1","Warcry+1"],"picked":"SKIP","floor":42},{"not_picked":["Second Wind","Bludgeon","Armaments+1"],"picked":"SKIP","floor":44},{"not_picked":["Warcry","Clothesline","Flame Barrier"],"picked":"SKIP","floor":45},{"not_picked":["Armaments+1","Thunderclap+1","Metallicize"],"picked":"SKIP","floor":46}],"player_experience":305479,"relics_obtained":[{"floor":7,"key":"Blood Vial"},{"floor":9,"key":"Happy Flower"},{"floor":12,"key":"Odd Mushroom"},{"floor":13,"key":"Art of War"},{"floor":26,"key":"Meat on the Bone"},{"floor":36,"key":"Torii"},{"floor":43,"key":"Pear"},{"floor":47,"key":"Dead Branch"}],"event_choices":[{"event_name":"Mushrooms","player_choice":"Fought Mushrooms","floor":12,"damage_taken":0},{"event_name":"Purifier","player_choice":"One Purge","floor":14,"damage_taken":0},{"event_name":"Knowing Skull","player_choice":"","floor":25,"damage_taken":0},{"event_name":"The Woman in Blue","player_choice":"Bought 0 Potions","floor":30,"damage_taken":0},{"event_name":"MindBloom","player_choice":"Fight","floor":36,"damage_taken":0},{"event_name":"Winding Halls","player_choice":"Embrace Madness","floor":37,"damage_taken":0},{"event_name":"Bonfire Elementals","player_choice":"UNCOMMON","floor":39,"damage_taken":0},{"event_name":"Mysterious Sphere","player_choice":"Fight","floor":47,"damage_taken":0}],"boss_relics":[{"not_picked":["Coffee Dripper","Busted Crown"],"picked":"Empty Cage"},{"not_picked":["Lizard Tail","Black Blood"],"picked":"Runic Pyramid"}],"items_purged_floors":[2,8,20,38,48],"is_endless":false,"potions_floor_spawned":[1,5,7,12,16,18,21,28,31,33,41,42,44,46],"ascension_level":0}