{"gold_per_floor":[114,114,114,114,131,159,159,190,190,190,209,220,248,248,248,344,344,356,356,326,342,354,354,121,121],"floor_reached":25,"playtime":842,"items_purged":[],"score":305,"play_id":"0ef5857f-29f4-40cc-beac-621f39a1d2b1","local_time":"20190708225833","is_ascension_mode":true,"campfire_choices":[{"data":"Zap","floor":7.0,"key":"SMITH"},{"floor":10.0,"key":"REST"},{"floor":15.0,"key":"REST"},{"floor":23.0,"key":"REST"}],"neow_cost":"NONE","seed_source_timestamp":1041461526920800,"circlet_count":0,"master_deck":["Strike_B","Strike_B","Defend_B","Defend_B","Defend_B","Zap+1","Dualcast","Cold Snap","Loop","Coolheaded","Double Energy","Buffer","Streamline+1","Self Repair"],"special_seed":0,"relics":["Cracked Core","NeowsBlessing","Ginger","Art of War","StoneCalendar","Matryoshka","DataDisk","Empty Cage","Membership Card"],"potions_floor_usage":[25],"damage_taken":[{"damage":0.0,"enemies":"2 Louse","floor":1.0,"turns":1.0},{"damage":0.0,"enemies":"Jaw Worm","floor":5.0,"turns":1.0},{"damage":0.0,"enemies":"3 Sentries","floor":6.0,"turns":1.0},{"damage":31.0,"enemies":"Gremlin Nob","floor":8.0,"turns":4.0},{"damage":0.0,"enemies":"Small Slimes","floor":11.0,"turns":3.0},{"damage":7.0,"enemies":"Red Slaver","floor":12.0,"turns":3.0},{"damage":19.0,"enemies":"3 Sentries","floor":13.0,"turns":7.0},{"damage":5.0,"enemies":"The Guardian","floor":16.0,"turns":13.0},{"damage":7.0,"enemies":"Chosen","floor":18.0,"turns":7.0},{"damage":6.0,"enemies":"3 Byrds","floor":21.0,"turns":3.0},{"damage":22.0,"enemies":"Snecko","floor":22.0,"turns":6.0},{"damage":65,"enemies":"Slavers","floor":25,"turns":3}],"seed_played":"-1746405321494373765","potions_obtained":[{"floor":5.0,"key":"PowerPotion"},{"floor":8.0,"key":"SkillPotion"},{"floor":16.0,"key":"Swift Potion"},{"floor":18.0,"key":"LiquidBronze"},{"floor":20.0,"key":"FairyPotion"},{"floor":20.0,"key":"Block Potion"},{"floor":22.0,"key":"GamblersBrew"}],"is_trial":false,"path_per_floor":["M","$","?","?","M","E","R","E","T","R","M","M","E","?","R","B",null,"M","?","?","M","M","R","$","E"],"character_chosen":"DEFECT","items_purchased":["Membership Card","Self Repair"],"campfire_rested":3,"item_purchase_floors":[24,24],"current_hp_per_floor":[75,75,68,50,50,50,50,19,19,41,41,34,15,15,37,32,64,57,57,57,51,29,51,51,0],"gold":121,"neow_bonus":"THREE_ENEMY_KILL","is_prod":false,"is_daily":false,"chose_seed":false,"campfire_upgraded":1,"win_rate":0,"timestamp":1562619513,"path_taken":["M","$","?","?","M","E","R","E","T","R","M","M","E","?","R","BOSS","M","?","?","?","M","R","$","E"],"build_version":"2019-07-05","purchased_purges":0,"victory":false,"max_hp_per_floor":[75,75,75,75,75,75,75,75,75,75,75,75,75,75,75,75,75,75,75,75,75,75,75,75,75],"card_choices":[{"not_picked":["Sweeping Beam","Stack","Melter"],"picked":"SKIP","floor":1.0},{"not_picked":["Hologram","Recycle"],"picked":"Cold Snap","floor":5.0},{"not_picked":["Turbo","Melter","Compile Driver"],"picked":"SKIP","floor":6.0},{"not_picked":["Barrage","Redo"],"picked":"Loop","floor":8.0},{"not_picked":["Barrage","Sweeping Beam","Turbo"],"picked":"SKIP","floor":11.0},{"not_picked":["Turbo","Redo"],"picked":"Coolheaded","floor":12.0},{"not_picked":["Turbo","Barrage"],"picked":"Double Energy","floor":13.0},{"not_picked":["Machine Learning","Reboot"],"picked":"Buffer","floor":16.0},{"not_picked":["Steam","Beam Cell+1"],"picked":"Streamline+1","floor":18.0},{"not_picked":["Darkness","Undo","Steam Power+1"],"picked":"SKIP","floor":21.0},{"not_picked":["Redo","Go for the Eyes","Beam Cell+1"],"picked":"SKIP","floor":22.0}],"player_experience":314944,"relics_obtained":[{"floor":6.0,"key":"Art of War"},{"floor":8.0,"key":"StoneCalendar"},{"floor":9.0,"key":"Matryoshka"},{"floor":13.0,"key":"DataDisk"}],"event_choices":[{"cards_removed":["Strike_B"],"damage_healed":0.0,"max_hp_gain":0.0,"max_hp_loss":0.0,"gold_gain":0.0,"event_name":"Golden Wing","player_choice":"Card Removal","floor":3.0,"gold_loss":0.0,"damage_taken":7.0},{"damage_healed":0.0,"max_hp_gain":0.0,"max_hp_loss":0.0,"gold_gain":0.0,"event_name":"Scrap Ooze","player_choice":"Success","floor":4.0,"gold_loss":0.0,"damage_taken":18.0,"relics_obtained":["Ginger"]},{"damage_healed":0.0,"max_hp_gain":0.0,"max_hp_loss":0.0,"gold_gain":0.0,"event_name":"Shining Light","player_choice":"Ignored","floor":14.0,"gold_loss":0.0,"damage_taken":0.0},{"damage_healed":0.0,"max_hp_gain":0.0,"max_hp_loss":0.0,"gold_gain":0.0,"event_name":"Vampires","player_choice":"Ignored","floor":19.0,"gold_loss":0.0,"damage_taken":0.0},{"damage_healed":0.0,"max_hp_gain":0.0,"max_hp_loss":0.0,"gold_gain":0.0,"event_name":"The Woman in Blue","player_choice":"Bought 2 Potions","floor":20.0,"gold_loss":0.0,"damage_taken":0.0}],"is_beta":false,"boss_relics":[{"not_picked":["Astrolabe","Coffee Dripper"],"picked":"Empty Cage"}],"items_purged_floors":[],"is_endless":false,"potions_floor_spawned":[5,8,16,18,22],"killed_by":"Slavers","ascension_level":5}