{"gold_per_floor":[118,130,149,149,163,196,208,208,208,208,534,534,534,569,569,644,644,663,663,155,173,184,217,142,172,172,172,172,48,48,48,48,122,122,135,153,168,168,179,179,179,214,226,78,105,124,154,74,74,74,74,74,38,68,68],"floor_reached":55,"playtime":2643,"items_purged":["Strike_R","Strike_R"],"score":1507,"play_id":"6d503fe6-35c8-4260-87f1-4461ba92a02d","local_time":"20190214161542","is_ascension_mode":true,"campfire_choices":[{"data":"Carnage","floor":8,"key":"SMITH"},{"data":"Whirlwind","floor":10,"key":"SMITH"},{"data":"Pommel Strike","floor":12,"key":"SMITH"},{"data":"Iron Wave","floor":15,"key":"SMITH"},{"data":"Corruption","floor":28,"key":"SMITH"},{"data":"Uppercut","floor":30,"key":"SMITH"},{"floor":32,"key":"REST"},{"data":"Spot Weakness","floor":40,"key":"SMITH"},{"floor":49,"key":"RECALL"},{"data":"Limit Break","floor":52,"key":"SMITH"}],"neow_cost":"NONE","seed_source_timestamp":2088678588142459,"circlet_count":0,"master_deck":["AscendersBane","Strike_R","Strike_R","Defend_R","Defend_R","Defend_R","Defend_R","Bash+1","Whirlwind+1","Iron Wave+1","Carnage+1","Pommel Strike+1","Corruption+1","Havoc","Spot Weakness+1","Flame Barrier","Necronomicurse","Shrug It Off","Uppercut+1","Limit Break+1","Heavy Blade+1","Heavy Blade+1","Disarm+1","Burning Pact+1","True Grit+1","Shrug It Off","Feel No Pain"],"relics":["Burning Blood","Du-Vu Doll","Magic Flower","Old Coin","Paper Frog","Velvet Choker","Strange Spoon","Kunai","Orichalcum","Lantern","Necronomicon","Self Forming Clay","Black Star","MawBank","The Courier","Dodecahedron","Chemical X","Singing Bowl","Vajra","Juzu Bracelet","Oddly Smooth Stone","Pocketwatch","Bottled Tornado"],"potions_floor_usage":[6,22,55],"damage_taken":[{"damage":0,"enemies":"Small Slimes","floor":1,"turns":3},{"damage":3,"enemies":"Jaw Worm","floor":2,"turns":4},{"damage":1,"enemies":"Cultist","floor":3,"turns":3},{"damage":12,"enemies":"Large Slime","floor":5,"turns":9},{"damage":10,"enemies":"3 Sentries","floor":6,"turns":4},{"damage":11,"enemies":"Blue Slaver","floor":7,"turns":3},{"damage":8,"enemies":"Gremlin Nob","floor":11,"turns":3},{"damage":15,"enemies":"3 Sentries","floor":14,"turns":4},{"damage":40,"enemies":"Hexaghost","floor":16,"turns":7},{"damage":1,"enemies":"3 Byrds","floor":18,"turns":3},{"damage":18,"enemies":"Shell Parasite","floor":21,"turns":4},{"damage":6,"enemies":"Shelled Parasite and Fungi","floor":22,"turns":3},{"damage":39,"enemies":"Book of Stabbing","floor":23,"turns":5},{"damage":2,"enemies":"Gremlin Leader","floor":25,"turns":4},{"damage":4,"enemies":"Automaton","floor":33,"turns":5},{"damage":0,"enemies":"3 Darklings","floor":35,"turns":2},{"damage":0,"enemies":"Orb Walker","floor":36,"turns":1},{"damage":7,"enemies":"Transient","floor":37,"turns":5},{"damage":0,"enemies":"3 Darklings","floor":39,"turns":1},{"damage":33,"enemies":"Nemesis","floor":42,"turns":5},{"damage":0,"enemies":"Reptomancer","floor":45,"turns":2},{"damage":8,"enemies":"4 Shapes","floor":46,"turns":6},{"damage":0,"enemies":"Giant Head","floor":47,"turns":4},{"damage":18,"enemies":"Donu and Deca","floor":50,"turns":3},{"damage":0,"enemies":"Shield and Spear","floor":54,"turns":1},{"damage":79,"enemies":"The Heart","floor":55,"turns":6}],"seed_played":"3791875300075073408","potions_obtained":[{"floor":1,"key":"EssenceOfSteel"},{"floor":5,"key":"SteroidPotion"},{"floor":11,"key":"Ancient Potion"},{"floor":14,"key":"SkillPotion"},{"floor":21,"key":"Regen Potion"},{"floor":23,"key":"Energy Potion"},{"floor":39,"key":"GamblersBrew"}],"is_trial":false,"path_per_floor":["M","M","M","?","M","E","M","R","T","R","E","R","?","E","R","B",null,"M","?","$","M","M","E","$","E","T","?","R","$","R","T","R","B",null,"M","M","M","?","M","R","?","E","T","$","E","M","E","$","R","B",null,"R","$","E","B"],"character_chosen":"IRONCLAD","items_purchased":["Strange Spoon","Havoc","Kunai","Shrug It Off","Uppercut","Chemical X","Shrug It Off"],"campfire_rested":1,"item_purchase_floors":[20,20,20,29,29,44,53],"current_hp_per_floor":[74,75,75,75,69,65,60,60,60,60,61,61,61,55,55,24,62,70,70,70,61,64,34,34,41,41,20,20,20,20,20,42,47,68,75,75,75,75,75,75,75,51,51,51,60,61,72,72,72,63,74,74,74,77,0],"gold":68,"neow_bonus":"UPGRADE_CARD","is_prod":false,"is_daily":false,"chose_seed":false,"campfire_upgraded":8,"win_rate":0,"timestamp":1550128542,"path_taken":["M","M","M","?","M","E","M","R","T","R","E","R","?","E","R","BOSS","M","?","$","M","M","E","$","E","T","?","R","$","R","?","R","BOSS","M","M","?","?","?","R","?","E","T","$","E","?","E","?","R","BOSS","R","$","E","BOSS"],"build_version":"2019-01-23","purchased_purges":2,"victory":false,"max_hp_per_floor":[75,75,75,75,75,75,75,75,75,75,75,75,75,75,75,75,75,75,75,75,75,75,75,75,75,75,75,75,75,75,75,75,75,75,75,75,75,75,75,75,75,75,75,75,75,75,77,77,77,77,77,77,77,77,77],"card_choices":[{"not_picked":["Battle Trance","Sword Boomerang"],"picked":"Whirlwind","floor":1},{"not_picked":["Clash","Dual Wield"],"picked":"Iron Wave","floor":2},{"not_picked":["Clash","Heavy Blade","Rampage"],"picked":"SKIP","floor":3},{"not_picked":["Blood for Blood","Clash","Cleave"],"picked":"SKIP","floor":5},{"not_picked":["Blood for Blood","Clash","Cleave"],"picked":"SKIP","floor":5},{"not_picked":["Second Wind","Rupture"],"picked":"Carnage","floor":6},{"not_picked":["Barricade","Flex","Anger"],"picked":"SKIP","floor":7},{"not_picked":["Reckless Charge","Pommel Strike","Carnage"],"picked":"SKIP","floor":11},{"not_picked":["Reckless Charge","Carnage"],"picked":"Pommel Strike","floor":11},{"not_picked":["Clash","Body Slam","Havoc"],"picked":"SKIP","floor":14},{"not_picked":["Ghostly Armor","Feel No Pain"],"picked":"Corruption","floor":18},{"not_picked":["Shrug It Off+1","Body Slam"],"picked":"Spot Weakness","floor":21},{"not_picked":["Sentinel","Heavy Blade+1"],"picked":"Flame Barrier","floor":22},{"not_picked":["Clash","Bludgeon","Twin Strike"],"picked":"SKIP","floor":23},{"not_picked":["Anger+1","Intimidate+1","Combust"],"picked":"SKIP","floor":25},{"not_picked":["Brutality","Double Tap"],"picked":"Limit Break","floor":33},{"not_picked":["Dropkick","Perfected Strike+1","Evolve"],"picked":"SKIP","floor":35},{"not_picked":["Sword Boomerang","Rupture"],"picked":"Heavy Blade","floor":36},{"not_picked":["Clothesline+1","Inflame","Uppercut"],"picked":"SKIP","floor":37},{"not_picked":["Pommel Strike","Reckless Charge","Twin Strike"],"picked":"SKIP","floor":39},{"not_picked":["Power Through","Combust+1"],"picked":"Disarm+1","floor":42},{"not_picked":["Perfected Strike","Disarm"],"picked":"Burning Pact+1","floor":45},{"not_picked":["Carnage","Bloodletting+1"],"picked":"True Grit+1","floor":46},{"not_picked":["Twin Strike","Wild Strike","Combust"],"picked":"Singing Bowl","floor":47},{"not_picked":["Flex","Brutality"],"picked":"Feel No Pain","floor":54}],"player_experience":479456,"relics_obtained":[{"floor":6,"key":"Du-Vu Doll"},{"floor":9,"key":"Magic Flower"},{"floor":11,"key":"Old Coin"},{"floor":14,"key":"Paper Frog"},{"floor":23,"key":"Orichalcum"},{"floor":25,"key":"Lantern"},{"floor":27,"key":"Necronomicon"},{"floor":31,"key":"Self Forming Clay"},{"floor":42,"key":"MawBank"},{"floor":42,"key":"The Courier"},{"floor":43,"key":"Dodecahedron"},{"floor":45,"key":"Singing Bowl"},{"floor":45,"key":"Vajra"},{"floor":47,"key":"Juzu Bracelet"},{"floor":47,"key":"Oddly Smooth Stone"},{"floor":54,"key":"Pocketwatch"},{"floor":54,"key":"Bottled Tornado"}],"event_choices":[{"damage_healed":0,"gold_gain":0,"player_choice":"Ignored","damage_taken":0,"max_hp_gain":0,"max_hp_loss":0,"event_name":"Liars Game","floor":4,"gold_loss":0},{"cards_removed":["Strike_R"],"damage_healed":0,"gold_gain":0,"player_choice":"Purged","damage_taken":0,"max_hp_gain":0,"max_hp_loss":0,"event_name":"Purifier","floor":13,"gold_loss":0},{"damage_healed":0,"gold_gain":0,"player_choice":"Ignored","damage_taken":0,"max_hp_gain":0,"max_hp_loss":0,"event_name":"The Mausoleum","floor":19,"gold_loss":0},{"damage_healed":0,"gold_gain":0,"player_choice":"Obtained Book","damage_taken":21,"max_hp_gain":0,"max_hp_loss":0,"event_name":"Cursed Tome","floor":27,"gold_loss":0},{"damage_healed":0,"gold_gain":0,"player_choice":"Upgraded","damage_taken":0,"max_hp_gain":0,"max_hp_loss":0,"event_name":"Upgrade Shrine","floor":38,"gold_loss":0,"cards_upgraded":["Heavy Blade"]},{"damage_healed":0,"gold_gain":0,"player_choice":"Copied","damage_taken":0,"max_hp_gain":0,"max_hp_loss":0,"event_name":"Duplicator","floor":41,"gold_loss":0,"cards_obtained":["Heavy Blade"]}],"is_beta":false,"boss_relics":[{"not_picked":["Ectoplasm","Orrery"],"picked":"Velvet Choker"},{"not_picked":["Tiny House","Busted Crown"],"picked":"Black Star"}],"items_purged_floors":[24,48],"is_endless":false,"potions_floor_spawned":[1,5,11,14,21,23,33,37,39],"killed_by":"The Heart","ascension_level":15}