{"gold_per_floor":[113,38,38,52,71,71,146,175,175,175,11,21,38,66,66,145,145,157,72,86,48,48,48,79,129,152,181,192,192,211,239,239,239],"floor_reached":33,"playtime":1317,"items_purged":[],"score":538,"play_id":"d6779239-4ad6-4857-9586-464890f7edc7","local_time":"20190720031246","is_ascension_mode":true,"campfire_choices":[{"data":"Bash","floor":6,"key":"SMITH"},{"data":"Disarm","floor":15,"key":"SMITH"},{"floor":23,"key":"REST"},{"floor":29,"key":"RECALL"},{"floor":32,"key":"REST"}],"neow_cost":"NONE","seed_source_timestamp":139749532730590,"circlet_count":0,"master_deck":["AscendersBane","Defend_R","Defend_R","Defend_R","Defend_R","Bash+1","Cleave","Shockwave","Thunderclap","Disarm+1","Immolate","Shrug It Off","Shrug It Off","Feed","Spot Weakness","Inflame","Bite","Bite","Bite","Bite","Bite","Sword Boomerang","Impervious"],"relics":["Burning Blood","Happy Flower","Meat on the Bone","Blue Candle","Smiling Mask","Fusion Hammer","PreservedInsect","Juzu Bracelet","Pen Nib","Red Mask","WingedGreaves"],"potions_floor_usage":[8,16,16,31,33],"damage_taken":[{"damage":2,"enemies":"Jaw Worm","floor":1,"turns":3},{"damage":1,"enemies":"Small Slimes","floor":4,"turns":4},{"damage":6,"enemies":"2 Louse","floor":5,"turns":3},{"damage":20,"enemies":"Gremlin Nob","floor":8,"turns":4},{"damage":13,"enemies":"Exordium Thugs","floor":12,"turns":3},{"damage":3,"enemies":"Blue Slaver","floor":13,"turns":4},{"damage":22,"enemies":"3 Sentries","floor":14,"turns":7},{"damage":40,"enemies":"The Guardian","floor":16,"turns":16},{"damage":14,"enemies":"2 Thieves","floor":18,"turns":4},{"damage":9,"enemies":"3 Byrds","floor":20,"turns":5},{"damage":6,"enemies":"Gremlin Leader","floor":24,"turns":6},{"damage":20,"enemies":"Masked Bandits","floor":27,"turns":3},{"damage":10,"enemies":"Snake Plant","floor":28,"turns":3},{"damage":18,"enemies":"Sentry and Sphere","floor":30,"turns":5},{"damage":24,"enemies":"Slavers","floor":31,"turns":5},{"damage":126,"enemies":"Champ","floor":33,"turns":15}],"seed_played":"-1076021521247912149","potions_obtained":[{"floor":5,"key":"EntropicBrew"},{"floor":16,"key":"BloodPotion"},{"floor":27,"key":"Block Potion"}],"is_trial":false,"path_per_floor":["M","?","?","M","M","R","?","E","T","$","$","M","M","E","R","B",null,"M","?","M","$","?","R","E","?","T","?","M","R","M","E","R","B"],"character_chosen":"IRONCLAD","items_purchased":["Immolate","Inflame"],"campfire_rested":2,"item_purchase_floors":[11,21],"current_hp_per_floor":[72,72,65,70,70,70,59,45,45,45,45,50,53,49,49,27,63,58,58,58,58,56,56,59,59,59,49,58,58,53,44,64,0],"gold":239,"neow_bonus":"RANDOM_COMMON_RELIC","is_prod":false,"is_daily":false,"chose_seed":false,"campfire_upgraded":2,"win_rate":0,"timestamp":1563563566,"path_taken":["M","?","?","M","M","R","?","E","T","?","$","M","?","E","R","BOSS","M","?","M","$","?","R","E","?","T","?","M","R","M","E","R","BOSS"],"build_version":"2019-07-17","purchased_purges":0,"victory":false,"max_hp_per_floor":[75,75,75,75,75,75,75,75,75,75,75,75,75,75,75,75,75,78,78,81,81,56,56,59,59,59,59,62,62,65,68,68,68],"card_choices":[{"not_picked":["Searing Blow","Twin Strike"],"picked":"Cleave","floor":1},{"not_picked":["Shrug It Off","Dual Wield"],"picked":"Shockwave","floor":4},{"not_picked":["Cleave","Rage"],"picked":"Thunderclap","floor":5},{"not_picked":["Body Slam","Blood for Blood"],"picked":"Disarm","floor":8},{"not_picked":["Reckless Charge","Perfected Strike"],"picked":"Shrug It Off","floor":12},{"not_picked":["Flex","Hemokinesis"],"picked":"Shrug It Off","floor":13},{"not_picked":["Shrug It Off","Headbutt","Berserk"],"picked":"SKIP","floor":14},{"not_picked":["Reaper","Limit Break"],"picked":"Feed","floor":16},{"not_picked":["Heavy Blade","Rage","Pummel"],"picked":"SKIP","floor":18},{"not_picked":["Headbutt","Body Slam"],"picked":"Spot Weakness","floor":20},{"not_picked":["Bludgeon","Cleave"],"picked":"Sword Boomerang","floor":24},{"not_picked":["Blood for Blood","Entrench","Flex"],"picked":"SKIP","floor":28},{"not_picked":["Thunderclap","Iron Wave","Wild Strike"],"picked":"SKIP","floor":30},{"not_picked":["Perfected Strike","Sword Boomerang+1"],"picked":"Impervious","floor":31}],"player_experience":532690,"relics_obtained":[{"floor":8,"key":"Meat on the Bone"},{"floor":9,"key":"Blue Candle"},{"floor":14,"key":"Smiling Mask"},{"floor":24,"key":"Juzu Bracelet"},{"floor":26,"key":"Pen Nib"},{"floor":27,"key":"Red Mask"},{"floor":31,"key":"WingedGreaves"}],"event_choices":[{"cards_removed":["Strike_R"],"damage_healed":0,"gold_gain":0,"player_choice":"Card Removal","damage_taken":0,"max_hp_gain":0,"max_hp_loss":0,"event_name":"The Cleric","floor":2,"gold_loss":75},{"cards_removed":["Strike_R"],"damage_healed":0,"gold_gain":0,"player_choice":"Card Removal","damage_taken":7,"max_hp_gain":0,"max_hp_loss":0,"event_name":"Golden Wing","floor":3,"gold_loss":0},{"damage_healed":0,"gold_gain":75,"player_choice":"Gather Gold","damage_taken":11,"max_hp_gain":0,"max_hp_loss":0,"event_name":"World of Goop","floor":7,"gold_loss":0},{"damage_healed":0,"gold_gain":0,"player_choice":"Obtained Relic","damage_taken":0,"relics_obtained":["PreservedInsect"],"max_hp_gain":0,"max_hp_loss":0,"event_name":"Addict","floor":19,"gold_loss":85},{"damage_healed":0,"gold_gain":0,"player_choice":"Became a vampire","damage_taken":0,"max_hp_gain":0,"max_hp_loss":25,"event_name":"Vampires","floor":22,"gold_loss":0,"cards_obtained":["Bite","Bite","Bite","Bite","Bite"]},{"damage_healed":0,"gold_gain":50,"player_choice":"Stole From Cult","damage_taken":0,"max_hp_gain":0,"max_hp_loss":0,"event_name":"Nest","floor":25,"gold_loss":0},{"damage_healed":0,"gold_gain":0,"player_choice":"Fought Bandits","damage_taken":0,"max_hp_gain":0,"max_hp_loss":0,"event_name":"Masked Bandits","floor":27,"gold_loss":0}],"is_beta":false,"boss_relics":[{"not_picked":["Orrery","Lizard Tail"],"picked":"Fusion Hammer"}],"items_purged_floors":[],"is_endless":false,"potions_floor_spawned":[5,14,16,27,28],"killed_by":"Champ","ascension_level":15}