{"gold_per_floor":[109,109,30,47,47,77,93,118,189,209,209,134,134,134,134,211,211,222,137,153,153,169,169,201,201,226,226,246,246,3,3,3,3],"floor_reached":33,"playtime":1598,"items_purged":["Strike_B","Strike_B"],"score":592,"play_id":"e76a635d-ad08-4ec6-8a9a-3b06bc26c00d","local_time":"20190719001342","is_ascension_mode":true,"campfire_choices":[{"data":"Defragment","floor":11,"key":"SMITH"},{"data":"Defragment","floor":13,"key":"SMITH"},{"floor":15,"key":"REST"},{"floor":23,"key":"REST"},{"floor":25,"key":"REST"},{"data":"Multi-Cast","floor":27,"key":"SMITH"},{"floor":32,"key":"REST"}],"neow_cost":"NONE","seed_source_timestamp":260063846740198,"circlet_count":0,"master_deck":["AscendersBane","Strike_B","Strike_B","Defend_B","Defend_B","Defend_B","Defend_B","Zap","Dualcast","Capacitor","Defragment+1","Ball Lightning+1","Darkness","Defragment+1","Echo Form","Multi-Cast+1","Sunder+1","Undo+1","Undo","Hologram","Enlightenment"],"relics":["Cracked Core","NeowsBlessing","Dead Branch","Ancient Tea Set","Letter Opener","Inserter","Potion Belt","Lantern","Whetstone"],"potions_floor_usage":[8,8,28,33],"damage_taken":[{"damage":0,"enemies":"2 Louse","floor":1,"turns":1},{"damage":0,"enemies":"Jaw Worm","floor":4,"turns":1},{"damage":0,"enemies":"Lagavulin","floor":6,"turns":1},{"damage":1,"enemies":"Cultist","floor":7,"turns":3},{"damage":40,"enemies":"3 Sentries","floor":8,"turns":5},{"damage":8,"enemies":"Blue Slaver","floor":10,"turns":2},{"damage":6,"enemies":"The Guardian","floor":16,"turns":7},{"damage":11,"enemies":"Spheric Guardian","floor":18,"turns":3},{"damage":3,"enemies":"Chosen","floor":20,"turns":5},{"damage":25,"enemies":"Snecko","floor":22,"turns":4},{"damage":46,"enemies":"Gremlin Leader","floor":24,"turns":7},{"damage":19,"enemies":"Cultist and Chosen","floor":28,"turns":5},{"damage":67,"enemies":"Automaton","floor":33,"turns":6}],"seed_played":"2221705083402140843","potions_obtained":[{"floor":1,"key":"AttackPotion"},{"floor":6,"key":"PowerPotion"},{"floor":10,"key":"FearPotion"},{"floor":18,"key":"Energy Potion"}],"is_trial":false,"path_per_floor":["M","?","$","M","?","E","M","E","T","M","R","$","R","?","R","B",null,"M","?","M","$","M","R","E","R","T","R","M","?","$","?","R","B"],"character_chosen":"DEFECT","items_purchased":["Defragment","Hologram","Enlightenment"],"campfire_rested":4,"item_purchase_floors":[3,30,30],"current_hp_per_floor":[64,69,69,69,69,69,68,28,28,20,20,20,20,20,42,36,66,55,55,52,52,27,49,3,25,25,25,6,6,6,6,28,0],"gold":3,"neow_bonus":"THREE_ENEMY_KILL","is_prod":false,"is_daily":false,"chose_seed":false,"campfire_upgraded":3,"win_rate":0,"timestamp":1563462822,"path_taken":["M","?","$","M","?","E","M","E","T","M","R","$","R","?","R","BOSS","M","?","M","$","M","R","E","R","T","R","M","?","$","?","R","BOSS"],"build_version":"2019-07-17","purchased_purges":2,"victory":false,"max_hp_per_floor":[71,76,76,76,76,76,76,76,76,76,76,76,76,76,76,76,76,76,76,76,76,76,76,76,76,76,76,76,76,76,76,76,76],"card_choices":[{"not_picked":["Beam Cell","Conserve Battery"],"picked":"Capacitor","floor":1},{"not_picked":["Cold Snap","Steam"],"picked":"Ball Lightning","floor":4},{"not_picked":["Undo","Steam"],"picked":"Darkness","floor":6},{"not_picked":["Auto Shields","Consume"],"picked":"Defragment","floor":7},{"not_picked":["Fusion","Reinforced Body"],"picked":"Echo Form","floor":8},{"not_picked":["Barrage","Streamline","Gash"],"picked":"SKIP","floor":10},{"not_picked":["Meteor Strike","Rainbow"],"picked":"Multi-Cast","floor":16},{"not_picked":["Gash+1","Turbo","Compile Driver"],"picked":"SKIP","floor":18},{"not_picked":["Barrage","Leap"],"picked":"Sunder","floor":20},{"not_picked":["Rip and Tear","Doom and Gloom"],"picked":"Undo+1","floor":22},{"not_picked":["Steam","Reprogram","Aggregate"],"picked":"SKIP","floor":24},{"not_picked":["Rebound","Stack"],"picked":"Undo","floor":28}],"player_experience":560743,"relics_obtained":[{"floor":6,"key":"Dead Branch"},{"floor":8,"key":"Ancient Tea Set"},{"floor":9,"key":"Letter Opener"},{"floor":24,"key":"Lantern"},{"floor":26,"key":"Whetstone"}],"event_choices":[{"damage_healed":0,"gold_gain":0,"player_choice":"Donut","damage_taken":0,"max_hp_gain":5,"max_hp_loss":0,"event_name":"Big Fish","floor":2,"gold_loss":0},{"damage_healed":0,"gold_gain":0,"player_choice":"Ignored","damage_taken":0,"max_hp_gain":0,"max_hp_loss":0,"event_name":"Liars Game","floor":5,"gold_loss":0},{"damage_healed":0,"gold_gain":0,"player_choice":"Ignored","damage_taken":0,"max_hp_gain":0,"max_hp_loss":0,"event_name":"Shining Light","floor":14,"gold_loss":0},{"damage_healed":0,"gold_gain":0,"player_choice":"Obtained Relic","damage_taken":0,"relics_obtained":["Potion Belt"],"max_hp_gain":0,"max_hp_loss":0,"event_name":"Addict","floor":19,"gold_loss":85},{"damage_healed":0,"gold_gain":0,"player_choice":"Ignored","damage_taken":0,"max_hp_gain":0,"max_hp_loss":0,"event_name":"Cursed Tome","floor":29,"gold_loss":0},{"damage_healed":0,"gold_gain":0,"player_choice":"Ignored","damage_taken":0,"max_hp_gain":0,"max_hp_loss":0,"event_name":"The Mausoleum","floor":31,"gold_loss":0}],"is_beta":false,"boss_relics":[{"not_picked":["White Beast Statue","Pandora\u0027s Box"],"picked":"Inserter"}],"items_purged_floors":[12,30],"is_endless":false,"potions_floor_spawned":[1,6,7,10,18],"killed_by":"Automaton","ascension_level":20}