{"gold_per_floor":[122,153,165,197,209,221,175,204,216,228,251,263,19,34,34,129,129,149,149,149,164,179,179,92,92,169,169,169,188,38,38,38,136,136,152,27,27,42,42,42,68,68,118,130,130,130,130,230,230,230],"floor_reached":51,"playtime":1713,"items_purged":["Doubt","Injury"],"score":1054,"play_id":"20c9911f-639b-4b1c-852f-e7fe8970e410","local_time":"20190716172459","is_ascension_mode":true,"campfire_choices":[{"data":"Gash","floor":6.0,"key":"SMITH"},{"data":"Dualcast","floor":10.0,"key":"SMITH"},{"floor":15.0,"key":"REST"},{"floor":23,"key":"REST"},{"data":"Biased Cognition","floor":32,"key":"SMITH"},{"data":"Defragment","floor":40,"key":"SMITH"},{"data":"Consume","floor":42,"key":"SMITH"},{"data":"Echo Form","floor":45,"key":"SMITH"},{"data":"Ghostly","floor":47,"key":"SMITH"},{"data":"Capacitor","floor":49,"key":"SMITH"}],"neow_cost":"NONE","seed_source_timestamp":218485531886600,"circlet_count":0,"master_deck":["AscendersBane","Strike_B+1","Strike_B+1","Strike_B+1","Strike_B+1","Defend_B+1","Defend_B+1","Defend_B+1","Defend_B+1","Zap+1","Dualcast+1","Cold Snap","Gash+1","Core Surge","Hologram","Biased Cognition+1","Clumsy","Capacitor+1","FTL+1","Consume+1","Ghostly+1","Ghostly","Ghostly","Ghostly","Ghostly","Discovery","Reinforced Body+1","Echo Form+1","Defragment+1","Mind Blast+1","Self Repair","Gash+1","Force Field+1"],"special_seed":0,"relics":["Cracked Core","MawBank","Meat on the Bone","Smiling Mask","Molten Egg 2","Letter Opener","Calling Bell","Juzu Bracelet","Symbiotic Virus","Girya","Enchiridion","Mummified Hand","DataDisk","MutagenicStrength","Lizard Tail","Question Card","Vajra","StoneCalendar"],"potions_floor_usage":[22,22,22,41,50,50],"damage_taken":[{"damage":1.0,"enemies":"Cultist","floor":1.0,"turns":3.0},{"damage":5.0,"enemies":"Jaw Worm","floor":2.0,"turns":3.0},{"damage":7.0,"enemies":"Small Slimes","floor":4.0,"turns":3.0},{"damage":4.0,"enemies":"3 Louse","floor":8.0,"turns":3.0},{"damage":0.0,"enemies":"Gremlin Gang","floor":11.0,"turns":4.0},{"damage":6.0,"enemies":"Large Slime","floor":14.0,"turns":4.0},{"damage":63.0,"enemies":"Hexaghost","floor":16.0,"turns":12.0},{"damage":5.0,"enemies":"3 Byrds","floor":18.0,"turns":4.0},{"damage":24.0,"enemies":"Chosen","floor":21.0,"turns":5.0},{"damage":22,"enemies":"Snake Plant","floor":22,"turns":4},{"damage":0,"enemies":"Shelled Parasite and Fungi","floor":29,"turns":5},{"damage":28,"enemies":"Champ","floor":33,"turns":10},{"damage":19,"enemies":"Orb Walker","floor":35,"turns":4},{"damage":0,"enemies":"3 Shapes","floor":38,"turns":5},{"damage":9,"enemies":"Nemesis","floor":41,"turns":9},{"damage":4,"enemies":"Sphere and 2 Shapes","floor":44,"turns":5},{"damage":1,"enemies":"Mind Bloom Boss Battle","floor":48,"turns":7},{"damage":4,"enemies":"Time Eater","floor":50,"turns":7}],"seed_played":"-1126431643769768546","potions_obtained":[{"floor":1.0,"key":"FocusPotion"},{"floor":11.0,"key":"Fire Potion"},{"floor":16.0,"key":"Strength Potion"},{"floor":19.0,"key":"LiquidBronze"},{"floor":19.0,"key":"SkillPotion"},{"floor":29,"key":"Strength Potion"},{"floor":33,"key":"PowerPotion"},{"floor":38,"key":"Explosive Potion"},{"floor":41,"key":"LiquidBronze"}],"is_trial":false,"path_per_floor":["M","M","?","M","?","R","?","M","T","R","M","?","$","M","R","B",null,"M","?","?","M","M","R","$","?","T","?","?","M","$","?","R","B",null,"M","$","?","M","?","R","E","R","T","M","R","?","R","?","R","B",null],"character_chosen":"DEFECT","items_purchased":["Letter Opener","Consume","DataDisk","Defragment"],"campfire_rested":2,"item_purchase_floors":[13,24,30,36],"current_hp_per_floor":[67,62,59,52,52,52,52,48,48,48,48,48,48,42,64,13,60,55,55,39,27,17,39,39,37,37,37,37,37,37,37,37,21,33,26,26,26,26,26,26,36,36,36,37,37,35,35,35,35,31],"gold":230,"neow_bonus":"RANDOM_COMMON_RELIC","is_prod":false,"is_daily":false,"chose_seed":false,"campfire_upgraded":8,"win_rate":0,"timestamp":1563290699,"path_taken":["M","?","?","M","?","R","?","M","T","R","?","?","$","M","R","BOSS","M","?","?","M","M","R","$","?","T","?","?","M","?","?","R","BOSS","M","$","?","M","?","R","E","R","T","M","R","?","R","?","R","BOSS"],"build_version":"2019-07-05","purchased_purges":2,"victory":true,"max_hp_per_floor":[75,75,75,75,75,75,75,75,75,75,75,75,75,75,75,75,75,75,75,75,75,75,75,75,37,37,37,37,37,37,37,37,37,37,37,37,37,37,37,37,37,37,37,37,37,35,35,35,35,35],"card_choices":[{"not_picked":["Fusion","Rebound"],"picked":"Cold Snap","floor":1.0},{"not_picked":["Conserve Battery","Beam Cell","Melter"],"picked":"SKIP","floor":2.0},{"not_picked":["Compile Driver","Sweeping Beam"],"picked":"Gash","floor":4.0},{"not_picked":["Doom and Gloom","Rip and Tear"],"picked":"Core Surge","floor":8.0},{"not_picked":["Aggregate","Turbo","Steam"],"picked":"SKIP","floor":11.0},{"not_picked":["Barrage+1","Beam Cell+1"],"picked":"Hologram","floor":14.0},{"not_picked":["Meteor Strike+1","Hyperbeam+1"],"picked":"Biased Cognition","floor":16.0},{"not_picked":["Conserve Battery","Barrage+1"],"picked":"Capacitor","floor":18.0},{"not_picked":["Genetic Algorithm","Barrage+1"],"picked":"FTL+1","floor":21.0},{"not_picked":["Reboot","Compile Driver+1","Sweeping Beam+1"],"picked":"SKIP","floor":22},{"not_picked":["Leap","Cold Snap+1"],"picked":"Reinforced Body+1","floor":29},{"not_picked":["Thunder Strike+1","Core Surge+1"],"picked":"Echo Form","floor":33},{"not_picked":["Compile Driver+1","Sweeping Beam+1","White Noise"],"picked":"SKIP","floor":35},{"not_picked":["Apotheosis","Flash of Steel+1"],"picked":"Mind Blast+1","floor":37},{"not_picked":["Turbo","Fusion+1"],"picked":"Self Repair","floor":38},{"not_picked":["Leap","Steam+1","Consume"],"picked":"SKIP","floor":41},{"not_picked":["Sweeping Beam+1","Turbo","Cold Snap+1"],"picked":"Gash+1","floor":44},{"not_picked":["Storm","Streamline+1","Turbo"],"picked":"Force Field+1","floor":48}],"player_experience":336740,"relics_obtained":[{"floor":9.0,"key":"Molten Egg 2"},{"floor":17.0,"key":"Juzu Bracelet"},{"floor":17.0,"key":"Symbiotic Virus"},{"floor":17.0,"key":"Girya"},{"floor":20.0,"key":"Enchiridion"},{"floor":26,"key":"Mummified Hand"},{"floor":41,"key":"Question Card"},{"floor":43,"key":"Vajra"},{"floor":48,"key":"StoneCalendar"}],"event_choices":[{"damage_healed":0.0,"max_hp_gain":0.0,"max_hp_loss":0.0,"gold_gain":0.0,"event_name":"Scrap Ooze","player_choice":"Success","floor":3.0,"gold_loss":0.0,"damage_taken":3.0,"relics_obtained":["Meat on the Bone"]},{"damage_healed":0.0,"max_hp_gain":0.0,"max_hp_loss":0.0,"gold_gain":0.0,"event_name":"Living Wall","player_choice":"Grow","floor":5.0,"gold_loss":0.0,"damage_taken":0.0,"cards_upgraded":["Zap"]},{"damage_healed":0.0,"max_hp_gain":0.0,"max_hp_loss":0.0,"gold_gain":0.0,"event_name":"WeMeetAgain","player_choice":"Paid Gold","floor":7.0,"gold_loss":58.0,"damage_taken":0.0,"relics_obtained":["Smiling Mask"]},{"damage_healed":0.0,"max_hp_gain":0.0,"max_hp_loss":0.0,"gold_gain":0.0,"event_name":"Dead Adventurer","player_choice":"Searched \u00270\u0027 times","floor":12.0,"gold_loss":0.0,"damage_taken":0.0},{"damage_healed":0.0,"max_hp_gain":0.0,"max_hp_loss":0.0,"gold_gain":0.0,"event_name":"Lab","player_choice":"Got Potions","floor":19.0,"gold_loss":0.0,"damage_taken":0.0},{"damage_healed":0.0,"max_hp_gain":0.0,"max_hp_loss":0.0,"gold_gain":0.0,"event_name":"Cursed Tome","player_choice":"Obtained Book","floor":20.0,"gold_loss":0.0,"damage_taken":16.0},{"damage_healed":0,"gold_gain":0,"player_choice":"Became a Ghost","damage_taken":0,"max_hp_gain":0,"max_hp_loss":38,"event_name":"Ghosts","floor":25,"gold_loss":0,"cards_obtained":["Ghostly","Ghostly","Ghostly","Ghostly","Ghostly"]},{"damage_healed":0,"gold_gain":0,"player_choice":"1 cards matched","damage_taken":0,"max_hp_gain":0,"max_hp_loss":0,"event_name":"Match and Keep!","floor":27,"gold_loss":0,"cards_obtained":["Discovery"]},{"damage_healed":0,"gold_gain":0,"player_choice":"Simplicity","damage_taken":0,"max_hp_gain":0,"max_hp_loss":0,"event_name":"Back to Basics","floor":28,"gold_loss":0,"cards_upgraded":["Strike_B","Strike_B","Strike_B","Strike_B","Defend_B","Defend_B","Defend_B","Defend_B"]},{"damage_healed":0,"gold_gain":0,"player_choice":"Inject Mutagens","damage_taken":0,"relics_obtained":["MutagenicStrength"],"max_hp_gain":0,"max_hp_loss":0,"event_name":"Drug Dealer","floor":31,"gold_loss":0},{"damage_healed":0,"gold_gain":0,"player_choice":"Memory 1","damage_taken":0,"max_hp_gain":0,"max_hp_loss":0,"event_name":"SensoryStone","floor":37,"gold_loss":0},{"damage_healed":0,"gold_gain":0,"player_choice":"Ignored","damage_taken":0,"max_hp_gain":0,"max_hp_loss":0,"event_name":"Mysterious Sphere","floor":39,"gold_loss":0},{"damage_healed":0,"gold_gain":0,"player_choice":"Max HP","damage_taken":0,"max_hp_gain":0,"max_hp_loss":2,"event_name":"Winding Halls","floor":46,"gold_loss":0},{"damage_healed":0,"gold_gain":0,"player_choice":"Fight","damage_taken":0,"max_hp_gain":0,"max_hp_loss":0,"event_name":"MindBloom","floor":48,"gold_loss":0}],"is_beta":false,"boss_relics":[{"not_picked":["Coffee Dripper","FrozenCore"],"picked":"Calling Bell"},{"not_picked":["Inserter","Eternal Feather"],"picked":"Lizard Tail"}],"items_purged_floors":[24,36],"is_endless":false,"potions_floor_spawned":[1,11,16,21,29,33,38,41],"ascension_level":10}