{"gold_per_floor":[114,129,129,54,69,69,99,99,124,139,169,184,199,214,214,314,314,329,344,345,345,345,375,390,440,452,464,34,34,49,64,64,164,164,179,179,54,276,18,18,48,48,48,78,93,108,108,2,2,2],"floor_reached":51,"playtime":4392,"items_purged":["Defend_R","Pain","Shame","Injury"],"score":805,"play_id":"5ac30608-069e-44ba-a43c-3c4729161098","local_time":"20190717224827","daily_mods":["Allstar","Diverse","Lethality"],"is_ascension_mode":false,"campfire_choices":[{"data":"Secret Weapon","floor":6.0,"key":"SMITH"},{"data":"Jack Of All Trades","floor":8.0,"key":"SMITH"},{"data":"Go for the Eyes","floor":15.0,"key":"SMITH"},{"floor":27,"key":"REST"},{"floor":29,"key":"REST"},{"data":"Hyperbeam","floor":32,"key":"SMITH"},{"data":"Mind Blast","floor":40,"key":"SMITH"},{"data":"Panacea","floor":42,"key":"SMITH"},{"data":"Bash","floor":47,"key":"SMITH"},{"data":"Flash of Steel","floor":49,"key":"SMITH"}],"neow_cost":"","seed_source_timestamp":0,"circlet_count":0,"master_deck":["Strike_R","Strike_R","Strike_R","Strike_R","Strike_R","Defend_R","Defend_R","Defend_R+1","Bash+1","Jack Of All Trades+1","Blind","Panacea+1","Enlightenment+1","Secret Weapon+1","Dagger Spray","Sweeping Beam","Venomology+1","Turbo+1","Intimidate+1","Go for the Eyes+1","Die Die Die","Escape Plan+1","All Out Attack+1","Steam+1","Riddle With Holes","Hyperbeam+1","Backflip+1","Rage+1","Thunderclap","White Noise+1","Hologram+1","Acrobatics+1","Burst+1","Blade Dance+1","Bandage Up+1","Mind Blast+1","Bandage Up+1","Flash of Steel+1","Havoc+1","Heavy Blade+1","Jack Of All Trades+1","Stack+1"],"special_seed":18094,"relics":["Burning Blood","Toxic Egg 2","Art of War","Pen Nib","War Paint","Calling Bell","Dream Catcher","Kunai","FossilizedHelix","Red Mask","MutagenicStrength","Potion Belt","Pantograph","MawBank","Centennial Puzzle","Ornamental Fan","Runic Dome","Boot","Singing Bowl","Blood Vial"],"potions_floor_usage":[25,33,33,33,44,46,46,50,50,50,50],"damage_taken":[{"damage":8.0,"enemies":"Cultist","floor":1.0,"turns":4.0},{"damage":4.0,"enemies":"2 Louse","floor":2.0,"turns":2.0},{"damage":0.0,"enemies":"Small Slimes","floor":5.0,"turns":2.0},{"damage":19.0,"enemies":"3 Sentries","floor":7.0,"turns":3.0},{"damage":0.0,"enemies":"2 Fungi Beasts","floor":10.0,"turns":1.0},{"damage":8.0,"enemies":"Gremlin Nob","floor":11.0,"turns":3.0},{"damage":11.0,"enemies":"Exordium Wildlife","floor":12.0,"turns":4.0},{"damage":0.0,"enemies":"3 Louse","floor":13.0,"turns":1.0},{"damage":0.0,"enemies":"Large Slime","floor":14.0,"turns":2.0},{"damage":46.0,"enemies":"Hexaghost","floor":16.0,"turns":7.0},{"damage":30.0,"enemies":"Shell Parasite","floor":18.0,"turns":4.0},{"damage":0.0,"enemies":"3 Byrds","floor":19.0,"turns":1.0},{"damage":11.0,"enemies":"Masked Bandits","floor":20.0,"turns":2.0},{"damage":27,"enemies":"Gremlin Leader","floor":23,"turns":5},{"damage":0,"enemies":"Centurion and Healer","floor":24,"turns":2},{"damage":36,"enemies":"Book of Stabbing","floor":25,"turns":4},{"damage":0,"enemies":"Snecko","floor":30,"turns":3},{"damage":0,"enemies":"Snake Plant","floor":31,"turns":2},{"damage":24,"enemies":"Automaton","floor":33,"turns":7},{"damage":0,"enemies":"Orb Walker","floor":35,"turns":2},{"damage":18,"enemies":"Nemesis","floor":41,"turns":5},{"damage":0,"enemies":"Reptomancer","floor":44,"turns":2},{"damage":7,"enemies":"3 Darklings","floor":45,"turns":2},{"damage":0,"enemies":"Sphere and 2 Shapes","floor":46,"turns":2},{"damage":85,"enemies":"Awakened One","floor":50,"turns":13}],"seed_played":"4053552727642725669","potions_obtained":[{"floor":1.0,"key":"SpeedPotion"},{"floor":10.0,"key":"GamblersBrew"},{"floor":11.0,"key":"SkillPotion"},{"floor":13.0,"key":"LiquidBronze"},{"floor":19.0,"key":"LiquidBronze"},{"floor":25,"key":"Ancient Potion"},{"floor":30,"key":"BloodPotion"},{"floor":35,"key":"FearPotion"},{"floor":41,"key":"Strength Potion"},{"floor":45,"key":"AttackPotion"}],"is_trial":false,"path_per_floor":["M","M","?","$","M","R","E","R","T","M","E","M","M","M","R","B",null,"M","M","?","?","?","E","M","E","T","R","$","R","M","M","R","B",null,"M","?","$","?","$","R","E","R","T","E","M","M","R","$","R","B",null],"character_chosen":"IRONCLAD","items_purchased":["Ornamental Fan","Rage+1","Thunderclap","Flash of Steel","Havoc+1","Jack Of All Trades+1","Stack+1"],"campfire_rested":2,"item_purchase_floors":[28,28,28,39,39,48,48],"current_hp_per_floor":[78,80,62,62,68,68,55,55,55,61,59,54,60,66,66,26,80,56,62,57,57,57,36,42,12,12,36,36,60,66,72,72,62,80,80,70,70,70,70,70,70,70,70,78,84,86,86,86,86,18],"gold":2,"neow_bonus":"","is_prod":false,"is_daily":true,"chose_seed":false,"campfire_upgraded":8,"win_rate":0,"timestamp":1563396507,"path_taken":["M","?","?","$","M","R","E","R","T","M","E","M","M","M","R","BOSS","M","M","?","?","?","E","M","E","T","R","$","R","M","M","R","BOSS","M","?","$","?","$","R","E","R","T","E","M","M","R","?","R","BOSS"],"build_version":"2019-07-05","purchased_purges":4,"victory":true,"max_hp_per_floor":[80,80,80,80,80,80,80,80,80,80,80,80,80,80,80,80,80,80,80,80,80,80,80,80,80,80,80,80,80,80,80,80,80,80,80,80,80,80,80,80,80,80,80,82,84,86,86,86,86,86],"card_choices":[{"not_picked":["Quick Slash","Deadly Poison","Melter"],"picked":"SKIP","floor":1.0},{"not_picked":["Heel Hook","Warcry"],"picked":"Dagger Spray","floor":2.0},{"not_picked":["Warcry+1","Cold Snap"],"picked":"Sweeping Beam","floor":5.0},{"not_picked":["Dagger Throw","Calculated Gamble+1"],"picked":"Venomology+1","floor":7.0},{"not_picked":["Dagger Throw","Tactician+1","Clothesline"],"picked":"SKIP","floor":10.0},{"not_picked":["Outmaneuver+1","Beam Cell"],"picked":"Turbo+1","floor":11.0},{"not_picked":["Slice","Wild Strike"],"picked":"Intimidate+1","floor":12.0},{"not_picked":["Barrage","Flying Knee"],"picked":"Go for the Eyes","floor":13.0},{"not_picked":["Defragment","Dagger Throw","Compile Driver"],"picked":"SKIP","floor":14.0},{"not_picked":["Phantasmal Killer+1","Impervious+1"],"picked":"Die Die Die","floor":16.0},{"not_picked":["Dropkick+1","Anger"],"picked":"Escape Plan+1","floor":18.0},{"not_picked":["Dropkick+1","Concentrate+1"],"picked":"All Out Attack+1","floor":19.0},{"not_picked":["Headbutt","Wild Strike"],"picked":"Steam+1","floor":20.0},{"not_picked":["Searing Blow","Clash","Rebound"],"picked":"SKIP","floor":23},{"not_picked":["Dropkick","Anger"],"picked":"Riddle With Holes","floor":24},{"not_picked":["Concentrate+1","Backflip+1"],"picked":"Hyperbeam","floor":25},{"not_picked":["Clothesline","Deflect+1"],"picked":"Backflip+1","floor":27},{"not_picked":["Turbo+1","Anger"],"picked":"White Noise+1","floor":29},{"not_picked":["Flechettes","Leap+1"],"picked":"Hologram+1","floor":30},{"not_picked":["Prepared+1","True Grit+1"],"picked":"Acrobatics+1","floor":31},{"not_picked":["Venomology+1","Impervious+1"],"picked":"Burst+1","floor":33},{"not_picked":["Slice+1","Lockon"],"picked":"Blade Dance+1","floor":35},{"not_picked":["Finesse+1","Violence+1"],"picked":"Bandage Up+1","floor":36},{"not_picked":["Deep Breath+1","Impatience+1"],"picked":"Mind Blast","floor":36},{"not_picked":["Dark Shackles+1","Good Instincts+1"],"picked":"Bandage Up+1","floor":36},{"not_picked":["After Image","Compile Driver+1"],"picked":"Heavy Blade+1","floor":41},{"not_picked":["Anger","Blizzard+1","Thunderclap+1"],"picked":"Singing Bowl","floor":44},{"not_picked":["Fire Breathing+1","Fusion+1","Dodge and Roll+1"],"picked":"Singing Bowl","floor":45},{"not_picked":["Deflect+1","Hemokinesis+1","Tempest+1"],"picked":"Singing Bowl","floor":46}],"player_experience":156242,"relics_obtained":[{"floor":7.0,"key":"Art of War"},{"floor":9.0,"key":"Pen Nib"},{"floor":11.0,"key":"War Paint"},{"floor":17.0,"key":"Dream Catcher"},{"floor":17.0,"key":"Kunai"},{"floor":17.0,"key":"FossilizedHelix"},{"floor":20.0,"key":"Red Mask"},{"floor":23,"key":"Pantograph"},{"floor":25,"key":"MawBank"},{"floor":26,"key":"Centennial Puzzle"},{"floor":41,"key":"Boot"},{"floor":43,"key":"Singing Bowl"},{"floor":44,"key":"Blood Vial"}],"event_choices":[{"damage_healed":0.0,"max_hp_gain":0.0,"max_hp_loss":0.0,"gold_gain":0.0,"event_name":"Scrap Ooze","player_choice":"Success","floor":3.0,"gold_loss":0.0,"damage_taken":18.0,"relics_obtained":["Toxic Egg 2"]},{"damage_healed":0.0,"max_hp_gain":0.0,"max_hp_loss":0.0,"gold_gain":0.0,"event_name":"Masked Bandits","player_choice":"Fought Bandits","floor":20.0,"gold_loss":0.0,"damage_taken":0.0},{"damage_healed":0,"gold_gain":0,"player_choice":"Inject Mutagens","damage_taken":0,"relics_obtained":["MutagenicStrength"],"max_hp_gain":0,"max_hp_loss":0,"event_name":"Drug Dealer","floor":21,"gold_loss":0},{"damage_healed":0,"gold_gain":0,"player_choice":"Opened","damage_taken":0,"relics_obtained":["Potion Belt"],"max_hp_gain":0,"max_hp_loss":0,"event_name":"The Mausoleum","floor":22,"gold_loss":0},{"damage_healed":0,"gold_gain":0,"player_choice":"Memory 3","damage_taken":10,"max_hp_gain":0,"max_hp_loss":0,"event_name":"SensoryStone","floor":36,"gold_loss":0},{"damage_healed":0,"gold_gain":222,"player_choice":"Wore Mask","damage_taken":0,"max_hp_gain":0,"max_hp_loss":0,"event_name":"Tomb of Lord Red Mask","floor":38,"gold_loss":0}],"is_beta":false,"boss_relics":[{"not_picked":["Philosopher\u0027s Stone","Orrery"],"picked":"Calling Bell"},{"not_picked":["White Beast Statue","Velvet Choker"],"picked":"Runic Dome"}],"items_purged_floors":[4,28,37,39],"is_endless":false,"potions_floor_spawned":[1,10,11,13,16,19,25,30,35,41,45],"ascension_level":0}