{"gold_per_floor":[111,121,121,141,141,169,181,38,38,38,72,87,37,71,71,169,169,180,180,105,58,58,86,86,96,123,135,168,168,179,197,197,294,294,308,383,403,114,134,169,169,184,261,279,61,90,90],"floor_reached":47,"playtime":3966,"items_purged":["Defend_G","Well Laid Plans"],"score":622,"play_id":"8a0f9621-64fc-406c-9685-f9a403a94433","local_time":"20190703010010","is_ascension_mode":true,"campfire_choices":[{"floor":7.0,"key":"REST"},{"data":"Cloak And Dagger","floor":10.0,"key":"SMITH"},{"floor":15.0,"key":"RECALL"},{"floor":29.0,"key":"REST"},{"floor":32.0,"key":"REST"},{"data":"Apotheosis","floor":41.0,"key":"SMITH"}],"neow_cost":"NONE","seed_source_timestamp":0,"circlet_count":0,"master_deck":["Survivor","Neutralize","Endless Agony","Cloak And Dagger+1","Outmaneuver","Dagger Spray","Terror","Adrenaline","Deadly Poison","Doppelganger","Catalyst","Escape Plan","Dagger Spray","Setup","After Image","Night Terror","Blade Dance","Blade Dance","J.A.X.","Venomology","Endless Agony+1","PiercingWail+1","Prepared","Deadly Poison","Tactician","PiercingWail","Flechettes+1","Corpse Explosion","Endless Agony+1","Setup+1","Apotheosis+1","Infinite Blades+1","Deflect","Noxious Fumes","Noxious Fumes","Blade Dance+1"],"special_seed":0,"relics":["Ring of the Snake","MawBank","Happy Flower","Potion Belt","Blue Candle","Pandora\u0027s Box","Darkstone Periapt","Mummified Hand","Bottled Tornado","Dream Catcher","Bronze Scales","Runic Pyramid","Pen Nib","Question Card","Snake Skull","Orichalcum"],"potions_floor_usage":[46,46],"damage_taken":[{"damage":2.0,"enemies":"Cultist","floor":1.0,"turns":4.0},{"damage":0.0,"enemies":"Small Slimes","floor":2.0,"turns":2.0},{"damage":1.0,"enemies":"Jaw Worm","floor":4.0,"turns":5.0},{"damage":39.0,"enemies":"Lagavulin","floor":6.0,"turns":11.0},{"damage":14.0,"enemies":"3 Sentries","floor":11.0,"turns":7.0},{"damage":2.0,"enemies":"Looter","floor":12.0,"turns":2.0},{"damage":13.0,"enemies":"Lagavulin","floor":14.0,"turns":5.0},{"damage":23.0,"enemies":"Slime Boss","floor":16.0,"turns":12.0},{"damage":8.0,"enemies":"Shell Parasite","floor":18.0,"turns":3.0},{"damage":10.0,"enemies":"Book of Stabbing","floor":23.0,"turns":4.0},{"damage":3.0,"enemies":"3 Byrds","floor":25.0,"turns":3.0},{"damage":31.0,"enemies":"Snake Plant","floor":27.0,"turns":3.0},{"damage":29.0,"enemies":"Slavers","floor":28.0,"turns":4.0},{"damage":3.0,"enemies":"Cultist and Chosen","floor":30.0,"turns":4.0},{"damage":7.0,"enemies":"Snecko","floor":31.0,"turns":4.0},{"damage":31.0,"enemies":"Automaton","floor":33.0,"turns":7.0},{"damage":0.0,"enemies":"3 Darklings","floor":35.0,"turns":2.0},{"damage":3.0,"enemies":"3 Shapes","floor":37.0,"turns":1.0},{"damage":0.0,"enemies":"Jaw Worm Horde","floor":39.0,"turns":2.0},{"damage":18.0,"enemies":"Reptomancer","floor":40.0,"turns":5.0},{"damage":0.0,"enemies":"Sphere and 2 Shapes","floor":42.0,"turns":2.0},{"damage":12.0,"enemies":"4 Shapes","floor":44.0,"turns":4.0},{"damage":36,"enemies":"Nemesis","floor":46,"turns":3},{"damage":11,"enemies":"3 Darklings","floor":47,"turns":1}],"seed_played":"-5092168772858454992","potions_obtained":[{"floor":4.0,"key":"Explosive Potion"},{"floor":6.0,"key":"Block Potion"},{"floor":12.0,"key":"Fire Potion"},{"floor":14.0,"key":"Fruit Juice"},{"floor":16.0,"key":"Fire Potion"},{"floor":18.0,"key":"Block Potion"},{"floor":25.0,"key":"Poison Potion"},{"floor":30.0,"key":"SkillPotion"},{"floor":31.0,"key":"Dexterity Potion"},{"floor":33.0,"key":"FearPotion"},{"floor":37.0,"key":"SteroidPotion"},{"floor":39.0,"key":"SkillPotion"},{"floor":40.0,"key":"EssenceOfSteel"}],"is_trial":false,"path_per_floor":["M","M","T","M","?","E","R","$","T","R","E","M","?","E","R","B",null,"M","?","?","$","?","E","T","M","T","M","E","R","M","M","R","B",null,"M","?","M","$","M","E","R","M","T","M","$","E","M"],"character_chosen":"THE_SILENT","items_purchased":["Terror","Blade Dance","Apotheosis","Snake Skull","Noxious Fumes"],"campfire_rested":3,"item_purchase_floors":[8,21,38,45,45],"current_hp_per_floor":[75,75,75,74,67,28,51,51,51,51,37,35,35,27,27,4,82,74,74,74,74,74,64,64,61,61,30,1,25,22,15,39,8,82,82,74,71,71,71,53,53,53,53,41,41,5,0],"gold":90,"neow_bonus":"TEN_PERCENT_HP_BONUS","is_prod":false,"is_daily":false,"chose_seed":false,"campfire_upgraded":2,"win_rate":0,"timestamp":1562140810,"path_taken":["M","?","?","M","?","E","R","$","T","R","E","M","?","E","R","BOSS","M","?","?","$","?","E","?","M","T","M","E","R","?","M","R","BOSS","M","?","M","$","M","E","R","M","T","M","?","E","?"],"build_version":"2019-07-01","purchased_purges":2,"victory":false,"max_hp_per_floor":[77,77,77,77,77,77,77,77,77,77,77,77,77,82,82,82,82,82,82,82,82,82,82,82,82,82,82,82,82,82,82,82,82,82,82,82,82,82,82,82,82,82,82,82,82,82,82],"card_choices":[{"not_picked":["Underhanded Strike","Finisher"],"picked":"Endless Agony","floor":1.0},{"not_picked":["Sucker Punch","Tactician"],"picked":"Cloak And Dagger","floor":2.0},{"not_picked":["Dodge and Roll","Slice"],"picked":"Outmaneuver","floor":4.0},{"not_picked":["Riddle With Holes","Outmaneuver"],"picked":"Dagger Spray","floor":6.0},{"not_picked":["Dagger Throw","Underhanded Strike"],"picked":"Adrenaline","floor":11.0},{"not_picked":["Outmaneuver","Riddle With Holes"],"picked":"Deadly Poison","floor":12.0},{"not_picked":["Doppelganger","Setup"],"picked":"Well Laid Plans","floor":14.0},{"not_picked":["Unload","Tools of the Trade"],"picked":"Doppelganger","floor":16.0},{"not_picked":["Sucker Punch+1","Underhanded Strike+1"],"picked":"Blade Dance","floor":18.0},{"not_picked":["Backstab","Glass Knife"],"picked":"Venomology","floor":23.0},{"not_picked":["Slice","Bane"],"picked":"Endless Agony+1","floor":25.0},{"not_picked":["Dodge and Roll","Flying Knee"],"picked":"PiercingWail+1","floor":27.0},{"not_picked":["Glass Knife","Corpse Explosion"],"picked":"Prepared","floor":28.0},{"not_picked":["Acrobatics+1","Calculated Gamble"],"picked":"Deadly Poison","floor":29.0},{"not_picked":["Acrobatics","Skewer"],"picked":"Tactician","floor":30.0},{"not_picked":["Dodge and Roll","Dagger Throw+1"],"picked":"PiercingWail","floor":31.0},{"not_picked":["Dagger Throw+1","Slice+1"],"picked":"Flechettes+1","floor":32.0},{"not_picked":["Night Terror","Wraith Form v2"],"picked":"Corpse Explosion","floor":33.0},{"not_picked":["Dagger Spray","Prepared+1"],"picked":"Endless Agony+1","floor":35.0},{"not_picked":["Reflex+1","Endless Agony"],"picked":"Setup+1","floor":37.0},{"not_picked":["Sucker Punch+1","Poisoned Stab"],"picked":"Infinite Blades+1","floor":39.0},{"not_picked":["Acrobatics","Well Laid Plans+1","Dagger Throw"],"picked":"SKIP","floor":40.0},{"not_picked":["Leg Sweep+1","Flying Knee+1"],"picked":"Deflect","floor":42.0},{"not_picked":["Expertise","Deflect+1","Calculated Gamble+1"],"picked":"Noxious Fumes","floor":44.0},{"not_picked":["Noxious Fumes+1","Grand Finale","Well Laid Plans"],"picked":"Blade Dance+1","floor":46}],"player_experience":141789,"relics_obtained":[{"floor":6.0,"key":"MawBank"},{"floor":9.0,"key":"Happy Flower"},{"floor":11.0,"key":"Potion Belt"},{"floor":14.0,"key":"Blue Candle"},{"floor":23.0,"key":"Mummified Hand"},{"floor":24.0,"key":"Bottled Tornado"},{"floor":26.0,"key":"Dream Catcher"},{"floor":28.0,"key":"Bronze Scales"},{"floor":40.0,"key":"Pen Nib"},{"floor":43.0,"key":"Question Card"},{"floor":46,"key":"Orichalcum"}],"event_choices":[{"cards_removed":["Defend_G"],"damage_healed":0.0,"max_hp_gain":0.0,"max_hp_loss":0.0,"gold_gain":0.0,"event_name":"Golden Wing","player_choice":"Card Removal","floor":5.0,"gold_loss":0.0,"damage_taken":7.0},{"cards_removed":["Defend_G"],"damage_healed":0.0,"max_hp_gain":0.0,"max_hp_loss":0.0,"gold_gain":0.0,"event_name":"The Cleric","player_choice":"Card Removal","floor":13.0,"gold_loss":50.0,"damage_taken":0.0},{"damage_healed":0.0,"max_hp_gain":0.0,"max_hp_loss":0.0,"gold_gain":0.0,"event_name":"The Mausoleum","player_choice":"Opened","floor":19.0,"gold_loss":0.0,"damage_taken":0.0,"relics_obtained":["Darkstone Periapt"]},{"cards_removed":["Acrobatics"],"damage_healed":0.0,"max_hp_gain":0.0,"max_hp_loss":0.0,"gold_gain":0.0,"event_name":"Beggar","player_choice":"Gave Gold","floor":20.0,"gold_loss":75.0,"damage_taken":0.0},{"damage_healed":0.0,"max_hp_gain":0.0,"max_hp_loss":0.0,"gold_gain":0.0,"event_name":"Drug Dealer","player_choice":"Obtain J.A.X.","floor":22.0,"gold_loss":0.0,"damage_taken":0.0,"cards_obtained":["J.A.X."]},{"damage_healed":0.0,"max_hp_gain":0.0,"max_hp_loss":0.0,"gold_gain":75.0,"event_name":"FaceTrader","player_choice":"Touch","floor":36.0,"gold_loss":0.0,"damage_taken":8.0}],"is_beta":false,"boss_relics":[{"not_picked":["Sozu","Velvet Choker"],"picked":"Pandora\u0027s Box"},{"not_picked":["Snecko Eye","HoveringKite"],"picked":"Runic Pyramid"}],"items_purged_floors":[8,38],"is_endless":false,"potions_floor_spawned":[4,6,12,14,16,18,25,30,31,33,37,39,40],"killed_by":"3 Darklings","ascension_level":2}