{"gold_per_floor":[119,119,119,119,138,172,172,190,272,272,272,272,197,257,257,357,357,367,384,284,284,310,310,341,341,341,216,66,66,78,78,78,182,182,194,194,206,171,187,187,206,31,31,46,46,268,286,301,301,301],"floor_reached":50,"playtime":1965,"items_purged":["Strike_R","Defend_R","Defend_R","Strike_R","Strike_R+1"],"score":556,"play_id":"83879272-a11e-44f5-ae41-742ddb56d07b","local_time":"20190120115758","is_ascension_mode":false,"campfire_choices":[{"data":"Bash","floor":7,"key":"SMITH"},{"data":"Inflame","floor":10,"key":"SMITH"},{"data":"Defend_R","floor":12,"key":"SMITH"},{"data":"Strike_R","floor":15,"key":"SMITH"},{"floor":23,"key":"REST"},{"floor":25,"key":"REST"},{"floor":29,"key":"REST"},{"data":"Defend_R","floor":32,"key":"SMITH"},{"data":"Rampage","floor":40,"key":"SMITH"},{"data":"Immolate","floor":49,"key":"SMITH"}],"neow_cost":"NONE","seed_source_timestamp":2257176868430911,"circlet_count":0,"master_deck":["Strike_R+1","Defend_R+1","Bash+1","Inflame+1","Dropkick+1","Necronomicurse","Rampage+1","Immolate+1"],"relics":["Burning Blood","NeowsBlessing","Orichalcum","Letter Opener","Blue Candle","Empty Cage","Necronomicon","Red Mask","Pear","WingedGreaves","White Beast Statue","Self Forming Clay"],"potions_floor_usage":[22,33,41,44,50,50],"damage_taken":[{"damage":0,"enemies":"2 Louse","floor":1,"turns":1},{"damage":0,"enemies":"Jaw Worm","floor":5,"turns":1},{"damage":0,"enemies":"Gremlin Nob","floor":6,"turns":1},{"damage":1,"enemies":"Cultist","floor":8,"turns":3},{"damage":12,"enemies":"3 Sentries","floor":14,"turns":7},{"damage":45,"enemies":"Slime Boss","floor":16,"turns":9},{"damage":8,"enemies":"Shell Parasite","floor":18,"turns":3},{"damage":18,"enemies":"Spheric Guardian","floor":19,"turns":4},{"damage":30,"enemies":"Masked Bandits","floor":22,"turns":4},{"damage":29,"enemies":"Slavers","floor":24,"turns":5},{"damage":0,"enemies":"Snecko","floor":30,"turns":3},{"damage":49,"enemies":"Automaton","floor":33,"turns":2},{"damage":1,"enemies":"Orb Walker","floor":35,"turns":2},{"damage":3,"enemies":"3 Shapes","floor":37,"turns":4},{"damage":45,"enemies":"Maw","floor":39,"turns":6},{"damage":19,"enemies":"3 Darklings","floor":41,"turns":4},{"damage":0,"enemies":"Transient","floor":44,"turns":5},{"damage":22,"enemies":"Jaw Worm Horde","floor":47,"turns":3},{"damage":8,"enemies":"Sphere and 2 Shapes","floor":48,"turns":3},{"damage":50,"enemies":"Awakened One","floor":50,"turns":3}],"seed_played":"-5964630283962851485","potions_obtained":[{"floor":8,"key":"SkillPotion"},{"floor":14,"key":"Dexterity Potion"},{"floor":18,"key":"SteroidPotion"},{"floor":24,"key":"PowerPotion"},{"floor":35,"key":"Regen Potion"},{"floor":37,"key":"FearPotion"},{"floor":41,"key":"Swift Potion"},{"floor":44,"key":"FearPotion"},{"floor":48,"key":"PowerPotion"}],"is_trial":false,"path_per_floor":["M","?","$","?","M","E","R","M","T","R","?","R","$","?","R","B",null,"M","M","$","?","?","R","E","R","T","$","$","R","M","?","R","B",null,"M","?","M","$","M","R","M","$","T","M","?","?","M","M","R","B"],"character_chosen":"IRONCLAD","items_purchased":["Rampage"],"campfire_rested":3,"item_purchase_floors":[38],"current_hp_per_floor":[80,80,80,80,80,80,80,80,80,80,64,64,64,58,58,19,80,78,66,66,50,26,50,37,64,64,64,64,90,90,90,90,47,90,90,90,90,90,51,51,38,38,38,56,56,56,40,38,38,0],"gold":301,"neow_bonus":"THREE_ENEMY_KILL","is_prod":false,"is_daily":false,"chose_seed":false,"campfire_upgraded":7,"win_rate":0,"timestamp":1547953078,"path_taken":["M","?","$","?","?","E","R","M","T","R","?","R","$","?","R","BOSS","M","M","$","?","?","R","E","R","T","$","$","R","M","?","R","BOSS","M","?","M","$","M","R","M","$","T","M","?","?","?","M","R","BOSS"],"build_version":"2019-01-17v2","purchased_purges":5,"victory":false,"max_hp_per_floor":[80,80,80,80,80,80,80,80,80,80,80,80,80,80,80,80,80,80,80,80,80,80,80,90,90,90,90,90,90,90,90,90,90,90,90,90,90,90,90,90,90,90,90,90,90,90,90,90,90,90],"card_choices":[{"not_picked":["Flex","Clothesline","Thunderclap"],"picked":"SKIP","floor":1},{"not_picked":["Flex","Headbutt","Armaments"],"picked":"SKIP","floor":5},{"not_picked":["Body Slam","Iron Wave"],"picked":"Dropkick","floor":6},{"not_picked":["Sever Soul","Clothesline","Flex"],"picked":"SKIP","floor":8},{"not_picked":["Pommel Strike","Perfected Strike+1","Thunderclap"],"picked":"SKIP","floor":18},{"not_picked":["Iron Wave+1","Thunderclap+1","Pummel+1"],"picked":"SKIP","floor":19},{"not_picked":["Spot Weakness","Wild Strike","Hemokinesis"],"picked":"SKIP","floor":24},{"not_picked":["Armaments+1","Clash+1","Sever Soul"],"picked":"SKIP","floor":30},{"not_picked":["Clothesline","Heavy Blade","Sentinel+1"],"picked":"SKIP","floor":35},{"not_picked":["Anger+1","Burning Pact","Spot Weakness+1"],"picked":"SKIP","floor":37},{"not_picked":["Perfected Strike","Shockwave+1","Armaments"],"picked":"SKIP","floor":39},{"not_picked":["Metallicize","Clothesline","Searing Blow"],"picked":"SKIP","floor":41},{"not_picked":["Heavy Blade+1","Second Wind","Twin Strike+1"],"picked":"SKIP","floor":44},{"not_picked":["Twin Strike+1","Cleave"],"picked":"Immolate","floor":47},{"not_picked":["Wild Strike+1","Clash","Metallicize+1"],"picked":"SKIP","floor":48}],"player_experience":467714,"relics_obtained":[{"floor":6,"key":"Orichalcum"},{"floor":9,"key":"Letter Opener"},{"floor":14,"key":"Blue Candle"},{"floor":21,"key":"Necronomicon"},{"floor":22,"key":"Red Mask"},{"floor":24,"key":"Pear"},{"floor":26,"key":"WingedGreaves"},{"floor":43,"key":"Self Forming Clay"}],"event_choices":[{"damage_healed":0,"gold_gain":0,"player_choice":"Leave","damage_taken":0,"max_hp_gain":0,"max_hp_loss":0,"event_name":"The Cleric","floor":2,"gold_loss":0},{"damage_healed":0,"gold_gain":0,"player_choice":"2 cards matched","damage_taken":0,"max_hp_gain":0,"max_hp_loss":0,"event_name":"Match and Keep!","floor":4,"gold_loss":0,"cards_obtained":["Injury","Inflame"]},{"damage_healed":0,"gold_gain":0,"player_choice":"Entered Light","damage_taken":16,"max_hp_gain":0,"max_hp_loss":0,"event_name":"Shining Light","floor":11,"gold_loss":0,"cards_upgraded":["Dropkick","Strike_R"]},{"damage_healed":0,"gold_gain":30,"player_choice":"Searched \u00272\u0027 times","damage_taken":0,"max_hp_gain":0,"max_hp_loss":0,"event_name":"Dead Adventurer","floor":14,"gold_loss":0},{"damage_healed":0,"gold_gain":0,"player_choice":"Obtained Book","damage_taken":16,"max_hp_gain":0,"max_hp_loss":0,"event_name":"Cursed Tome","floor":21,"gold_loss":0},{"damage_healed":0,"gold_gain":0,"player_choice":"Fought Bandits","damage_taken":0,"max_hp_gain":0,"max_hp_loss":0,"event_name":"Masked Bandits","floor":22,"gold_loss":0},{"damage_healed":0,"gold_gain":0,"player_choice":"Ignored","damage_taken":0,"max_hp_gain":0,"max_hp_loss":0,"event_name":"Ghosts","floor":31,"gold_loss":0},{"cards_removed":["Defend_R"],"damage_healed":0,"gold_gain":0,"player_choice":"Removed Skill","damage_taken":0,"max_hp_gain":0,"max_hp_loss":0,"event_name":"Falling","floor":36,"gold_loss":0},{"damage_healed":0,"gold_gain":0,"player_choice":"Memory 1","damage_taken":0,"max_hp_gain":0,"max_hp_loss":0,"event_name":"SensoryStone","floor":45,"gold_loss":0},{"damage_healed":0,"gold_gain":222,"player_choice":"Wore Mask","damage_taken":0,"max_hp_gain":0,"max_hp_loss":0,"event_name":"Tomb of Lord Red Mask","floor":46,"gold_loss":0}],"is_beta":false,"boss_relics":[{"not_picked":["Calling Bell","Runic Dome"],"picked":"Empty Cage"},{"not_picked":["Coffee Dripper","Orrery"],"picked":"White Beast Statue"}],"items_purged_floors":[13,20,27,28,42],"is_endless":false,"potions_floor_spawned":[8,14,18,24,35,37,39,41,44,47,48],"killed_by":"Awakened One","ascension_level":0}