{"gold_per_floor":[110,128,128,138,138,138,172,97,97,97,116,16,62,74,74,176,176,186,202,202,222,233,233,108,108,189,189,201,219,82,97,97,97],"floor_reached":33,"playtime":3604,"items_purged":["Strike_R","Strike_R","Sword Boomerang"],"score":249,"play_id":"5a68d2e9-c044-4f1d-b27b-8ec3fedddb49","local_time":"20190601011202","is_ascension_mode":false,"campfire_choices":[{"data":"Whirlwind","floor":6,"key":"SMITH"},{"floor":15,"key":"REST"},{"data":"Anger","floor":23,"key":"SMITH"},{"data":"Juggernaut","floor":27,"key":"SMITH"},{"floor":32,"key":"REST"}],"neow_cost":"NONE","seed_source_timestamp":35549621353145,"circlet_count":0,"master_deck":["Bash+1","Headbutt","Whirlwind+1","Anger+1","Metallicize","Juggernaut+1","Battle Trance+1","Shrug It Off+1","Twin Strike","Pommel Strike","Ghostly Armor+1","Burning Pact+1","Disarm+1","Shrug It Off+1","Double Tap+1","Rampage"],"relics":["Burning Blood","Meat on the Bone","Darkstone Periapt","Toxic Egg 2","Ancient Tea Set","Pandora\u0027s Box","Dodecahedron"],"potions_floor_usage":[14,14,18,33,33],"damage_taken":[{"damage":7,"enemies":"2 Louse","floor":1,"turns":3},{"damage":0,"enemies":"Small Slimes","floor":2,"turns":2},{"damage":1,"enemies":"Jaw Worm","floor":4,"turns":3},{"damage":22,"enemies":"3 Sentries","floor":7,"turns":3},{"damage":13,"enemies":"Exordium Thugs","floor":11,"turns":3},{"damage":10,"enemies":"Exordium Wildlife","floor":14,"turns":5},{"damage":37,"enemies":"Hexaghost","floor":16,"turns":9},{"damage":9,"enemies":"Shell Parasite","floor":18,"turns":4},{"damage":0,"enemies":"3 Byrds","floor":19,"turns":2},{"damage":31,"enemies":"Snake Plant","floor":21,"turns":4},{"damage":7,"enemies":"Shelled Parasite and Fungi","floor":22,"turns":6},{"damage":9,"enemies":"Sentry and Sphere","floor":28,"turns":4},{"damage":1,"enemies":"Snake Plant","floor":29,"turns":5},{"damage":24,"enemies":"Centurion and Healer","floor":31,"turns":5},{"damage":74,"enemies":"Collector","floor":33,"turns":7}],"seed_played":"6570475127959665281","potions_obtained":[{"floor":2,"key":"Weak Potion"},{"floor":11,"key":"GamblersBrew"},{"floor":16,"key":"Block Potion"},{"floor":19,"key":"Swift Potion"},{"floor":22,"key":"GamblersBrew"},{"floor":31,"key":"LiquidBronze"}],"is_trial":false,"path_per_floor":["M","M","?","M","?","R","E","$","T","?","M","$","T","M","R","B",null,"M","M","?","M","M","R","$","?","T","R","M","M","$","M","R","B"],"character_chosen":"IRONCLAD","items_purchased":["Double Tap+1"],"campfire_rested":2,"item_purchase_floors":[30],"current_hp_per_floor":[79,80,77,80,73,73,57,57,57,57,50,50,50,58,80,49,80,77,80,80,55,54,54,54,54,54,54,51,56,56,50,74,0],"gold":97,"neow_bonus":"UPGRADE_CARD","is_prod":false,"is_daily":false,"chose_seed":false,"campfire_upgraded":3,"win_rate":0,"timestamp":1559344322,"path_taken":["M","M","?","M","?","R","E","$","T","?","?","?","?","M","R","BOSS","M","M","?","M","?","R","$","?","T","R","?","M","$","M","R","BOSS"],"build_version":"2019-01-23","purchased_purges":3,"victory":false,"max_hp_per_floor":[80,80,80,80,80,80,80,80,80,80,80,80,80,80,80,80,80,80,80,80,80,80,80,80,80,80,80,80,80,80,80,80,80],"card_choices":[{"not_picked":["Thunderclap","Shrug It Off"],"picked":"Headbutt","floor":1},{"not_picked":["Power Through","Thunderclap"],"picked":"Whirlwind","floor":2},{"not_picked":["Iron Wave","Clothesline","Flame Barrier"],"picked":"SKIP","floor":4},{"not_picked":["Heavy Blade","Sword Boomerang","Fire Breathing"],"picked":"SKIP","floor":7},{"not_picked":["Reckless Charge","Exhume+1"],"picked":"Anger","floor":11},{"not_picked":["Anger","Heavy Blade"],"picked":"Metallicize","floor":14},{"not_picked":["Impervious+1","Immolate"],"picked":"Juggernaut","floor":16},{"not_picked":["Havoc+1","Headbutt"],"picked":"Pommel Strike","floor":18},{"not_picked":["Iron Wave","Cleave"],"picked":"Ghostly Armor+1","floor":19},{"not_picked":["Shrug It Off+1","Anger+1"],"picked":"Burning Pact+1","floor":21},{"not_picked":["Anger","Perfected Strike","Reckless Charge"],"picked":"SKIP","floor":22},{"not_picked":["Corruption","Sword Boomerang"],"picked":"Disarm+1","floor":28},{"not_picked":["Evolve","Heavy Blade"],"picked":"Shrug It Off+1","floor":29},{"not_picked":["Thunderclap+1","Heavy Blade+1"],"picked":"Rampage","floor":31}],"player_experience":364721,"relics_obtained":[{"floor":7,"key":"Darkstone Periapt"},{"floor":9,"key":"Toxic Egg 2"},{"floor":13,"key":"Ancient Tea Set"},{"floor":26,"key":"Dodecahedron"}],"event_choices":[{"damage_healed":0,"gold_gain":0,"player_choice":"Success","damage_taken":3,"relics_obtained":["Meat on the Bone"],"max_hp_gain":0,"max_hp_loss":0,"event_name":"Scrap Ooze","floor":3,"gold_loss":0},{"cards_removed":["Strike_R"],"damage_healed":0,"gold_gain":0,"player_choice":"Card Removal","damage_taken":7,"max_hp_gain":0,"max_hp_loss":0,"event_name":"Golden Wing","floor":5,"gold_loss":0},{"cards_removed":["Strike_R"],"damage_healed":0,"gold_gain":0,"player_choice":"Forget","damage_taken":0,"max_hp_gain":0,"max_hp_loss":0,"event_name":"Living Wall","floor":10,"gold_loss":0},{"cards_removed":["Brutality"],"damage_healed":0,"gold_gain":0,"player_choice":"Purged","damage_taken":0,"max_hp_gain":0,"max_hp_loss":0,"event_name":"Purifier","floor":20,"gold_loss":0},{"damage_healed":0,"gold_gain":0,"player_choice":"0 cards matched","damage_taken":0,"max_hp_gain":0,"max_hp_loss":0,"event_name":"Match and Keep!","floor":25,"gold_loss":0,"cards_obtained":[]}],"is_beta":false,"boss_relics":[{"not_picked":["Orrery","Runic Dome"],"picked":"Pandora\u0027s Box"}],"items_purged_floors":[8,12,24],"is_endless":false,"potions_floor_spawned":[2,11,16,19,22,31],"killed_by":"Collector","ascension_level":0}