{"gold_per_floor":[116,130,150,150,23,23,23,23,23,48,48,73,114,42,42,162,162,181,194,207,220,220,220,263,263,263,5,5,25,124,124,124,124],"floor_reached":33,"playtime":2023,"items_purged":[],"score":290,"play_id":"28d89c96-5b5c-490e-b6bb-62ba9b67a8f9","local_time":"20190714143518","is_ascension_mode":false,"campfire_choices":[{"data":"Bash","floor":6,"key":"SMITH"},{"data":"Armaments","floor":8,"key":"SMITH"},{"floor":11,"key":"REST"},{"data":"Inflame","floor":15,"key":"SMITH"},{"data":"Clothesline","floor":23,"key":"SMITH"},{"data":"Limit Break","floor":28,"key":"SMITH"},{"data":"Ghostly","floor":32,"key":"SMITH"}],"neow_cost":"NONE","seed_source_timestamp":11679778354544,"circlet_count":0,"master_deck":["Strike_R","Strike_R","Strike_R","Strike_R","Defend_R","Defend_R","Defend_R","Defend_R","Bash+1","Bludgeon","Armaments+1","Wild Strike","Feel No Pain","Inflame+1","Shrug It Off","Inflame","Clothesline+1","Impervious","Limit Break+1","Spot Weakness","Pommel Strike+1","Burning Pact+1","Ghostly+1","Ghostly","Ghostly","Ghostly","Ghostly"],"relics":["Burning Blood","Golden Idol","Singing Bowl","Odd Mushroom","Letter Opener","Coffee Dripper","Mummified Hand","Gambling Chip","Lee\u0027s Waffle"],"potions_floor_usage":[13,20,24,25,33],"damage_taken":[{"damage":1,"enemies":"2 Louse","floor":1,"turns":3},{"damage":6,"enemies":"Jaw Worm","floor":2,"turns":2},{"damage":6,"enemies":"Cultist","floor":3,"turns":3},{"damage":12,"enemies":"The Mushroom Lair","floor":10,"turns":4},{"damage":0,"enemies":"3 Louse","floor":12,"turns":3},{"damage":8,"enemies":"3 Sentries","floor":13,"turns":10},{"damage":59,"enemies":"Hexaghost","floor":16,"turns":10},{"damage":20,"enemies":"2 Thieves","floor":18,"turns":5},{"damage":13,"enemies":"Shell Parasite","floor":19,"turns":6},{"damage":34,"enemies":"Shelled Parasite and Fungi","floor":20,"turns":6},{"damage":2,"enemies":"Snecko","floor":21,"turns":4},{"damage":52,"enemies":"Slavers","floor":24,"turns":7},{"damage":0,"enemies":"Centurion and Healer","floor":25,"turns":1},{"damage":20,"enemies":"3 Cultists","floor":29,"turns":6},{"damage":63,"enemies":"Collector","floor":33,"turns":8}],"seed_played":"-5434677653795926234","potions_obtained":[{"floor":2,"key":"Regen Potion"},{"floor":3,"key":"SmokeBomb"},{"floor":12,"key":"Block Potion"},{"floor":13,"key":"Regen Potion"},{"floor":29,"key":"SteroidPotion"}],"is_trial":false,"path_per_floor":["M","M","M","?","$","R","?","R","T","?","R","M","E","$","R","B",null,"M","M","M","M","T","R","E","M","T","$","R","M","?","?","R","B"],"character_chosen":"IRONCLAD","items_purchased":["Inflame","Shrug It Off","Impervious","Lee\u0027s Waffle","PowerPotion"],"campfire_rested":1,"item_purchase_floors":[5,5,14,27,27],"current_hp_per_floor":[80,80,80,60,60,60,53,53,53,49,73,79,77,77,77,24,82,68,63,50,56,56,56,25,31,31,93,93,81,81,47,47,0],"gold":124,"neow_bonus":"ONE_RANDOM_RARE_CARD","is_prod":false,"is_daily":false,"chose_seed":false,"campfire_upgraded":6,"win_rate":0,"timestamp":1563107718,"path_taken":["M","M","M","?","?","R","?","R","T","?","R","M","E","?","R","BOSS","M","M","M","M","?","R","E","M","T","$","R","M","?","?","R","BOSS"],"build_version":"2019-07-05","purchased_purges":0,"victory":false,"max_hp_per_floor":[80,80,80,80,80,80,80,80,80,82,82,82,82,82,82,82,82,82,84,84,86,86,86,86,86,86,93,93,95,95,47,47,47],"card_choices":[{"not_picked":["Sword Boomerang","Twin Strike"],"picked":"Armaments","floor":1},{"not_picked":["Headbutt","Searing Blow"],"picked":"Wild Strike","floor":2},{"not_picked":["Flex","Warcry"],"picked":"Feel No Pain","floor":3},{"not_picked":["Rampage","Perfected Strike","Iron Wave"],"picked":"Singing Bowl","floor":10},{"not_picked":["Sever Soul","Armaments"],"picked":"Inflame","floor":12},{"not_picked":["Ghostly Armor","Wild Strike"],"picked":"Clothesline","floor":13},{"not_picked":["Berserk","Bludgeon"],"picked":"Limit Break","floor":16},{"not_picked":["Sword Boomerang","Iron Wave"],"picked":"Spot Weakness","floor":18},{"not_picked":["Warcry","Twin Strike+1","Armaments"],"picked":"Singing Bowl","floor":19},{"not_picked":["Demon Form","Wild Strike"],"picked":"Pommel Strike+1","floor":20},{"not_picked":["Anger","Hemokinesis","Headbutt"],"picked":"Singing Bowl","floor":21},{"not_picked":["Cleave","Warcry"],"picked":"Burning Pact+1","floor":24},{"not_picked":["Clash+1","Rampage","Juggernaut"],"picked":"Singing Bowl","floor":29}],"player_experience":466261,"relics_obtained":[{"floor":9,"key":"Singing Bowl"},{"floor":10,"key":"Odd Mushroom"},{"floor":13,"key":"Letter Opener"},{"floor":24,"key":"Mummified Hand"},{"floor":26,"key":"Gambling Chip"}],"event_choices":[{"damage_healed":0,"gold_gain":0,"player_choice":"Take Damage","damage_taken":20,"relics_obtained":["Golden Idol"],"max_hp_gain":0,"max_hp_loss":0,"event_name":"Golden Idol","floor":4,"gold_loss":0},{"cards_removed":["Strike_R"],"damage_healed":0,"gold_gain":0,"player_choice":"Card Removal","damage_taken":7,"max_hp_gain":0,"max_hp_loss":0,"event_name":"Golden Wing","floor":7,"gold_loss":0},{"damage_healed":0,"gold_gain":0,"player_choice":"Fought Mushrooms","damage_taken":0,"max_hp_gain":0,"max_hp_loss":0,"event_name":"Mushrooms","floor":10,"gold_loss":0},{"damage_healed":0,"gold_gain":99,"player_choice":"Stole From Cult","damage_taken":0,"max_hp_gain":0,"max_hp_loss":0,"event_name":"Nest","floor":30,"gold_loss":0},{"damage_healed":0,"gold_gain":0,"player_choice":"Became a Ghost","damage_taken":0,"max_hp_gain":0,"max_hp_loss":48,"event_name":"Ghosts","floor":31,"gold_loss":0,"cards_obtained":["Ghostly","Ghostly","Ghostly","Ghostly","Ghostly"]}],"is_beta":false,"boss_relics":[{"not_picked":["Calling Bell","Velvet Choker"],"picked":"Coffee Dripper"}],"items_purged_floors":[],"is_endless":false,"potions_floor_spawned":[2,3,12,13,25,29],"killed_by":"Collector","ascension_level":0}