{"gold_per_floor":[116,130,80,100,117,117,147,212,212,182,182,197,207,225,225,325,325,343,359,153,153,153,153,163,163,163,189,104,44,62,62],"floor_reached":31,"playtime":1465,"items_purged":[],"score":347,"play_id":"f4480277-557e-4f76-8340-395d7bc9c31c","local_time":"20190304174627","is_ascension_mode":true,"campfire_choices":[{"floor":6.0,"key":"REST"},{"data":"Bash","floor":11.0,"key":"SMITH"},{"data":"Limit Break","floor":15.0,"key":"SMITH"},{"data":"Barricade","floor":23,"key":"SMITH"},{"data":"Whirlwind","floor":25,"key":"SMITH"}],"neow_cost":"NONE","seed_source_timestamp":0,"circlet_count":0,"master_deck":["Strike_R","Strike_R","Strike_R","Strike_R","Defend_R","Defend_R","Defend_R","Defend_R","Bash+1","Sword Boomerang","Combust","Whirlwind+1","Spot Weakness","Iron Wave","Metallicize","Warcry","Limit Break+1","Barricade+1","Armaments+1","Intimidate+1","Flame Barrier"],"special_seed":0,"relics":["Burning Blood","Pantograph","Self Forming Clay","The Courier","Coffee Dripper","Bottled Lightning","Darkstone Periapt","Potion Belt","Blue Candle"],"potions_floor_usage":[16,16,21,21,27,27,30],"damage_taken":[{"damage":4.0,"enemies":"Small Slimes","floor":1.0,"turns":4.0},{"damage":0.0,"enemies":"2 Louse","floor":2.0,"turns":3.0},{"damage":6.0,"enemies":"Cultist","floor":4.0,"turns":3.0},{"damage":11.0,"enemies":"Blue Slaver","floor":5.0,"turns":4.0},{"damage":35.0,"enemies":"Gremlin Nob","floor":7.0,"turns":5.0},{"damage":17.0,"enemies":"Gremlin Nob","floor":8.0,"turns":4.0},{"damage":9.0,"enemies":"Looter","floor":12.0,"turns":3.0},{"damage":10.0,"enemies":"2 Fungi Beasts","floor":13.0,"turns":4.0},{"damage":24.0,"enemies":"Exordium Thugs","floor":14.0,"turns":4.0},{"damage":34,"enemies":"The Guardian","floor":16,"turns":10},{"damage":18,"enemies":"Shell Parasite","floor":18,"turns":5},{"damage":12,"enemies":"Spheric Guardian","floor":19,"turns":5},{"damage":11,"enemies":"Colosseum Slavers","floor":21,"turns":5},{"damage":14,"enemies":"Snake Plant","floor":24,"turns":4},{"damage":33,"enemies":"Gremlin Leader","floor":27,"turns":6},{"damage":19,"enemies":"Cultist and Chosen","floor":30,"turns":6},{"damage":10,"enemies":"3 Cultists","floor":31,"turns":2}],"seed_played":"6061294781681487065","potions_obtained":[{"floor":1.0,"key":"GamblersBrew"},{"floor":5.0,"key":"GamblersBrew"},{"floor":10.0,"key":"SneckoOil"},{"floor":10.0,"key":"LiquidBronze"},{"floor":12.0,"key":"FearPotion"},{"floor":14.0,"key":"Strength Potion"},{"floor":16,"key":"AttackPotion"},{"floor":19,"key":"PowerPotion"},{"floor":24,"key":"Regen Potion"},{"floor":30,"key":"Block Potion"}],"is_trial":false,"path_per_floor":["M","M","?","M","M","R","E","?","T","?","R","M","M","M","R","B",null,"M","M","$","?","?","R","M","R","T","E","?","$","M","M"],"character_chosen":"IRONCLAD","items_purchased":["Bottled Lightning","EssenceOfSteel"],"campfire_rested":1,"item_purchase_floors":[20,29],"current_hp_per_floor":[74,80,80,80,75,80,51,40,40,40,40,37,33,15,15,12,63,51,45,45,40,40,40,32,32,32,20,20,20,7,0],"gold":62,"neow_bonus":"THREE_CARDS","is_prod":false,"is_daily":false,"chose_seed":false,"campfire_upgraded":4,"win_rate":0,"timestamp":1551717987,"path_taken":["M","M","?","M","M","R","E","?","T","?","R","M","?","M","R","BOSS","M","M","$","?","?","R","M","R","T","E","?","$","M","M"],"build_version":"2019-01-23","purchased_purges":0,"victory":false,"max_hp_per_floor":[80,80,80,80,80,80,80,80,80,80,80,80,80,80,80,80,80,80,80,80,80,80,80,80,80,80,80,80,80,80,80],"card_choices":[{"not_picked":["Iron Wave","Disarm"],"picked":"Sword Boomerang","floor":0.0},{"not_picked":["Fire Breathing","Pommel Strike"],"picked":"Combust","floor":1.0},{"not_picked":["Havoc","Wild Strike"],"picked":"Whirlwind","floor":2.0},{"not_picked":["Flex","Pommel Strike"],"picked":"Spot Weakness","floor":4.0},{"not_picked":["Corruption","Pommel Strike"],"picked":"Iron Wave","floor":5.0},{"not_picked":["Feel No Pain","Bloodletting"],"picked":"Metallicize","floor":7.0},{"not_picked":["Anger","Rampage"],"picked":"Warcry","floor":12.0},{"not_picked":["Clothesline","Body Slam"],"picked":"Limit Break","floor":13.0},{"not_picked":["Rampage","Body Slam","Clash"],"picked":"SKIP","floor":14.0},{"not_picked":["Demon Form","Double Tap"],"picked":"Barricade","floor":16},{"not_picked":["Wild Strike","Evolve"],"picked":"Armaments+1","floor":18},{"not_picked":["Carnage","Headbutt","Bloodletting"],"picked":"SKIP","floor":19},{"not_picked":["Dual Wield","True Grit"],"picked":"Intimidate+1","floor":24},{"not_picked":["Body Slam+1","Infernal Blade+1"],"picked":"Flame Barrier","floor":27},{"not_picked":["Clash","Sentinel","Havoc"],"picked":"SKIP","floor":30}],"player_experience":203783,"relics_obtained":[{"floor":7.0,"key":"Pantograph"},{"floor":8.0,"key":"Self Forming Clay"},{"floor":9.0,"key":"The Courier"},{"floor":26,"key":"Darkstone Periapt"},{"floor":27,"key":"Potion Belt"}],"event_choices":[{"cards_removed":["Strike_R"],"damage_healed":0.0,"max_hp_gain":0.0,"max_hp_loss":0.0,"gold_gain":0.0,"event_name":"The Cleric","player_choice":"Card Removal","floor":3.0,"gold_loss":50.0,"damage_taken":0.0},{"damage_healed":0.0,"max_hp_gain":0.0,"max_hp_loss":0.0,"gold_gain":0.0,"event_name":"Dead Adventurer","player_choice":"Searched \u00271\u0027 times","floor":8.0,"gold_loss":0.0,"damage_taken":0.0},{"damage_healed":0.0,"max_hp_gain":0.0,"max_hp_loss":0.0,"gold_gain":0.0,"event_name":"The Woman in Blue","player_choice":"Bought 2 Potions","floor":10.0,"gold_loss":0.0,"damage_taken":0.0},{"damage_healed":0,"gold_gain":0,"player_choice":"Fight","damage_taken":0,"max_hp_gain":0,"max_hp_loss":0,"event_name":"Colosseum","floor":21,"gold_loss":0},{"damage_healed":0,"gold_gain":0,"player_choice":"Fled From Nobs","damage_taken":0,"max_hp_gain":0,"max_hp_loss":0,"event_name":"Colosseum","floor":21,"gold_loss":0},{"damage_healed":0,"gold_gain":0,"player_choice":"Ignored","damage_taken":0,"max_hp_gain":0,"max_hp_loss":0,"event_name":"Ghosts","floor":22,"gold_loss":0},{"damage_healed":0,"gold_gain":0,"player_choice":"Obtained Relic","damage_taken":0,"relics_obtained":["Blue Candle"],"max_hp_gain":0,"max_hp_loss":0,"event_name":"Addict","floor":28,"gold_loss":85}],"is_beta":false,"boss_relics":[{"not_picked":["Eternal Feather","Astrolabe"],"picked":"Coffee Dripper"}],"items_purged_floors":[],"is_endless":false,"potions_floor_spawned":[1,5,12,14,16,19,24,30],"killed_by":"3 Cultists","ascension_level":7}