{"gold_per_floor":[119,194,194,208,221,250,250,270,270,270,270,270,270,280,280,354,354,371,396,396],"floor_reached":20,"playtime":769,"items_purged":[],"score":344,"play_id":"756758e0-da88-4a3a-9263-f3e6e2d55e83","local_time":"20181127021912","is_ascension_mode":true,"campfire_choices":[{"data":"Neutralize","floor":7,"key":"SMITH"},{"data":"Noxious Fumes","floor":10,"key":"SMITH"},{"data":"Well Laid Plans","floor":13,"key":"SMITH"},{"data":"Skewer","floor":15,"key":"SMITH"}],"neow_cost":"NONE","seed_source_timestamp":637001176147869,"circlet_count":0,"master_deck":["AscendersBane","Defend_G","Defend_G","Defend_G","Defend_G","Defend_G","Strike_G","Strike_G","Strike_G","Strike_G","Strike_G","Survivor","Neutralize+1","Well Laid Plans+1","Noxious Fumes+1","Skewer+1","Burst"],"relics":["Ring of the Snake","NeowsBlessing","Meat on the Bone","Blue Candle","Dodecahedron","Snecko Eye","Bag of Marbles"],"potions_floor_usage":[6,8,16,16],"damage_taken":[{"damage":0,"enemies":"Jaw Worm","floor":1,"turns":1},{"damage":0,"enemies":"Small Slimes","floor":4,"turns":1},{"damage":0,"enemies":"Cultist","floor":5,"turns":1},{"damage":24,"enemies":"3 Sentries","floor":6,"turns":7},{"damage":15,"enemies":"Lots of Slimes","floor":8,"turns":5},{"damage":11,"enemies":"Red Slaver","floor":14,"turns":4},{"damage":6,"enemies":"Hexaghost","floor":16,"turns":9},{"damage":41,"enemies":"2 Thieves","floor":18,"turns":5},{"damage":32,"enemies":"3 Byrds","floor":20,"turns":3}],"seed_played":"-746940495652290981","potions_obtained":[{"floor":3,"key":"PowerPotion"},{"floor":3,"key":"FearPotion"},{"floor":6,"key":"Block Potion"},{"floor":8,"key":"Strength Potion"}],"is_trial":false,"path_per_floor":["M","?","?","M","M","E","R","M","T","R","$","T","R","M","R","B",null,"M","T","M"],"character_chosen":"THE_SILENT","items_purchased":[],"campfire_rested":0,"item_purchase_floors":[],"current_hp_per_floor":[59,48,48,48,48,24,24,21,21,21,21,21,21,22,22,28,57,28,28,0],"gold":396,"neow_bonus":"THREE_ENEMY_KILL","is_prod":false,"is_daily":false,"chose_seed":false,"campfire_upgraded":4,"win_rate":0,"timestamp":1543252752,"path_taken":["M","?","?","?","M","E","R","M","T","R","$","?","R","M","R","BOSS","M","?","?"],"build_version":"2018-11-15","purchased_purges":0,"victory":false,"max_hp_per_floor":[66,66,66,66,66,66,66,66,66,66,66,66,66,66,66,66,66,66,66,66],"card_choices":[{"not_picked":["Deflect","Sucker Punch"],"picked":"Well Laid Plans","floor":1},{"not_picked":["Reflex","Prepared"],"picked":"Noxious Fumes","floor":4},{"not_picked":["Flechettes","Prepared","Outmaneuver"],"picked":"SKIP","floor":5},{"not_picked":["Blade Dance","Reflex","Outmaneuver"],"picked":"SKIP","floor":6},{"not_picked":["Burst","Reflex","Deadly Poison"],"picked":"SKIP","floor":8},{"not_picked":["Backflip","Prepared"],"picked":"Skewer","floor":14},{"not_picked":["Unload","Night Terror"],"picked":"Burst","floor":16},{"not_picked":["Calculated Gamble","Backflip","Eviscerate"],"picked":"SKIP","floor":18}],"player_experience":450530,"relics_obtained":[{"floor":6,"key":"Meat on the Bone"},{"floor":9,"key":"Blue Candle"},{"floor":12,"key":"Dodecahedron"},{"floor":19,"key":"Bag of Marbles"}],"event_choices":[{"damage_healed":0,"gold_gain":75,"player_choice":"Gather Gold","damage_taken":11,"max_hp_gain":0,"max_hp_loss":0,"event_name":"World of Goop","floor":2,"gold_loss":0},{"damage_healed":0,"gold_gain":0,"player_choice":"Got Potions","damage_taken":0,"max_hp_gain":0,"max_hp_loss":0,"event_name":"Lab","floor":3,"gold_loss":0}],"is_beta":false,"boss_relics":[{"not_picked":["WristBlade","HoveringKite"],"picked":"Snecko Eye"}],"items_purged_floors":[],"is_endless":false,"potions_floor_spawned":[4,6,8],"killed_by":"3 Byrds","ascension_level":20}