{"gold_per_floor":[112,112,187,28,28,54,54,82,134,153,163,163,177,191,191,191],"floor_reached":16,"playtime":543,"items_purged":[],"score":176,"play_id":"22c9df3a-0091-4cc2-84cd-b5488e0b4f3d","local_time":"20190717210337","is_ascension_mode":true,"campfire_choices":[{"data":"Acrobatics","floor":15,"key":"SMITH"}],"neow_cost":"NONE","seed_source_timestamp":103322629364910,"circlet_count":0,"master_deck":["Strike_G","Strike_G","Strike_G","Strike_G","Defend_G+1","Defend_G+1","Defend_G","Defend_G","Defend_G","Survivor","Neutralize","Quick Slash","Grand Finale","Acrobatics+1","Parasite","Acrobatics"],"relics":["Ring of the Snake","NeowsBlessing","Bird Faced Urn","War Paint","Omamori","Ancient Tea Set"],"potions_floor_usage":[14,14,16],"damage_taken":[{"damage":0,"enemies":"2 Louse","floor":1,"turns":1},{"damage":0,"enemies":"Gremlin Nob","floor":6,"turns":1},{"damage":0,"enemies":"3 Sentries","floor":8,"turns":1},{"damage":0,"enemies":"Small Slimes","floor":10,"turns":3},{"damage":0,"enemies":"Jaw Worm","floor":11,"turns":2},{"damage":18,"enemies":"3 Louse","floor":13,"turns":4},{"damage":0,"enemies":"2 Fungi Beasts","floor":14,"turns":3},{"damage":64,"enemies":"Hexaghost","floor":16,"turns":14}],"seed_played":"-1044776502962818316","potions_obtained":[{"floor":6,"key":"AttackPotion"},{"floor":10,"key":"Block Potion"},{"floor":11,"key":"Regen Potion"}],"is_trial":false,"path_per_floor":["M","?","?","$","?","E","?","E","T","M","M","T","M","M","R","B"],"character_chosen":"THE_SILENT","items_purchased":["Grand Finale"],"campfire_rested":0,"item_purchase_floors":[4],"current_hp_per_floor":[70,75,64,64,64,64,75,75,75,75,75,75,57,57,57,8],"gold":191,"neow_bonus":"THREE_ENEMY_KILL","is_prod":false,"is_daily":false,"chose_seed":false,"campfire_upgraded":1,"win_rate":0,"timestamp":1563415417,"path_taken":["M","?","?","?","?","E","?","E","T","M","M","?","?","M","R","BOSS"],"build_version":"2019-07-05","purchased_purges":0,"victory":false,"max_hp_per_floor":[70,75,75,75,75,75,75,75,75,75,75,75,75,75,75,75],"card_choices":[{"not_picked":["Acrobatics","Caltrops"],"picked":"Quick Slash","floor":1},{"not_picked":["Distraction","Bouncing Flask"],"picked":"Acrobatics","floor":6},{"not_picked":["Dagger Throw","Poisoned Stab","Quick Slash"],"picked":"SKIP","floor":8},{"not_picked":["PiercingWail","Sucker Punch","Flechettes"],"picked":"SKIP","floor":10},{"not_picked":["Blur","Skewer"],"picked":"Acrobatics","floor":11},{"not_picked":["Poisoned Stab","Endless Agony","Quick Slash"],"picked":"SKIP","floor":13},{"not_picked":["Reflex","Crippling Poison","Bane"],"picked":"SKIP","floor":14}],"player_experience":136119,"relics_obtained":[{"floor":6,"key":"Bird Faced Urn"},{"floor":8,"key":"War Paint"},{"floor":9,"key":"Omamori"},{"floor":12,"key":"Ancient Tea Set"}],"event_choices":[{"damage_healed":0,"gold_gain":0,"player_choice":"Donut","damage_taken":0,"max_hp_gain":5,"max_hp_loss":0,"event_name":"Big Fish","floor":2,"gold_loss":0},{"damage_healed":0,"gold_gain":75,"player_choice":"Gather Gold","damage_taken":11,"max_hp_gain":0,"max_hp_loss":0,"event_name":"World of Goop","floor":3,"gold_loss":0},{"cards_removed":["Strike_G"],"damage_healed":0,"gold_gain":0,"player_choice":"Forget","damage_taken":0,"max_hp_gain":0,"max_hp_loss":0,"event_name":"Living Wall","floor":5,"gold_loss":0},{"damage_healed":18,"gold_gain":0,"player_choice":"Healed and dodged fight","damage_taken":0,"max_hp_gain":0,"max_hp_loss":0,"event_name":"Mushrooms","floor":7,"gold_loss":0,"cards_obtained":["Parasite"]}],"is_beta":false,"boss_relics":[],"items_purged_floors":[],"is_endless":false,"potions_floor_spawned":[6,10,11],"killed_by":"Hexaghost","ascension_level":2}