{"gold_per_floor":[115,115,127,72,84,84,118,193,239,239,157,157,171,203,203,281,281,307,332,359,371],"floor_reached":21,"playtime":1056,"items_purged":[],"score":378,"play_id":"98537d9c-bef9-458b-b5bf-25b170dedb4f","local_time":"20181127065244","is_ascension_mode":true,"campfire_choices":[{"data":"Sweeping Beam","floor":6,"key":"SMITH"},{"floor":10,"key":"REST"},{"floor":15,"key":"REST"}],"neow_cost":"NONE","seed_source_timestamp":653125896088641,"circlet_count":0,"master_deck":["AscendersBane","Strike_B","Strike_B","Strike_B","Strike_B","Defend_B","Defend_B","Defend_B","Defend_B","Zap+1","Dualcast","Sweeping Beam+1","Compile Driver","Static Discharge","Ball Lightning","Cold Snap","Steam","Defragment","Electrodynamics","Pain","Clumsy","Injury"],"relics":["Cracked Core","NeowsBlessing","Bag of Preparation","Orichalcum","Thread and Needle","Calling Bell","MawBank","Shuriken","FossilizedHelix"],"potions_floor_usage":[7,7,16,20],"damage_taken":[{"damage":0,"enemies":"2 Louse","floor":1,"turns":1},{"damage":0,"enemies":"Small Slimes","floor":3,"turns":1},{"damage":0,"enemies":"Cultist","floor":5,"turns":1},{"damage":30,"enemies":"Lagavulin","floor":7,"turns":6},{"damage":7,"enemies":"Exordium Wildlife","floor":13,"turns":4},{"damage":32,"enemies":"Gremlin Nob","floor":14,"turns":5},{"damage":19,"enemies":"The Guardian","floor":16,"turns":11},{"damage":25,"enemies":"Shell Parasite","floor":18,"turns":4},{"damage":1,"enemies":"Spheric Guardian","floor":19,"turns":5},{"damage":27,"enemies":"Snake Plant","floor":20,"turns":4},{"damage":9,"enemies":"Snecko","floor":21,"turns":2}],"seed_played":"-4089388256124915504","potions_obtained":[{"floor":3,"key":"Weak Potion"},{"floor":5,"key":"Block Potion"},{"floor":12,"key":"SpeedPotion"},{"floor":12,"key":"Ancient Potion"},{"floor":14,"key":"Poison Potion"},{"floor":18,"key":"Fire Potion"}],"is_trial":false,"path_per_floor":["M","?","M","$","M","R","E","?","T","R","$","?","M","E","R","B",null,"M","M","M","M"],"character_chosen":"DEFECT","items_purchased":["Sweeping Beam","Ball Lightning","Cold Snap"],"campfire_rested":2,"item_purchase_floors":[4,11,11],"current_hp_per_floor":[64,64,64,64,64,64,34,23,23,44,44,44,37,5,26,7,55,30,29,2,0],"gold":371,"neow_bonus":"THREE_ENEMY_KILL","is_prod":false,"is_daily":false,"chose_seed":false,"campfire_upgraded":1,"win_rate":0,"timestamp":1543269164,"path_taken":["M","?","M","$","M","R","E","?","T","R","$","?","M","E","R","BOSS","M","M","?","M"],"build_version":"2018-11-15","purchased_purges":0,"victory":false,"max_hp_per_floor":[71,71,71,71,71,71,71,71,71,71,71,71,71,71,71,71,71,71,71,71,71],"card_choices":[{"not_picked":["Beam Cell","Doom and Gloom","Rebound"],"picked":"SKIP","floor":1},{"not_picked":["Gash","Consume","Turbo"],"picked":"SKIP","floor":3},{"not_picked":["Lockon","Undo"],"picked":"Compile Driver","floor":5},{"not_picked":["Thunder Strike","Turbo"],"picked":"Static Discharge","floor":7},{"not_picked":["Hologram","Go for the Eyes"],"picked":"Steam","floor":13},{"not_picked":["Cold Snap","Compile Driver"],"picked":"Defragment","floor":14},{"not_picked":["Thunder Strike","Amplify"],"picked":"Electrodynamics","floor":16},{"not_picked":["Ball Lightning","Go for the Eyes","Streamline"],"picked":"SKIP","floor":18},{"not_picked":["Ball Lightning","Go for the Eyes","Streamline"],"picked":"SKIP","floor":18},{"not_picked":["Coolheaded","Streamline","Fusion"],"picked":"SKIP","floor":19},{"not_picked":["Auto Shields","Hyperbeam","Hologram"],"picked":"SKIP","floor":20}],"player_experience":456135,"relics_obtained":[{"floor":7,"key":"Bag of Preparation"},{"floor":9,"key":"Orichalcum"},{"floor":14,"key":"Thread and Needle"},{"floor":17,"key":"MawBank"},{"floor":17,"key":"Shuriken"},{"floor":17,"key":"FossilizedHelix"}],"event_choices":[{"damage_healed":0,"gold_gain":0,"player_choice":"Grow","damage_taken":0,"max_hp_gain":0,"max_hp_loss":0,"event_name":"Living Wall","floor":2,"gold_loss":0,"cards_upgraded":["Zap"]},{"damage_healed":0,"gold_gain":75,"player_choice":"Gather Gold","damage_taken":11,"max_hp_gain":0,"max_hp_loss":0,"event_name":"World of Goop","floor":8,"gold_loss":0},{"damage_healed":0,"gold_gain":0,"player_choice":"Got Potions","damage_taken":0,"max_hp_gain":0,"max_hp_loss":0,"event_name":"Lab","floor":12,"gold_loss":0}],"is_beta":false,"boss_relics":[{"not_picked":["White Beast Statue","Eternal Feather"],"picked":"Calling Bell"}],"items_purged_floors":[],"is_endless":false,"potions_floor_spawned":[3,5,14,18,19],"killed_by":"Snecko","ascension_level":20}