{"gold_per_floor":[114,129,404,419,3,3,3,33,58,58,58,58,73,23,23,123,123,138,59,59,59,63,93,93,93,93,108,138,138,138,138,138,238,238,253,268,268,268,368,368,398,398,423,453,468,468,483,8,8,8],"floor_reached":51,"playtime":5011,"items_purged":["Regret"],"score":885,"play_id":"0eefcf08-b5f4-47e7-95b2-9ed29322f2d7","local_time":"20190703210424","daily_mods":["Shiny","Time Dilation","Terminal"],"is_ascension_mode":false,"campfire_choices":[{"data":"Feed","floor":6,"key":"SMITH"},{"data":"Secret Weapon","floor":12,"key":"SMITH"},{"data":"Offering","floor":15,"key":"SMITH"},{"data":"Reaper","floor":24,"key":"SMITH"},{"data":"Dark Embrace","floor":30,"key":"SMITH"},{"data":"Brutality","floor":32,"key":"SMITH"},{"data":"Regret","floor":40,"key":"PURGE"},{"data":"Writhe","floor":42,"key":"PURGE"},{"data":"Doubt","floor":46,"key":"PURGE"},{"data":"Injury","floor":49,"key":"PURGE"}],"neow_cost":"","seed_source_timestamp":0,"circlet_count":0,"master_deck":["Double Tap+1","Demon Form","Bludgeon","Feed+1","Limit Break+1","Barricade","Fiend Fire","Dark Embrace","Berserk","Impervious","Juggernaut","Brutality+1","Reaper+1","Exhume+1","Offering+1","Immolate","Evolve","Sentinel","Evolve+1","Secret Weapon+1","Pummel","Berserk","Spot Weakness","Juggernaut","Necronomicurse","Infernal Blade","Dark Embrace+1","RitualDagger","Limit Break","Reaper","Flame Barrier+1","Warcry+1","Rupture+1","Metallicize","Battle Trance+1","Impervious","Secret Technique","Inflame","Rage","Flex"],"special_seed":18080,"relics":["Burning Blood","Juzu Bracelet","Dream Catcher","Anchor","Ancient Tea Set","Mark of Pain","Necronomicon","Red Mask","Happy Flower","Sundial","Bottled Tornado","Bronze Scales","Calling Bell","Art of War","Dodecahedron","Nunchaku","Calipers","Peace Pipe","Bag of Marbles","War Paint","Ginger","Bag of Preparation"],"potions_floor_usage":[16,18,33,33,33,33,50,50],"damage_taken":[{"damage":6,"enemies":"Cultist","floor":1,"turns":2},{"damage":7,"enemies":"Jaw Worm","floor":2,"turns":3},{"damage":6,"enemies":"Small Slimes","floor":4,"turns":2},{"damage":10,"enemies":"Lagavulin","floor":8,"turns":5},{"damage":22,"enemies":"3 Louse","floor":13,"turns":4},{"damage":6,"enemies":"The Guardian","floor":16,"turns":3},{"damage":29,"enemies":"3 Byrds","floor":18,"turns":5},{"damage":15,"enemies":"Masked Bandits","floor":22,"turns":3},{"damage":65,"enemies":"Gremlin Leader","floor":23,"turns":5},{"damage":5,"enemies":"2 Thieves","floor":27,"turns":3},{"damage":6,"enemies":"Book of Stabbing","floor":28,"turns":1},{"damage":40,"enemies":"Collector","floor":33,"turns":3},{"damage":34,"enemies":"3 Darklings","floor":35,"turns":3},{"damage":13,"enemies":"Orb Walker","floor":36,"turns":3},{"damage":23,"enemies":"Mind Bloom Boss Battle","floor":39,"turns":5},{"damage":8,"enemies":"Nemesis","floor":41,"turns":3},{"damage":18,"enemies":"Reptomancer","floor":44,"turns":3},{"damage":18,"enemies":"Sphere and 2 Shapes","floor":45,"turns":3},{"damage":7,"enemies":"Spire Growth","floor":47,"turns":2},{"damage":25,"enemies":"Awakened One","floor":50,"turns":3}],"seed_played":"-3855363678485624598","potions_obtained":[{"floor":1,"key":"PowerPotion"},{"floor":16,"key":"Fire Potion"},{"floor":23,"key":"PowerPotion"},{"floor":27,"key":"LiquidBronze"},{"floor":28,"key":"EntropicBrew"},{"floor":36,"key":"EssenceOfSteel"}],"is_trial":false,"path_per_floor":["M","M","?","M","$","R","?","E","T","?","$","R","M","?","R","B",null,"M","$","?","?","?","E","R","?","T","M","E","?","R","?","R","B",null,"M","M","?","?","?","R","E","R","T","E","M","R","M","$","R","B",null],"character_chosen":"IRONCLAD","items_purchased":["Juzu Bracelet","Secret Weapon","Juggernaut","Bag of Preparation","Secret Technique","Inflame","Rage","Flex"],"campfire_rested":0,"item_purchase_floors":[5,5,19,48,48,48,48,48],"current_hp_per_floor":[81,83,82,84,83,82,81,84,83,66,66,66,66,66,66,70,87,78,78,60,44,87,68,68,62,62,75,75,88,87,86,85,51,83,62,64,64,64,78,77,79,79,78,81,84,83,82,81,80,65],"gold":8,"neow_bonus":"","is_prod":false,"is_daily":true,"chose_seed":false,"campfire_upgraded":6,"win_rate":0,"timestamp":1562180664,"path_taken":["M","?","?","?","$","R","?","E","T","?","$","R","M","?","R","BOSS","M","$","?","?","?","E","R","?","T","M","E","?","R","?","R","BOSS","M","M","?","?","?","R","E","R","T","E","M","R","M","$","R","BOSS"],"build_version":"2019-07-01","purchased_purges":1,"victory":true,"max_hp_per_floor":[81,83,82,84,83,82,81,84,83,82,81,80,87,86,85,88,87,94,93,97,96,95,94,93,92,91,90,89,88,87,86,85,84,83,82,81,80,79,78,77,80,79,78,81,84,83,82,81,80,83],"card_choices":[{"not_picked":["Heavy Blade","Pommel Strike"],"picked":"Evolve","floor":1},{"not_picked":["Infernal Blade","Ghostly Armor"],"picked":"Sentinel","floor":2},{"not_picked":["True Grit","Flex"],"picked":"Evolve","floor":4},{"not_picked":["Heavy Blade","Twin Strike"],"picked":"Pummel","floor":8},{"not_picked":["Havoc","Sword Boomerang","Iron Wave"],"picked":"SKIP","floor":13},{"not_picked":["Dark Embrace","Barricade"],"picked":"Berserk","floor":16},{"not_picked":["True Grit","Clash"],"picked":"Spot Weakness","floor":18},{"not_picked":["Searing Blow","Thunderclap+1"],"picked":"Infernal Blade","floor":22},{"not_picked":["Body Slam+1","Flex"],"picked":"Dark Embrace","floor":23},{"not_picked":["Perfected Strike","Sword Boomerang+1"],"picked":"Flex","floor":27},{"not_picked":["Armaments","Flex+1"],"picked":"Limit Break","floor":28},{"not_picked":["Immolate","Limit Break"],"picked":"Reaper","floor":33},{"not_picked":["Perfected Strike+1","Havoc","Whirlwind"],"picked":"SKIP","floor":35},{"not_picked":["Second Wind","Fire Breathing"],"picked":"Flame Barrier+1","floor":36},{"not_picked":["Clash+1","Headbutt"],"picked":"Warcry+1","floor":39},{"not_picked":["Blood for Blood+1","Cleave+1"],"picked":"Rupture+1","floor":41},{"not_picked":["Wild Strike","Ghostly Armor+1"],"picked":"Metallicize","floor":44},{"not_picked":["Anger","Havoc+1"],"picked":"Battle Trance+1","floor":45},{"not_picked":["Thunderclap","Warcry"],"picked":"Impervious","floor":47}],"player_experience":94274,"relics_obtained":[{"floor":8,"key":"Anchor"},{"floor":9,"key":"Ancient Tea Set"},{"floor":21,"key":"Necronomicon"},{"floor":22,"key":"Red Mask"},{"floor":23,"key":"Happy Flower"},{"floor":26,"key":"Sundial"},{"floor":28,"key":"Bottled Tornado"},{"floor":34,"key":"Art of War"},{"floor":34,"key":"Dodecahedron"},{"floor":34,"key":"Nunchaku"},{"floor":37,"key":"Calipers"},{"floor":39,"key":"Peace Pipe"},{"floor":41,"key":"Bag of Marbles"},{"floor":43,"key":"War Paint"},{"floor":44,"key":"Ginger"}],"event_choices":[{"damage_healed":0,"gold_gain":275,"player_choice":"Desecrate","damage_taken":0,"max_hp_gain":0,"max_hp_loss":0,"event_name":"Golden Shrine","floor":3,"gold_loss":0,"cards_obtained":["Regret"]},{"damage_healed":0,"gold_gain":0,"player_choice":"Box","damage_taken":0,"relics_obtained":["Dream Catcher"],"max_hp_gain":0,"max_hp_loss":0,"event_name":"Big Fish","floor":7,"gold_loss":0,"cards_obtained":["Regret"]},{"damage_healed":0,"gold_gain":0,"player_choice":"Entered Light","damage_taken":17,"max_hp_gain":0,"max_hp_loss":0,"event_name":"Shining Light","floor":10,"gold_loss":0,"cards_upgraded":["Evolve","Double Tap"]},{"cards_removed":["Regret"],"damage_healed":0,"gold_gain":0,"player_choice":"Card Removal","damage_taken":0,"max_hp_gain":0,"max_hp_loss":0,"event_name":"The Cleric","floor":14,"gold_loss":50},{"damage_healed":0,"gold_gain":0,"player_choice":"Shed Blood","damage_taken":23,"max_hp_gain":5,"max_hp_loss":0,"event_name":"Forgotten Altar","floor":20,"gold_loss":0},{"damage_healed":0,"gold_gain":0,"player_choice":"Obtained Book","damage_taken":16,"max_hp_gain":0,"max_hp_loss":0,"event_name":"Cursed Tome","floor":21,"gold_loss":0},{"damage_healed":0,"gold_gain":0,"player_choice":"Fought Bandits","damage_taken":0,"max_hp_gain":0,"max_hp_loss":0,"event_name":"Masked Bandits","floor":22,"gold_loss":0},{"damage_healed":0,"gold_gain":0,"player_choice":"Joined the Cult","damage_taken":6,"max_hp_gain":0,"max_hp_loss":0,"event_name":"Nest","floor":25,"gold_loss":0,"cards_obtained":["RitualDagger"]},{"damage_healed":14,"gold_gain":0,"player_choice":"Full Heal","damage_taken":0,"max_hp_gain":0,"max_hp_loss":0,"event_name":"Wheel of Change","floor":29,"gold_loss":0},{"damage_healed":0,"gold_gain":0,"player_choice":"Opened","damage_taken":0,"relics_obtained":["Bronze Scales"],"max_hp_gain":0,"max_hp_loss":0,"event_name":"The Mausoleum","floor":31,"gold_loss":0,"cards_obtained":["Writhe"]},{"damage_healed":0,"gold_gain":0,"player_choice":"Relic","damage_taken":0,"max_hp_gain":0,"max_hp_loss":0,"event_name":"Wheel of Change","floor":37,"gold_loss":0},{"cards_removed":["Flex"],"damage_healed":0,"gold_gain":0,"player_choice":"Removed Skill","damage_taken":0,"max_hp_gain":0,"max_hp_loss":0,"event_name":"Falling","floor":38,"gold_loss":0},{"damage_healed":0,"gold_gain":0,"player_choice":"Fight","damage_taken":0,"max_hp_gain":0,"max_hp_loss":0,"event_name":"MindBloom","floor":39,"gold_loss":0}],"is_beta":false,"boss_relics":[{"not_picked":["White Beast Statue","Empty Cage"],"picked":"Mark of Pain"},{"not_picked":["Astrolabe","Philosopher\u0027s Stone"],"picked":"Calling Bell"}],"items_purged_floors":[5],"is_endless":false,"potions_floor_spawned":[1,16,23,27,28,36,44],"ascension_level":0}