{"gold_per_floor":[109,109,59,234,252,252,283,298,298,329,329,346,125,125],"floor_reached":14,"playtime":664,"items_purged":["Doubt"],"score":147,"play_id":"28cd4034-da45-4a1a-9109-f593097aea93","local_time":"20190313114114","is_ascension_mode":true,"campfire_choices":[{"floor":6,"key":"RECALL"}],"neow_cost":"NONE","seed_source_timestamp":5484230900400,"circlet_count":0,"master_deck":["AscendersBane","Strike_R","Strike_R","Strike_R","Strike_R+1","Defend_R","Defend_R","Defend_R","Defend_R+1","Bash","Inflame","Inflame","Whirlwind","Mind Blast","Burning Pact","Inflame"],"relics":["Burning Blood","Question Card","Oddly Smooth Stone","Bag of Preparation","Anchor"],"potions_floor_usage":[10,10,12],"damage_taken":[{"damage":13,"enemies":"Jaw Worm","floor":1,"turns":5},{"damage":5,"enemies":"Small Slimes","floor":5,"turns":5},{"damage":34,"enemies":"Gremlin Nob","floor":7,"turns":5},{"damage":1,"enemies":"Cultist","floor":8,"turns":5},{"damage":24,"enemies":"Lagavulin","floor":10,"turns":13},{"damage":11,"enemies":"Lots of Slimes","floor":12,"turns":2},{"damage":11,"enemies":"Red Slaver","floor":14,"turns":4}],"seed_played":"-3134164762711221270","potions_obtained":[{"floor":5,"key":"Ancient Potion"},{"floor":7,"key":"Swift Potion"},{"floor":8,"key":"SkillPotion"}],"is_trial":false,"path_per_floor":["M","?","?","?","M","R","E","M","T","E","?","M","$","M"],"character_chosen":"IRONCLAD","items_purchased":["Anchor"],"campfire_rested":0,"item_purchase_floors":[13],"current_hp_per_floor":[73,55,55,55,56,56,28,33,33,15,15,10,10,0],"gold":125,"neow_bonus":"TEN_PERCENT_HP_BONUS","is_prod":false,"is_daily":false,"chose_seed":false,"campfire_upgraded":0,"win_rate":0,"timestamp":1552491674,"path_taken":["M","?","?","?","M","R","E","M","T","E","?","?","$","M"],"build_version":"2019-01-23","purchased_purges":1,"victory":false,"max_hp_per_floor":[88,88,88,88,88,88,88,88,88,88,88,88,88,88],"card_choices":[{"not_picked":["Iron Wave","Armaments"],"picked":"Inflame","floor":1},{"not_picked":["Wild Strike","Flex"],"picked":"Inflame","floor":5},{"not_picked":["Entrench","Thunderclap","Sword Boomerang"],"picked":"SKIP","floor":7},{"not_picked":["Iron Wave","Headbutt","Wild Strike","Anger"],"picked":"SKIP","floor":8},{"not_picked":["Barricade","Shrug It Off","Clothesline"],"picked":"Whirlwind","floor":10},{"not_picked":["Hemokinesis","Headbutt","Cleave"],"picked":"Inflame","floor":12}],"player_experience":332092,"relics_obtained":[{"floor":7,"key":"Question Card"},{"floor":9,"key":"Oddly Smooth Stone"},{"floor":10,"key":"Bag of Preparation"}],"event_choices":[{"damage_healed":0,"gold_gain":0,"player_choice":"Entered Light","damage_taken":18,"max_hp_gain":0,"max_hp_loss":0,"event_name":"Shining Light","floor":2,"gold_loss":0,"cards_upgraded":["Defend_R","Strike_R"]},{"cards_removed":["Strike_R"],"damage_healed":0,"gold_gain":0,"player_choice":"Card Removal","damage_taken":0,"max_hp_gain":0,"max_hp_loss":0,"event_name":"The Cleric","floor":3,"gold_loss":50},{"damage_healed":0,"gold_gain":175,"player_choice":"AGREE","damage_taken":0,"max_hp_gain":0,"max_hp_loss":0,"event_name":"Liars Game","floor":4,"gold_loss":0,"cards_obtained":["Doubt"]},{"damage_healed":0,"gold_gain":0,"player_choice":"2 cards matched","damage_taken":0,"max_hp_gain":0,"max_hp_loss":0,"event_name":"Match and Keep!","floor":11,"gold_loss":0,"cards_obtained":["Mind Blast","Burning Pact"]}],"is_beta":false,"boss_relics":[],"items_purged_floors":[13],"is_endless":false,"potions_floor_spawned":[5,7,8],"killed_by":"Red Slaver","ascension_level":10}