{"gold_per_floor":[111,111,186,196,211,239,239],"floor_reached":7,"playtime":426,"items_purged":[],"score":77,"play_id":"c1dc1a0e-a171-45b5-bed8-7ba3cb440159","local_time":"20190312172328","is_ascension_mode":true,"campfire_choices":[],"neow_cost":"TEN_PERCENT_HP_LOSS","seed_source_timestamp":117036981398700,"circlet_count":0,"master_deck":["AscendersBane","Defend_G","Defend_G","Defend_G","Defend_G","Defend_G","Strike_G","Strike_G","Strike_G","Strike_G","Strike_G","Survivor","Neutralize","Burst","Dash","Acrobatics"],"relics":["Ring of the Snake","Gremlin Horn","Vajra"],"potions_floor_usage":[6,6,7],"damage_taken":[{"damage":0,"enemies":"2 Louse","floor":1,"turns":4},{"damage":4,"enemies":"Small Slimes","floor":4,"turns":5},{"damage":10,"enemies":"Cultist","floor":5,"turns":5},{"damage":28,"enemies":"Gremlin Nob","floor":6,"turns":6},{"damage":3,"enemies":"3 Louse","floor":7,"turns":2}],"seed_played":"6692523368869884576","potions_obtained":[{"floor":1,"key":"AttackPotion"},{"floor":4,"key":"GhostInAJar"},{"floor":5,"key":"SpeedPotion"}],"is_trial":false,"path_per_floor":["M","?","?","M","M","E","M"],"character_chosen":"THE_SILENT","items_purchased":[],"campfire_rested":0,"item_purchase_floors":[],"current_hp_per_floor":[63,56,45,41,31,3,0],"gold":239,"neow_bonus":"THREE_RARE_CARDS","is_prod":false,"is_daily":false,"chose_seed":false,"campfire_upgraded":0,"win_rate":0,"timestamp":1552425808,"path_taken":["M","?","?","M","M","E","M"],"build_version":"2019-01-23","purchased_purges":0,"victory":false,"max_hp_per_floor":[63,63,63,63,63,63,63],"card_choices":[{"not_picked":["Storm of Steel","Grand Finale"],"picked":"Burst","floor":0},{"not_picked":["Finisher","Riddle With Holes"],"picked":"Dash","floor":1},{"not_picked":["Heel Hook","Quick Slash","Deflect"],"picked":"SKIP","floor":4},{"not_picked":["Calculated Gamble","Prepared","Grand Finale"],"picked":"SKIP","floor":5},{"not_picked":["Slice","Reflex"],"picked":"Acrobatics","floor":6}],"player_experience":331666,"relics_obtained":[{"floor":6,"key":"Vajra"}],"event_choices":[{"damage_healed":0,"gold_gain":0,"player_choice":"Success","damage_taken":7,"relics_obtained":["Gremlin Horn"],"max_hp_gain":0,"max_hp_loss":0,"event_name":"Scrap Ooze","floor":2,"gold_loss":0},{"damage_healed":0,"gold_gain":75,"player_choice":"Gather Gold","damage_taken":11,"max_hp_gain":0,"max_hp_loss":0,"event_name":"World of Goop","floor":3,"gold_loss":0}],"is_beta":false,"boss_relics":[],"items_purged_floors":[],"is_endless":false,"potions_floor_spawned":[1,4,5],"killed_by":"3 Louse","ascension_level":10}