{"gold_per_floor":[117,45,120,120,135,135,150,150,150,75,75,75,93,93,93,93],"floor_reached":16,"playtime":1063,"items_purged":["Strike_R"],"score":88,"play_id":"fbcb1415-9498-43ba-97a4-02adc681d530","local_time":"20180712231721","is_ascension_mode":false,"campfire_choices":[{"data":"Barricade","floor":6,"key":"SMITH"},{"data":"Shrug It Off","floor":8,"key":"SMITH"},{"data":"Bash","floor":11,"key":"SMITH"},{"data":"Defend_R","floor":15,"key":"SMITH"}],"neow_cost":"NONE","seed_source_timestamp":14444492341365,"circlet_count":0,"master_deck":["Strike_R","Strike_R","Strike_R","Strike_R","Defend_R","Defend_R","Defend_R","Defend_R+1","Bash+1","Barricade+1","Shrug It Off+1"],"relics":["Burning Blood","Art of War","Golden Idol","Question Card","Oddly Smooth Stone"],"potions_floor_usage":[],"damage_taken":[{"damage":10,"enemies":"Jaw Worm","floor":1,"turns":4},{"damage":4,"enemies":"2 Louse","floor":5,"turns":4},{"damage":5,"enemies":"Cultist","floor":7,"turns":4},{"damage":3,"enemies":"2 Fungi Beasts","floor":13,"turns":4},{"damage":52,"enemies":"Slime Boss","floor":16,"turns":12}],"seed_played":"-3337622711028252738","potions_obtained":[{"floor":1,"key":"BloodPotion"}],"is_trial":false,"path_per_floor":["M","$","?","?","M","R","M","R","T","$","R","?","M","$","R"],"character_chosen":"IRONCLAD","items_purchased":["Barricade"],"campfire_rested":0,"item_purchase_floors":[2],"current_hp_per_floor":[76,76,65,45,47,47,48,48,48,48,48,45,48,48,48,0],"gold":93,"neow_bonus":"RANDOM_COMMON_RELIC","is_prod":false,"is_daily":false,"chose_seed":false,"campfire_upgraded":4,"win_rate":0,"timestamp":1531430241,"path_taken":["M","$","?","?","M","R","M","R","T","$","R","?","M","?","R","BOSS"],"build_version":"2018-07-05","purchased_purges":1,"victory":false,"max_hp_per_floor":[80,80,80,80,80,80,80,80,80,80,80,80,80,80,80,80],"card_choices":[{"not_picked":["Hemokinesis","Pommel Strike","Warcry"],"picked":"SKIP","floor":1},{"not_picked":["Wild Strike","Clothesline"],"picked":"Shrug It Off","floor":5},{"not_picked":["Hemokinesis","Cleave","Clothesline"],"picked":"SKIP","floor":7},{"not_picked":["Whirlwind","Bludgeon","Blood for Blood","Clothesline"],"picked":"SKIP","floor":13}],"player_experience":308598,"relics_obtained":[{"floor":9,"key":"Question Card"}],"event_choices":[{"event_name":"World of Goop","player_choice":"Gather Gold","floor":3,"damage_taken":0},{"event_name":"Golden Idol","player_choice":"Take Damage","floor":4,"damage_taken":0},{"event_name":"Scrap Ooze","player_choice":"success","floor":12,"damage_taken":3}],"boss_relics":[],"items_purged_floors":[10],"is_endless":false,"potions_floor_spawned":[1],"killed_by":"Slime Boss","ascension_level":0}