{"gold_per_floor":[214,139,139,149,162,162,162,162,162,162,173,173,193,218,218,218],"floor_reached":16,"playtime":476,"items_purged":["Strike_B"],"score":105,"play_id":"b88f3dca-ecd7-4f02-a7f7-46bd31dc7787","local_time":"20190717224629","is_ascension_mode":true,"campfire_choices":[{"data":"Gash","floor":6,"key":"SMITH"},{"floor":8,"key":"REST"},{"floor":15,"key":"REST"}],"neow_cost":"NONE","seed_source_timestamp":109561486746876,"circlet_count":0,"master_deck":["Strike_B","Strike_B","Strike_B","Defend_B","Defend_B","Defend_B","Zap","Dualcast","Gash+1","Turbo"],"relics":["Cracked Core","Juzu Bracelet","Molten Egg 2"],"potions_floor_usage":[14,16],"damage_taken":[{"damage":3,"enemies":"Jaw Worm","floor":1,"turns":3},{"damage":0,"enemies":"Cultist","floor":4,"turns":3},{"damage":10,"enemies":"Small Slimes","floor":5,"turns":2},{"damage":31,"enemies":"Exordium Thugs","floor":11,"turns":6},{"damage":18,"enemies":"Exordium Wildlife","floor":13,"turns":5},{"damage":24,"enemies":"Gremlin Nob","floor":14,"turns":4},{"damage":30,"enemies":"Slime Boss","floor":16,"turns":3}],"seed_played":"973060544787184900","potions_obtained":[{"floor":4,"key":"SpeedPotion"},{"floor":5,"key":"PowerPotion"}],"is_trial":false,"path_per_floor":["M","$","?","M","M","R","?","R","T","?","M","?","M","E","R","B"],"character_chosen":"DEFECT","items_purchased":[],"campfire_rested":2,"item_purchase_floors":[],"current_hp_per_floor":[72,72,72,72,62,62,62,75,75,75,44,44,26,2,24,0],"gold":218,"neow_bonus":"HUNDRED_GOLD","is_prod":false,"is_daily":false,"chose_seed":false,"campfire_upgraded":1,"win_rate":0,"timestamp":1563421589,"path_taken":["M","$","?","?","M","R","?","R","T","?","M","?","M","E","R","BOSS"],"build_version":"2019-07-05","purchased_purges":1,"victory":false,"max_hp_per_floor":[75,75,75,75,75,75,75,75,75,75,75,75,75,75,75,75],"card_choices":[{"not_picked":["Barrage","Glacier"],"picked":"Gash","floor":1},{"not_picked":["Barrage","Turbo","Hologram"],"picked":"SKIP","floor":4},{"not_picked":["Double Energy","Darkness","Melter"],"picked":"SKIP","floor":5},{"not_picked":["Sunder","Redo","Leap"],"picked":"SKIP","floor":11},{"not_picked":["Compile Driver","Blizzard","Melter"],"picked":"SKIP","floor":13},{"not_picked":["Amplify","Fusion"],"picked":"Turbo","floor":14}],"player_experience":142081,"relics_obtained":[{"floor":9,"key":"Juzu Bracelet"},{"floor":14,"key":"Molten Egg 2"}],"event_choices":[{"cards_removed":["Defend_B"],"damage_healed":0,"gold_gain":0,"player_choice":"Offered Basic","damage_taken":0,"max_hp_gain":0,"max_hp_loss":0,"event_name":"Bonfire Elementals","floor":3,"gold_loss":0},{"damage_healed":0,"gold_gain":0,"player_choice":"Ignored","damage_taken":0,"max_hp_gain":0,"max_hp_loss":0,"event_name":"Liars Game","floor":7,"gold_loss":0},{"damage_healed":0,"gold_gain":0,"player_choice":"Searched \u00270\u0027 times","damage_taken":0,"max_hp_gain":0,"max_hp_loss":0,"event_name":"Dead Adventurer","floor":10,"gold_loss":0},{"damage_healed":0,"gold_gain":0,"player_choice":"Ignored","damage_taken":0,"max_hp_gain":0,"max_hp_loss":0,"event_name":"Shining Light","floor":12,"gold_loss":0}],"is_beta":false,"boss_relics":[],"items_purged_floors":[2],"is_endless":false,"potions_floor_spawned":[4,5],"killed_by":"Slime Boss","ascension_level":1}