{"gold_per_floor":[114,94,104,123,143,143,68,99,125,125,125,138,38,38],"floor_reached":14,"playtime":781,"items_purged":["Defend_G","Defend_G"],"score":95,"play_id":"14501619-9baf-4487-b597-5749a10aa006","local_time":"20190620032304","is_ascension_mode":true,"campfire_choices":[{"data":"Blade Dance","floor":6,"key":"SMITH"},{"floor":10,"key":"RECALL"}],"neow_cost":"NONE","seed_source_timestamp":725821494542621,"circlet_count":0,"master_deck":["Defend_G","Defend_G","Defend_G","Strike_G","Strike_G","Strike_G","Strike_G","Strike_G","Survivor","Neutralize","Blade Dance+1","Leg Sweep","Quick Slash+1","Poisoned Stab+1","Crippling Poison","Deadly Poison"],"relics":["Cursed Key","Oddly Smooth Stone","Whetstone"],"potions_floor_usage":[],"damage_taken":[{"damage":0,"enemies":"Jaw Worm","floor":1,"turns":5},{"damage":1,"enemies":"Cultist","floor":3,"turns":4},{"damage":0,"enemies":"2 Louse","floor":4,"turns":4},{"damage":0,"enemies":"Blue Slaver","floor":5,"turns":4},{"damage":22,"enemies":"3 Sentries","floor":8,"turns":11},{"damage":0,"enemies":"3 Louse","floor":12,"turns":3},{"damage":0,"enemies":"The Mushroom Lair","floor":14,"turns":1}],"seed_played":"6753075538731620810","potions_obtained":[{"floor":2,"key":"SpeedPotion"},{"floor":5,"key":"Strength Potion"},{"floor":8,"key":"Ancient Potion"},{"floor":12,"key":"EssenceOfSteel"}],"is_trial":false,"path_per_floor":["M","?","M","M","M","R","$","E","T","R","?","M","$","?"],"character_chosen":"THE_SILENT","items_purchased":[],"campfire_rested":0,"item_purchase_floors":[],"current_hp_per_floor":[70,70,69,69,69,69,69,47,47,47,47,47,47,47],"gold":38,"neow_bonus":"BOSS_RELIC","is_prod":false,"is_daily":false,"chose_seed":false,"campfire_upgraded":1,"win_rate":0,"timestamp":1561026184,"path_taken":["M","?","M","?","M","R","?","E","T","R","?","M","$","?"],"build_version":"2019-01-23","purchased_purges":2,"victory":false,"max_hp_per_floor":[70,70,70,70,70,70,70,70,70,70,70,70,70,70],"card_choices":[{"not_picked":["Flying Knee","Noxious Fumes"],"picked":"Blade Dance","floor":1},{"not_picked":["Blur","Choke"],"picked":"Leg Sweep","floor":3},{"not_picked":["Masterful Stab","Endless Agony"],"picked":"Quick Slash","floor":4},{"not_picked":["Dodge and Roll","Dagger Throw"],"picked":"Poisoned Stab","floor":5},{"not_picked":["Backflip","Dagger Spray"],"picked":"Crippling Poison","floor":8},{"not_picked":["After Image","Slice"],"picked":"Deadly Poison","floor":12}],"player_experience":99491,"relics_obtained":[{"floor":8,"key":"Oddly Smooth Stone"},{"floor":9,"key":"Whetstone"}],"event_choices":[{"damage_healed":0,"gold_gain":0,"player_choice":"Bought 1 Potion","damage_taken":0,"max_hp_gain":0,"max_hp_loss":0,"event_name":"The Woman in Blue","floor":2,"gold_loss":0},{"cards_removed":["Normality"],"damage_healed":0,"gold_gain":0,"player_choice":"Forget","damage_taken":0,"max_hp_gain":0,"max_hp_loss":0,"event_name":"Living Wall","floor":11,"gold_loss":0},{"damage_healed":0,"gold_gain":0,"player_choice":"Fought Mushrooms","damage_taken":0,"max_hp_gain":0,"max_hp_loss":0,"event_name":"Mushrooms","floor":14,"gold_loss":0}],"is_beta":false,"boss_relics":[],"items_purged_floors":[7,13],"is_endless":false,"potions_floor_spawned":[5,8,12],"killed_by":"The Mushroom Lair","ascension_level":1}