{"gold_per_floor":[110,122,122,140,151,151,208,208,208,242,53,63,63,115,115,186,186,165,165,165,179,224,249,249,269,269,287,287,212,137,52,52,125,125,142,142,142,152,162,187,187,214,241,259,294,312,384,384,384,384,384],"floor_reached":52,"playtime":2816,"items_purged":["Strike_R"],"score":1936,"play_id":"38828a21-e437-4e18-a5c6-54b8e23e8231","local_time":"20181126073156","is_ascension_mode":true,"campfire_choices":[{"data":"Rampage","floor":6,"key":"SMITH"},{"data":"Flame Barrier","floor":8,"key":"SMITH"},{"data":"Immolate","floor":15,"key":"SMITH"},{"data":"Demon Form","floor":24,"key":"SMITH"},{"data":"Heavy Blade","floor":28,"key":"SMITH"},{"data":"Flame Barrier","floor":32,"key":"SMITH"},{"floor":49,"key":"RECALL"}],"neow_cost":"NONE","seed_source_timestamp":567308337286048,"circlet_count":0,"master_deck":["AscendersBane","Strike_R","Strike_R","Defend_R","Defend_R","Defend_R","Defend_R","Bash+1","Flame Barrier+1","Headbutt","Rampage+1","Impervious","Inflame","Immolate+1","Shrug It Off","Flame Barrier+1","Demon Form+1","Necronomicurse","Heavy Blade+1","Burning Pact+1","Reaper","Shrug It Off","Shrug It Off","Shrug It Off+1","Battle Trance+1"],"relics":["Burning Blood","Tiny Chest","Vajra","Question Card","Sundial","Blood Vial","Velvet Choker","Mercury Hourglass","Necronomicon","Potion Belt","Paper Frog","Letter Opener","Centennial Puzzle","Fusion Hammer","Pantograph","Toxic Egg 2","PreservedInsect","Matryoshka","Smiling Mask","Darkstone Periapt"],"potions_floor_usage":[7,10,16,23,44,46,50,50,51],"damage_taken":[{"damage":4,"enemies":"Jaw Worm","floor":1,"turns":4},{"damage":1,"enemies":"Cultist","floor":2,"turns":4},{"damage":3,"enemies":"2 Louse","floor":4,"turns":4},{"damage":12,"enemies":"Blue Slaver","floor":5,"turns":5},{"damage":30,"enemies":"3 Sentries","floor":7,"turns":7},{"damage":8,"enemies":"Gremlin Nob","floor":10,"turns":4},{"damage":0,"enemies":"Lots of Slimes","floor":12,"turns":1},{"damage":4,"enemies":"Slime Boss","floor":16,"turns":8},{"damage":11,"enemies":"2 Thieves","floor":18,"turns":4},{"damage":0,"enemies":"Spheric Guardian","floor":21,"turns":3},{"damage":26,"enemies":"Gremlin Leader","floor":23,"turns":5},{"damage":0,"enemies":"Snecko","floor":25,"turns":3},{"damage":0,"enemies":"Centurion and Healer","floor":27,"turns":2},{"damage":14,"enemies":"Collector","floor":33,"turns":5},{"damage":0,"enemies":"Orb Walker","floor":35,"turns":2},{"damage":10,"enemies":"3 Darklings","floor":38,"turns":2},{"damage":4,"enemies":"Sphere and 2 Shapes","floor":39,"turns":8},{"damage":16,"enemies":"Nemesis","floor":40,"turns":5},{"damage":16,"enemies":"Reptomancer","floor":42,"turns":5},{"damage":17,"enemies":"Jaw Worm Horde","floor":44,"turns":2},{"damage":13,"enemies":"Giant Head","floor":45,"turns":4},{"damage":1,"enemies":"Transient","floor":46,"turns":6},{"damage":51,"enemies":"Awakened One","floor":50,"turns":9},{"damage":48,"enemies":"Time Eater","floor":51,"turns":7}],"seed_played":"-8467021513919318542","potions_obtained":[{"floor":1,"key":"Swift Potion"},{"floor":4,"key":"Explosive Potion"},{"floor":7,"key":"SkillPotion"},{"floor":10,"key":"Weak Potion"},{"floor":16,"key":"SteroidPotion"},{"floor":33,"key":"Block Potion"},{"floor":35,"key":"Dexterity Potion"},{"floor":40,"key":"Fire Potion"},{"floor":42,"key":"GamblersBrew"},{"floor":44,"key":"AttackPotion"}],"is_trial":false,"path_per_floor":["M","M","?","M","M","R","E","R","T","E","$","M","T","T","R","B",null,"M","T","?","M","T","E","R","M","T","M","R","?","$","?","R","B",null,"M","$","?","M","M","E","?","E","T","M","E","M","T","?","R","B","B",null],"character_chosen":"IRONCLAD","items_purchased":["Immolate","Shrug It Off"],"campfire_rested":0,"item_purchase_floors":[11,11],"current_hp_per_floor":[70,75,75,75,69,69,45,45,45,43,43,49,49,49,49,53,70,67,67,46,54,54,36,36,44,44,52,52,52,52,52,52,46,68,75,75,75,71,75,75,75,75,75,75,68,75,75,75,75,56,33],"gold":384,"neow_bonus":"UPGRADE_CARD","is_prod":false,"is_daily":false,"chose_seed":false,"campfire_upgraded":6,"win_rate":0,"timestamp":1543185116,"path_taken":["M","M","?","M","M","R","E","R","T","E","$","M","?","?","R","BOSS","M","?","?","M","?","E","R","?","T","M","R","?","$","?","R","BOSS","M","$","?","?","M","E","?","E","T","M","E","M","?","?","R","BOSS","BOSS"],"build_version":"2018-11-15","purchased_purges":1,"victory":true,"max_hp_per_floor":[75,75,75,75,75,75,75,75,75,75,75,75,75,75,75,75,75,75,75,75,75,75,75,75,75,75,75,75,75,75,75,75,75,75,75,75,75,75,75,75,75,75,75,75,75,75,75,75,75,75,75],"card_choices":[{"not_picked":["Hemokinesis","Second Wind"],"picked":"Flame Barrier","floor":1},{"not_picked":["Warcry","Wild Strike","Ghostly Armor"],"picked":"SKIP","floor":2},{"not_picked":["Warcry","Anger"],"picked":"Headbutt","floor":4},{"not_picked":["True Grit","Evolve"],"picked":"Rampage","floor":5},{"not_picked":["Havoc","Intimidate"],"picked":"Impervious","floor":7},{"not_picked":["Havoc","Clothesline"],"picked":"Inflame","floor":10},{"not_picked":["Body Slam","Fire Breathing","Wild Strike"],"picked":"Flame Barrier","floor":12},{"not_picked":["Juggernaut","Berserk","Dark Embrace"],"picked":"Demon Form","floor":16},{"not_picked":["Reckless Charge+1","Rage+1","Body Slam","Inflame"],"picked":"SKIP","floor":18},{"not_picked":["Havoc","Ghostly Armor","Sword Boomerang"],"picked":"Heavy Blade","floor":21},{"not_picked":["Sentinel","Twin Strike","Metallicize"],"picked":"Burning Pact","floor":23},{"not_picked":["Bloodletting","Double Tap","Ghostly Armor","Flex"],"picked":"SKIP","floor":25},{"not_picked":["Cleave","Spot Weakness+1","Sever Soul","Flex"],"picked":"SKIP","floor":27},{"not_picked":["Bludgeon","Demon Form","Barricade"],"picked":"Reaper","floor":33},{"not_picked":["Clash+1","Flex","Inflame+1"],"picked":"Shrug It Off","floor":35},{"not_picked":["Heavy Blade","Rage","Thunderclap"],"picked":"Shrug It Off","floor":38},{"not_picked":["Inflame","Warcry","Whirlwind","Cleave+1"],"picked":"SKIP","floor":39},{"not_picked":["Iron Wave","Bludgeon","Ghostly Armor","Wild Strike"],"picked":"SKIP","floor":40},{"not_picked":["Rage+1","Iron Wave+1","Anger","Thunderclap"],"picked":"SKIP","floor":42},{"not_picked":["Wild Strike","Thunderclap+1","Flex+1"],"picked":"Shrug It Off+1","floor":44},{"not_picked":["Whirlwind+1","Twin Strike","Shrug It Off+1"],"picked":"Battle Trance+1","floor":45},{"not_picked":["Dual Wield+1","Body Slam","Uppercut","Corruption+1"],"picked":"SKIP","floor":46}],"player_experience":443799,"relics_obtained":[{"floor":7,"key":"Tiny Chest"},{"floor":9,"key":"Vajra"},{"floor":10,"key":"Question Card"},{"floor":13,"key":"Sundial"},{"floor":14,"key":"Blood Vial"},{"floor":19,"key":"Mercury Hourglass"},{"floor":20,"key":"Necronomicon"},{"floor":22,"key":"Potion Belt"},{"floor":23,"key":"Paper Frog"},{"floor":26,"key":"Letter Opener"},{"floor":40,"key":"Pantograph"},{"floor":42,"key":"Toxic Egg 2"},{"floor":43,"key":"PreservedInsect"},{"floor":45,"key":"Matryoshka"},{"floor":47,"key":"Smiling Mask"},{"floor":47,"key":"Darkstone Periapt"}],"event_choices":[{"damage_healed":0,"gold_gain":0,"player_choice":"Ignored","damage_taken":0,"max_hp_gain":0,"max_hp_loss":0,"event_name":"Liars Game","floor":3,"gold_loss":0},{"damage_healed":0,"gold_gain":0,"player_choice":"Obtained Book","damage_taken":21,"max_hp_gain":0,"max_hp_loss":0,"event_name":"Cursed Tome","floor":20,"gold_loss":0},{"cards_removed":["Strike_R"],"damage_healed":0,"gold_gain":0,"player_choice":"Gave Gold","damage_taken":0,"max_hp_gain":0,"max_hp_loss":0,"event_name":"Beggar","floor":29,"gold_loss":75},{"damage_healed":0,"gold_gain":0,"player_choice":"Obtained Relic","damage_taken":0,"relics_obtained":["Centennial Puzzle"],"max_hp_gain":0,"max_hp_loss":0,"event_name":"Addict","floor":31,"gold_loss":85},{"cards_removed":["Strike_R"],"damage_healed":0,"gold_gain":0,"player_choice":"Card Removal","damage_taken":0,"max_hp_gain":0,"max_hp_loss":0,"event_name":"Wheel of Change","floor":37,"gold_loss":0},{"damage_healed":0,"gold_gain":0,"player_choice":"Memory 1","damage_taken":0,"max_hp_gain":0,"max_hp_loss":0,"event_name":"SensoryStone","floor":41,"gold_loss":0},{"damage_healed":0,"gold_gain":0,"player_choice":"Upgraded","damage_taken":0,"max_hp_gain":0,"max_hp_loss":0,"event_name":"Upgrade Shrine","floor":48,"gold_loss":0,"cards_upgraded":["Burning Pact"]}],"is_beta":false,"boss_relics":[{"not_picked":["White Beast Statue","Astrolabe"],"picked":"Velvet Choker"},{"not_picked":["Black Star","Calling Bell"],"picked":"Fusion Hammer"}],"items_purged_floors":[30],"is_endless":false,"potions_floor_spawned":[1,4,7,10,16,21,33,35,40,42,44,45],"ascension_level":20}