{"gold_per_floor":[112,124,140,140,159,192,192,226,226,236,236,267,283,302,302,406,406,425,444,460,475,475,475,506,506,506,506,521,553,569,580,580,683,683,703,715,761,761,761,761],"floor_reached":40,"playtime":3439,"items_purged":[],"score":678,"play_id":"30b95024-2691-4180-aaa1-d8b4dd2592a1","local_time":"20190718225658","is_ascension_mode":true,"campfire_choices":[{"floor":7.0,"key":"REST"},{"floor":11.0,"key":"REST"},{"floor":15.0,"key":"RECALL"},{"data":"Zap","floor":23.0,"key":"SMITH"},{"floor":25.0,"key":"REST"},{"data":"Hologram","floor":32.0,"key":"SMITH"}],"neow_cost":"TEN_PERCENT_HP_LOSS","seed_source_timestamp":0,"circlet_count":0,"master_deck":["AscendersBane","Strike_B","Strike_B","Strike_B","Strike_B","Defend_B","Defend_B","Defend_B","Defend_B","Zap+1","Dualcast","Biased Cognition","Electrodynamics","Storm","Coolheaded","Gash","Heatsinks","Chill","White Noise+1","All For One","Hologram+1","FTL","Chill+1"],"special_seed":0,"relics":["Cracked Core","Meat on the Bone","Bag of Marbles","Anchor","Bottled Tornado","Runic Pyramid","Lantern","Regal Pillow","Orichalcum","Busted Crown","Mango"],"potions_floor_usage":[],"damage_taken":[{"damage":11.0,"enemies":"Jaw Worm","floor":1.0,"turns":4.0},{"damage":1.0,"enemies":"Cultist","floor":2.0,"turns":3.0},{"damage":0.0,"enemies":"2 Louse","floor":3.0,"turns":1.0},{"damage":18.0,"enemies":"Large Slime","floor":5.0,"turns":2.0},{"damage":15.0,"enemies":"3 Sentries","floor":6.0,"turns":4.0},{"damage":31.0,"enemies":"Gremlin Nob","floor":8.0,"turns":5.0},{"damage":4.0,"enemies":"Looter","floor":10.0,"turns":3.0},{"damage":5.0,"enemies":"3 Sentries","floor":12.0,"turns":3.0},{"damage":0.0,"enemies":"Blue Slaver","floor":13.0,"turns":3.0},{"damage":0.0,"enemies":"Lots of Slimes","floor":14.0,"turns":2.0},{"damage":27.0,"enemies":"The Guardian","floor":16.0,"turns":13.0},{"damage":7.0,"enemies":"2 Thieves","floor":18.0,"turns":2.0},{"damage":3.0,"enemies":"3 Byrds","floor":19.0,"turns":2.0},{"damage":20.0,"enemies":"Shelled Parasite and Fungi","floor":20.0,"turns":3.0},{"damage":8.0,"enemies":"Chosen and Byrds","floor":21.0,"turns":5.0},{"damage":25.0,"enemies":"Book of Stabbing","floor":24.0,"turns":4.0},{"damage":0.0,"enemies":"Snake Plant","floor":28.0,"turns":2.0},{"damage":22.0,"enemies":"Gremlin Leader","floor":29.0,"turns":4.0},{"damage":21.0,"enemies":"Shelled Parasite and Fungi","floor":30.0,"turns":5.0},{"damage":3.0,"enemies":"Chosen and Byrds","floor":31.0,"turns":3.0},{"damage":21.0,"enemies":"Automaton","floor":33.0,"turns":10.0},{"damage":0.0,"enemies":"3 Darklings","floor":35.0,"turns":3.0},{"damage":0.0,"enemies":"Orb Walker","floor":36.0,"turns":3.0},{"damage":58.0,"enemies":"2 Orb Walkers","floor":37.0,"turns":6.0},{"damage":32,"enemies":"Nemesis","floor":40,"turns":6}],"seed_played":"7562554894808236626","potions_obtained":[{"floor":2.0,"key":"Explosive Potion"},{"floor":6.0,"key":"Explosive Potion"},{"floor":8.0,"key":"LiquidBronze"},{"floor":10.0,"key":"PowerPotion"},{"floor":13.0,"key":"FearPotion"},{"floor":16.0,"key":"Energy Potion"},{"floor":19.0,"key":"Swift Potion"},{"floor":20.0,"key":"Energy Potion"},{"floor":30.0,"key":"Energy Potion"},{"floor":31.0,"key":"Dexterity Potion"},{"floor":35.0,"key":"Poison Potion"}],"is_trial":false,"path_per_floor":["M","M","M","?","M","E","R","E","T","M","R","E","M","M","R","B",null,"M","M","M","M","?","R","E","R","T","?","M","E","M","M","R","B",null,"M","M","?","?","?","E"],"character_chosen":"DEFECT","items_purchased":[],"campfire_rested":3,"item_purchase_floors":[],"current_hp_per_floor":[57,56,56,56,38,23,43,24,24,32,52,47,47,47,47,32,59,52,49,41,45,33,33,20,41,41,41,41,31,22,31,31,22,60,60,60,28,28,28,0],"gold":761,"neow_bonus":"THREE_RARE_CARDS","is_prod":false,"is_daily":false,"chose_seed":false,"campfire_upgraded":2,"win_rate":0,"timestamp":1563505018,"path_taken":["M","M","M","?","M","E","R","E","T","M","R","E","M","M","R","BOSS","M","M","M","?","?","R","E","R","T","?","M","E","M","M","R","BOSS","M","M","?","?","?","E"],"build_version":"2019-07-17","purchased_purges":0,"victory":false,"max_hp_per_floor":[68,68,68,68,68,68,68,68,68,68,68,68,68,68,68,68,68,68,68,68,68,73,73,73,73,73,73,73,73,73,73,73,73,73,73,73,87,87,87,87],"card_choices":[{"not_picked":["Rainbow","Fission"],"picked":"Biased Cognition","floor":0.0},{"not_picked":["Barrage","Streamline","Leap"],"picked":"SKIP","floor":1.0},{"not_picked":["Force Field","Compile Driver","Rebound"],"picked":"SKIP","floor":2.0},{"not_picked":["Streamline","Heatsinks","Blizzard"],"picked":"SKIP","floor":3.0},{"not_picked":["Leap","Auto Shields","Lockon"],"picked":"SKIP","floor":5.0},{"not_picked":["Steam Power","Recycle"],"picked":"Coolheaded","floor":6.0},{"not_picked":["Creative AI","Double Energy"],"picked":"Gash","floor":8.0},{"not_picked":["Skim","Go for the Eyes","Hello World"],"picked":"SKIP","floor":10.0},{"not_picked":["Turbo","Compile Driver"],"picked":"Heatsinks","floor":12.0},{"not_picked":["Gash","Sweeping Beam","Hello World"],"picked":"SKIP","floor":13.0},{"not_picked":["Undo","Storm"],"picked":"Chill","floor":14.0},{"not_picked":["Ball Lightning","Gash+1"],"picked":"White Noise+1","floor":18.0},{"not_picked":["BootSequence+1","Beam Cell","Sweeping Beam"],"picked":"SKIP","floor":19.0},{"not_picked":["Conserve Battery+1","Compile Driver+1"],"picked":"Barrage+1","floor":20.0},{"not_picked":["Rebound","Redo+1"],"picked":"All For One","floor":21.0},{"not_picked":["Heatsinks","Storm+1","Sweeping Beam"],"picked":"SKIP","floor":24.0},{"not_picked":["Steam","Storm"],"picked":"FTL","floor":28.0},{"not_picked":["Gash","Double Energy","Sweeping Beam"],"picked":"SKIP","floor":29.0},{"not_picked":["Steam Power","Meteor Strike","Rebound+1"],"picked":"SKIP","floor":30.0},{"not_picked":["Sweeping Beam","Darkness"],"picked":"Chill+1","floor":31.0},{"not_picked":["Consume"],"picked":"SKIP","floor":35.0},{"not_picked":["Streamline"],"picked":"SKIP","floor":36.0}],"player_experience":379954,"relics_obtained":[{"floor":6.0,"key":"Meat on the Bone"},{"floor":8.0,"key":"Bag of Marbles"},{"floor":9.0,"key":"Anchor"},{"floor":12.0,"key":"Bottled Tornado"},{"floor":24.0,"key":"Lantern"},{"floor":26.0,"key":"Regal Pillow"},{"floor":29.0,"key":"Orichalcum"},{"floor":37.0,"key":"Mango"}],"event_choices":[{"damage_healed":0.0,"max_hp_gain":0.0,"max_hp_loss":0.0,"gold_gain":0.0,"event_name":"Match and Keep!","player_choice":"2 cards matched","floor":4.0,"gold_loss":0.0,"damage_taken":0.0,"cards_obtained":["Electrodynamics","Storm"]},{"damage_healed":0.0,"max_hp_gain":5.0,"max_hp_loss":0.0,"gold_gain":0.0,"event_name":"Forgotten Altar","player_choice":"Shed Blood","floor":22.0,"gold_loss":0.0,"damage_taken":17.0},{"damage_healed":0.0,"max_hp_gain":0.0,"max_hp_loss":0.0,"gold_gain":0.0,"event_name":"The Library","player_choice":"Read","floor":27.0,"gold_loss":0.0,"damage_taken":0.0,"cards_obtained":["Hologram"]},{"damage_healed":0.0,"max_hp_gain":0.0,"max_hp_loss":0.0,"gold_gain":0.0,"event_name":"Mysterious Sphere","player_choice":"Fight","floor":37.0,"gold_loss":0.0,"damage_taken":0.0},{"cards_removed":["Barrage"],"damage_healed":0.0,"max_hp_gain":0.0,"max_hp_loss":0.0,"gold_gain":0.0,"event_name":"Falling","player_choice":"Removed Attack","floor":38.0,"gold_loss":0.0,"damage_taken":0.0},{"damage_healed":0.0,"max_hp_gain":0.0,"max_hp_loss":0.0,"gold_gain":0.0,"event_name":"Tomb of Lord Red Mask","player_choice":"Ignored","floor":39.0,"gold_loss":0.0,"damage_taken":0.0}],"is_beta":false,"boss_relics":[{"not_picked":["Sozu","Philosopher\u0027s Stone"],"picked":"Runic Pyramid"},{"not_picked":["Snecko Eye","Eternal Feather"],"picked":"Busted Crown"}],"items_purged_floors":[],"is_endless":false,"potions_floor_spawned":[2,6,8,10,13,16,19,20,30,31,35],"killed_by":"Nemesis","ascension_level":10}