{"gold_per_floor":[110,110,129,140,159,159,159,159,231,406,441,441,441,453,453,551,551,564,564],"floor_reached":19,"playtime":1603,"items_purged":[],"score":184,"play_id":"7618a8cb-24a3-432e-a6d9-c3e0c4a03ab3","local_time":"20190627015718","is_ascension_mode":true,"campfire_choices":[{"floor":6.0,"key":"RECALL"},{"floor":8.0,"key":"REST"},{"floor":13,"key":"REST"},{"data":"Cloak And Dagger","floor":15,"key":"SMITH"}],"neow_cost":"NONE","seed_source_timestamp":0,"circlet_count":0,"master_deck":["Defend_G","Defend_G","Defend_G","Defend_G+1","Defend_G","Strike_G","Strike_G","Strike_G+1","Strike_G","Survivor","Neutralize","Blade Dance+1","Footwork","PiercingWail","Leg Sweep","Doubt","Dagger Throw","Cloak And Dagger+1","Doppelganger","Poisoned Stab"],"special_seed":0,"relics":["HoveringKite","Pen Nib","Lizard Tail"],"potions_floor_usage":[16,16,19],"damage_taken":[{"damage":4.0,"enemies":"Small Slimes","floor":1.0,"turns":4.0},{"damage":0.0,"enemies":"Cultist","floor":3.0,"turns":4.0},{"damage":4.0,"enemies":"Jaw Worm","floor":4.0,"turns":5.0},{"damage":8.0,"enemies":"2 Fungi Beasts","floor":5.0,"turns":5.0},{"damage":33.0,"enemies":"3 Sentries","floor":11.0,"turns":17.0},{"damage":1,"enemies":"3 Louse","floor":14,"turns":5},{"damage":27,"enemies":"Slime Boss","floor":16,"turns":10},{"damage":20,"enemies":"Chosen","floor":18,"turns":9},{"damage":13,"enemies":"Masked Bandits","floor":19,"turns":3}],"seed_played":"978970691636067123","potions_obtained":[{"floor":4.0,"key":"AttackPotion"},{"floor":11,"key":"FearPotion"},{"floor":14,"key":"Weak Potion"},{"floor":18,"key":"Swift Potion"}],"is_trial":false,"path_per_floor":["M","?","M","M","M","R","?","R","T","?","E","?","R","M","R","B",null,"M","?"],"character_chosen":"THE_SILENT","items_purchased":[],"campfire_rested":2,"item_purchase_floors":[],"current_hp_per_floor":[66,66,66,62,54,54,47,68,68,68,35,21,42,41,41,14,70,50,37],"gold":564,"neow_bonus":"BOSS_RELIC","is_prod":false,"is_daily":false,"chose_seed":false,"campfire_upgraded":1,"win_rate":0,"timestamp":1561625838,"path_taken":["M","?","?","M","?","R","?","R","T","?","E","?","R","M","R","BOSS","M","?"],"build_version":"2019-01-23","purchased_purges":0,"victory":false,"max_hp_per_floor":[70,70,70,70,70,70,70,70,70,70,70,70,70,70,70,70,70,70,70],"card_choices":[{"not_picked":["Dagger Spray","Backflip"],"picked":"Blade Dance","floor":1.0},{"not_picked":["Dash","Flechettes"],"picked":"Footwork","floor":3.0},{"not_picked":["Sucker Punch","Prepared"],"picked":"PiercingWail","floor":4.0},{"not_picked":["Sucker Punch","Well Laid Plans"],"picked":"Leg Sweep","floor":5.0},{"not_picked":["Dagger Spray","Distraction"],"picked":"Dagger Throw","floor":11},{"not_picked":["Leg Sweep","Calculated Gamble"],"picked":"Cloak And Dagger","floor":14},{"not_picked":["Wraith Form v2","Night Terror"],"picked":"Doppelganger","floor":16},{"not_picked":["Concentrate+1","Flechettes"],"picked":"Poisoned Stab","floor":18}],"player_experience":123759,"relics_obtained":[{"floor":11,"key":"Pen Nib"}],"event_choices":[{"damage_healed":0.0,"max_hp_gain":0.0,"max_hp_loss":0.0,"gold_gain":0.0,"event_name":"Upgrade Shrine","player_choice":"Upgraded","floor":2.0,"gold_loss":0.0,"damage_taken":0.0,"cards_upgraded":["Blade Dance"]},{"cards_removed":["Strike_G"],"damage_healed":0.0,"max_hp_gain":0.0,"max_hp_loss":0.0,"gold_gain":0.0,"event_name":"Golden Wing","player_choice":"Card Removal","floor":7.0,"gold_loss":0.0,"damage_taken":7.0},{"damage_healed":0.0,"max_hp_gain":0.0,"max_hp_loss":0.0,"gold_gain":175.0,"event_name":"Liars Game","player_choice":"AGREE","floor":10.0,"gold_loss":0.0,"damage_taken":0.0,"cards_obtained":["Doubt"]},{"damage_healed":0,"gold_gain":0,"player_choice":"Entered Light","damage_taken":14,"max_hp_gain":0,"max_hp_loss":0,"event_name":"Shining Light","floor":12,"gold_loss":0,"cards_upgraded":["Strike_G","Defend_G"]},{"damage_healed":0,"gold_gain":0,"player_choice":"Fought Bandits","damage_taken":0,"max_hp_gain":0,"max_hp_loss":0,"event_name":"Masked Bandits","floor":19,"gold_loss":0}],"is_beta":false,"boss_relics":[{"not_picked":["Runic Dome","Pandora\u0027s Box"],"picked":"Lizard Tail"}],"items_purged_floors":[],"is_endless":false,"potions_floor_spawned":[4,11,14,18],"killed_by":"Masked Bandits","ascension_level":2}