{"gold_per_floor":[19,19,31,49,49,64,64,75,75,75,93,109,124,124,124,124],"floor_reached":16,"playtime":1102,"items_purged":[],"score":96,"play_id":"7fd94209-8a96-4390-b475-2491bfc6711c","local_time":"20190708010438","is_ascension_mode":false,"campfire_choices":[{"data":"Storm of Steel","floor":7,"key":"SMITH"},{"floor":10,"key":"REST"},{"floor":15,"key":"REST"}],"neow_cost":"NO_GOLD","seed_source_timestamp":731159813077799,"circlet_count":0,"master_deck":["Strike_G","Strike_G","Strike_G","Strike_G","Strike_G","Defend_G","Defend_G","Defend_G","Defend_G","Defend_G","Survivor","Neutralize","Storm of Steel+1","Infinite Blades","Finisher","Quick Slash","Cloak And Dagger","Backflip","Predator","Forethought","Unload"],"relics":["Ring of the Snake","NlothsMask"],"potions_floor_usage":[16,16,16],"damage_taken":[{"damage":5,"enemies":"2 Louse","floor":1,"turns":3},{"damage":2,"enemies":"Small Slimes","floor":3,"turns":4},{"damage":10,"enemies":"Cultist","floor":4,"turns":4},{"damage":14,"enemies":"Lots of Slimes","floor":6,"turns":5},{"damage":5,"enemies":"Looter","floor":8,"turns":2},{"damage":0,"enemies":"3 Louse","floor":11,"turns":4},{"damage":5,"enemies":"Red Slaver","floor":12,"turns":4},{"damage":1,"enemies":"Large Slime","floor":13,"turns":4},{"damage":72,"enemies":"The Guardian","floor":16,"turns":13}],"seed_played":"-2567320412989890665","potions_obtained":[{"floor":1,"key":"Block Potion"},{"floor":3,"key":"Fire Potion"},{"floor":6,"key":"EssenceOfSteel"}],"is_trial":false,"path_per_floor":["M","?","M","M","?","M","R","M","T","R","M","M","M","?","R","B"],"character_chosen":"THE_SILENT","items_purchased":[],"campfire_rested":2,"item_purchase_floors":[],"current_hp_per_floor":[65,65,63,53,53,39,39,34,34,55,55,50,49,49,70,0],"gold":124,"neow_bonus":"THREE_RARE_CARDS","is_prod":false,"is_daily":false,"chose_seed":false,"campfire_upgraded":1,"win_rate":0.0,"timestamp":1562565878,"path_taken":["M","?","M","M","?","M","R","M","T","R","?","M","?","?","R","BOSS"],"build_version":"2019-07-05","purchased_purges":0,"victory":false,"max_hp_per_floor":[70,70,70,70,70,70,70,70,70,70,70,70,70,70,70,70],"card_choices":[{"not_picked":["A Thousand Cuts","Wraith Form v2"],"picked":"Storm of Steel","floor":0},{"not_picked":["Tactician","PiercingWail"],"picked":"Infinite Blades","floor":1},{"not_picked":["Slice","Quick Slash"],"picked":"Finisher","floor":3},{"not_picked":["Finisher","Flechettes"],"picked":"Quick Slash","floor":4},{"not_picked":["Sucker Punch","Infinite Blades"],"picked":"Cloak And Dagger","floor":6},{"not_picked":["Bouncing Flask","Acrobatics","Prepared"],"picked":"SKIP","floor":8},{"not_picked":["Slice","Well Laid Plans"],"picked":"Backflip","floor":11},{"not_picked":["Deadly Poison","Slice"],"picked":"Predator","floor":12},{"not_picked":["Underhanded Strike","Deadly Poison","Burst"],"picked":"SKIP","floor":13}],"player_experience":46396,"relics_obtained":[],"event_choices":[{"damage_healed":0,"gold_gain":0,"player_choice":"Ignored","damage_taken":0,"max_hp_gain":0,"max_hp_loss":0,"event_name":"Golden Idol","floor":2,"gold_loss":0},{"damage_healed":0,"gold_gain":0,"player_choice":"Trade","damage_taken":0,"relics_obtained":["NlothsMask"],"max_hp_gain":0,"max_hp_loss":0,"event_name":"FaceTrader","floor":5,"gold_loss":0},{"damage_healed":0,"gold_gain":0,"player_choice":"2 cards matched","damage_taken":0,"max_hp_gain":0,"max_hp_loss":0,"event_name":"Match and Keep!","floor":14,"gold_loss":0,"cards_obtained":["Forethought","Unload"]}],"is_beta":false,"boss_relics":[],"items_purged_floors":[],"is_endless":false,"potions_floor_spawned":[1,3,6,12],"killed_by":"The Guardian","ascension_level":0}