{"path_per_floor":["M","M","?","$","?","R","E","?","T","M","E","R","M","?","R","B",null,"M","?","$","?","M","R","M","T","T","R","M","M","M","$","R","B",null,"M","?","M","T","?","R","M"],"character_chosen":"IRONCLAD","items_purchased":["Headbutt","Limit Break","Happy Flower"],"gold_per_floor":[114,124,124,23,23,23,67,67,67,80,114,114,129,160,160,280,280,301,301,127,52,70,70,84,109,109,109,130,148,164,19,19,140,140,165,229,253,253,253,253,269],"floor_reached":42,"campfire_rested":1,"playtime":7776,"current_hp_per_floor":[80,80,64,64,44,44,47,52,52,62,55,55,61,65,65,36,85,85,69,69,69,75,75,67,67,67,67,73,76,53,53,78,50,85,73,69,70,70,70,70,34],"items_purged":["Strike_R","Defend_R"],"gold":269,"score":356,"play_id":"3445db75-57f5-4ae2-973d-eff5ea0c5c6d","is_prod":false,"is_daily":false,"is_ascension_mode":false,"campfire_upgraded":6,"path_taken":["M","M","?","$","?","R","E","?","T","?","E","R","M","?","R","BOSS","M","?","$","?","M","R","M","?","T","R","?","M","?","$","R","BOSS","M","?","M","?","?","R","M","E"],"build_version":"2018-02-15-PROD1","purchased_purges":4,"victory":false,"master_deck":["Strike_R+1","Strike_R+1","Strike_R+1","Defend_R","Defend_R","Bash+1","Rampage+1","Shrug It Off+1","Headbutt","Reaper","Pummel","Barricade+1","Infernal Blade+1","Limit Break+1","Bloodletting+1","Headbutt","Spot Weakness","Berserk+1","Perfected Strike+1","Shrug It Off+1","Immolate","Rupture+1"],"max_hp_per_floor":[80,80,80,80,80,80,80,85,85,85,85,85,85,85,85,85,85,85,85,85,85,85,85,85,85,85,85,85,85,85,85,85,85,85,85,85,85,85,85,85,85],"relics":["Burning Blood","Golden Idol","Paper Frog","Whetstone","Bag of Preparation","Odd Mushroom","Sozu","Enchiridion","Bag of Marbles","Prayer Wheel","Happy Flower","Runic Cube","Calipers","Blood Vial"],"card_choices":[{"not_picked":["Fire Breathing","Corruption"],"picked":"Rampage"},{"not_picked":["Thunderclap","True Grit"],"picked":"Shrug It Off"},{"not_picked":["Impervious","Wild Strike"],"picked":"Reaper"},{"not_picked":["Iron Wave","Clothesline"],"picked":"Pummel"},{"not_picked":["Pommel Strike","Shrug It Off"],"picked":"Body Slam"},{"not_picked":["Immolate","Feed"],"picked":"Barricade"},{"not_picked":["Blood for Blood","Iron Wave"],"picked":"Infernal Blade"},{"not_picked":["Flex","Rage"],"picked":"Bloodletting"},{"not_picked":["Pommel Strike","Searing Blow"],"picked":"Headbutt"},{"not_picked":["Iron Wave","Evolve"],"picked":"Spot Weakness"},{"not_picked":["Offering","Double Tap"],"picked":"Berserk"},{"not_picked":["Combust","Fire Breathing"],"picked":"Perfected Strike"},{"not_picked":["Sword Boomerang","Whirlwind"],"picked":"Shrug It Off"},{"not_picked":["Body Slam","Sever Soul"],"picked":"Immolate"},{"not_picked":["Perfected Strike","Clothesline"],"picked":"Rupture"}],"player_experience":40468,"potions_floor_usage":[7,16],"damage_taken":[{"damage":4,"enemies":"2 Louse","floor":1,"turns":3},{"damage":5,"enemies":"Cultist","floor":2,"turns":4},{"damage":3,"enemies":"3 Sentries","floor":7,"turns":7},{"damage":0,"enemies":"Small Slimes","floor":10,"turns":3},{"damage":18,"enemies":"Lagavulin","floor":11,"turns":5},{"damage":0,"enemies":"2 Fungi Beasts","floor":13,"turns":2},{"damage":14,"enemies":"The Mushroom Lair","floor":14,"turns":5},{"damage":35,"enemies":"Hexaghost","floor":16,"turns":8},{"damage":11,"enemies":"Chosen","floor":18,"turns":4},{"damage":0,"enemies":"Spheric Guardian","floor":22,"turns":3},{"damage":35,"enemies":"Slaver and Parasite","floor":24,"turns":4},{"damage":7,"enemies":"Snecko","floor":28,"turns":3},{"damage":3,"enemies":"Cultist and Chosen","floor":29,"turns":2},{"damage":29,"enemies":"Centurion and Healer","floor":30,"turns":4},{"damage":34,"enemies":"Champ","floor":33,"turns":5},{"damage":18,"enemies":"Orb Walker","floor":35,"turns":3},{"damage":22,"enemies":"Mysterious Sphere","floor":36,"turns":2},{"damage":21,"enemies":"3 Darklings","floor":37,"turns":4},{"damage":49,"enemies":"Maw","floor":41,"turns":7},{"damage":56,"enemies":"2 Orb Walkers","floor":42,"turns":2}],"event_choices":[{"event_name":"Shining Light","player_choice":"Entered Light","floor":3,"damage_taken":0},{"event_name":"Golden Idol","player_choice":"Take Damage","floor":5,"damage_taken":0},{"event_name":"Big Fish","player_choice":"Donut","floor":8,"damage_taken":0},{"event_name":"Mushrooms","player_choice":"Fought Mushrooms","floor":14,"damage_taken":0},{"event_name":"Cursed Tome","player_choice":"Obtained Book","floor":19,"damage_taken":0},{"event_name":"Beggar","player_choice":"Gave Gold","floor":21,"damage_taken":0},{"event_name":"Mysterious Sphere","player_choice":"Fight","floor":36,"damage_taken":0}],"boss_relics":[{"not_picked":["Lizard Tail","Runic Dome"],"picked":"Sozu"},{"not_picked":["Calling Bell","Astrolabe"],"picked":"Runic Cube"}],"potions_floor_spawned":[1,7,16,24,28,30,35,36],"seed_played":"9054580591345229049","killed_by":"2 Orb Walkers","ascension_level":0,"is_trial":false}