{"gold_per_floor":[117,137,152,152,170,170,186,217,243,243,243,154,189,189],"floor_reached":14,"playtime":516,"items_purged":[],"score":200,"play_id":"63cb38a5-faf2-48bf-87d0-bb807bf4af5f","local_time":"20190718234646","is_ascension_mode":true,"campfire_choices":[{"data":"Streamline","floor":6,"key":"SMITH"},{"data":"Zap","floor":11,"key":"SMITH"}],"neow_cost":"NONE","seed_source_timestamp":259529406216039,"circlet_count":0,"master_deck":["AscendersBane","Strike_B","Strike_B","Strike_B","Defend_B","Defend_B","Defend_B","Defend_B","Zap+1","Dualcast","Go for the Eyes","Streamline+1","Capacitor","Sweeping Beam","Ball Lightning","Defragment"],"relics":["Cracked Core","Orichalcum","Golden Idol","Girya","Art of War","Happy Flower"],"potions_floor_usage":[8,8],"damage_taken":[{"damage":2,"enemies":"Small Slimes","floor":1,"turns":4},{"damage":2,"enemies":"2 Louse","floor":2,"turns":3},{"damage":1,"enemies":"Cultist","floor":3,"turns":4},{"damage":18,"enemies":"Lots of Slimes","floor":5,"turns":4},{"damage":0,"enemies":"2 Fungi Beasts","floor":7,"turns":3},{"damage":8,"enemies":"Gremlin Nob","floor":8,"turns":4},{"damage":28,"enemies":"Lagavulin","floor":13,"turns":4},{"damage":6,"enemies":"Exordium Wildlife","floor":14,"turns":1}],"seed_played":"1900905955453486856","potions_obtained":[{"floor":5,"key":"Strength Potion"},{"floor":7,"key":"Block Potion"}],"is_trial":false,"path_per_floor":["M","M","M","?","M","R","M","E","T","?","R","$","E","M"],"character_chosen":"DEFECT","items_purchased":["Defragment"],"campfire_rested":0,"item_purchase_floors":[12],"current_hp_per_floor":[62,60,59,59,41,41,41,33,33,33,33,33,5,0],"gold":189,"neow_bonus":"RANDOM_COMMON_RELIC","is_prod":false,"is_daily":false,"chose_seed":false,"campfire_upgraded":2,"win_rate":0,"timestamp":1563461206,"path_taken":["M","M","M","?","M","R","M","E","T","?","R","$","E","M"],"build_version":"2019-07-17","purchased_purges":0,"victory":false,"max_hp_per_floor":[71,71,71,64,64,64,64,64,64,64,64,64,64,64],"card_choices":[{"not_picked":["Steam","Leap","Turbo"],"picked":"SKIP","floor":1},{"not_picked":["Streamline","Compile Driver"],"picked":"Go for the Eyes","floor":2},{"not_picked":["Leap","Barrage"],"picked":"Streamline","floor":3},{"not_picked":["Rebound","Streamline"],"picked":"Capacitor","floor":5},{"not_picked":["Redo","Barrage"],"picked":"Sweeping Beam","floor":7},{"not_picked":["Rebound","Chaos"],"picked":"Ball Lightning","floor":8},{"not_picked":["Reprogram","Conserve Battery","Melter"],"picked":"SKIP","floor":13}],"player_experience":560227,"relics_obtained":[{"floor":8,"key":"Girya"},{"floor":9,"key":"Art of War"},{"floor":13,"key":"Happy Flower"}],"event_choices":[{"damage_healed":0,"gold_gain":0,"player_choice":"Lose Max HP","damage_taken":0,"relics_obtained":["Golden Idol"],"max_hp_gain":0,"max_hp_loss":7,"event_name":"Golden Idol","floor":4,"gold_loss":0},{"cards_removed":["Strike_B"],"damage_healed":0,"gold_gain":0,"player_choice":"Purged","damage_taken":0,"max_hp_gain":0,"max_hp_loss":0,"event_name":"Purifier","floor":10,"gold_loss":0}],"is_beta":false,"boss_relics":[],"items_purged_floors":[],"is_endless":false,"potions_floor_spawned":[5,7],"killed_by":"Exordium Wildlife","ascension_level":20}