{"gold_per_floor":[111,111,111,130,141,141,169,189,214,122,122,122,122,142,142,239,239,258,269,269,269,289,289,289],"floor_reached":24,"playtime":2266,"items_purged":[],"score":294,"play_id":"86f52888-14f3-47dd-9670-b23730a123b2","local_time":"20190710105441","is_ascension_mode":true,"campfire_choices":[{"data":"Zap","floor":6,"key":"SMITH"},{"floor":12,"key":"REST"},{"data":"Finesse","floor":15,"key":"SMITH"},{"floor":23,"key":"REST"}],"neow_cost":"NONE","seed_source_timestamp":387326937200,"circlet_count":0,"master_deck":["AscendersBane","Strike_B+1","Defend_B","Defend_B","Defend_B","Defend_B+1","Zap+1","Dualcast","Core Surge","Self Repair","Genetic Algorithm","Finesse+1","Biased Cognition","Conserve Battery+1","Coolheaded+1","Glacier","Chaos","BootSequence+1"],"relics":["Cracked Core","Art of War","Kunai","Sozu"],"potions_floor_usage":[7,14,14,16],"damage_taken":[{"damage":10,"enemies":"2 Louse","floor":1,"turns":3},{"damage":0,"enemies":"Small Slimes","floor":4,"turns":3},{"damage":0,"enemies":"Cultist","floor":5,"turns":3},{"damage":37,"enemies":"3 Sentries","floor":7,"turns":8},{"damage":7,"enemies":"Red Slaver","floor":8,"turns":4},{"damage":4,"enemies":"Exordium Thugs","floor":14,"turns":4},{"damage":6,"enemies":"The Guardian","floor":16,"turns":14},{"damage":20,"enemies":"Spheric Guardian","floor":18,"turns":4},{"damage":3,"enemies":"Chosen","floor":19,"turns":5},{"damage":38,"enemies":"3 Cultists","floor":22,"turns":10},{"damage":45,"enemies":"Gremlin Leader","floor":24,"turns":4}],"seed_played":"-3943718365160395155","potions_obtained":[{"floor":1,"key":"Swift Potion"},{"floor":7,"key":"SkillPotion"},{"floor":8,"key":"FearPotion"},{"floor":14,"key":"Explosive Potion"}],"is_trial":false,"path_per_floor":["M","?","?","M","M","R","E","M","T","$","$","R","T","M","R","B",null,"M","M","?","?","M","R","E"],"character_chosen":"DEFECT","items_purchased":["Finesse"],"campfire_rested":2,"item_purchase_floors":[10],"current_hp_per_floor":[58,43,43,43,43,43,13,13,13,13,13,35,35,38,38,39,66,53,57,57,43,12,36,0],"gold":289,"neow_bonus":"ONE_RANDOM_RARE_CARD","is_prod":false,"is_daily":false,"chose_seed":false,"campfire_upgraded":2,"win_rate":0,"timestamp":1562770481,"path_taken":["M","?","?","M","?","R","E","M","T","?","$","R","?","M","R","BOSS","M","M","?","?","M","R","E"],"build_version":"2019-07-05","purchased_purges":0,"victory":false,"max_hp_per_floor":[75,75,75,75,75,75,75,75,75,75,75,75,75,75,75,75,75,75,75,75,80,80,80,80],"card_choices":[{"not_picked":["Hello World","Steam","Sweeping Beam"],"picked":"SKIP","floor":1},{"not_picked":["Leap","Barrage","Compile Driver"],"picked":"SKIP","floor":4},{"not_picked":["Steam","Heatsinks"],"picked":"Self Repair","floor":5},{"not_picked":["Hologram","Storm"],"picked":"Genetic Algorithm","floor":7},{"not_picked":["Turbo","Blizzard","Rebound"],"picked":"SKIP","floor":8},{"not_picked":["Rebound","Ball Lightning","Fission"],"picked":"SKIP","floor":14},{"not_picked":["Electrodynamics","Buffer"],"picked":"Biased Cognition","floor":16},{"not_picked":["Hologram","Steam Power"],"picked":"Conserve Battery+1","floor":18},{"not_picked":["Self Repair","Beam Cell"],"picked":"Coolheaded+1","floor":19},{"not_picked":["Gash+1","Ball Lightning"],"picked":"BootSequence+1","floor":22}],"player_experience":370109,"relics_obtained":[{"floor":7,"key":"Art of War"},{"floor":13,"key":"Kunai"}],"event_choices":[{"damage_healed":0,"gold_gain":0,"player_choice":"Entered Light","damage_taken":15,"max_hp_gain":0,"max_hp_loss":0,"event_name":"Shining Light","floor":2,"gold_loss":0,"cards_upgraded":["Defend_B","Strike_B"]},{"cards_removed":["Strike_B"],"damage_healed":0,"gold_gain":0,"player_choice":"Card Removal","damage_taken":0,"max_hp_gain":0,"max_hp_loss":0,"event_name":"Wheel of Change","floor":3,"gold_loss":0},{"damage_healed":0,"gold_gain":0,"cards_transformed":["Strike_B","Strike_B"],"player_choice":"Became Test Subject","damage_taken":0,"max_hp_gain":0,"max_hp_loss":0,"event_name":"Drug Dealer","floor":20,"gold_loss":0,"cards_obtained":["Glacier","Chaos"]},{"damage_healed":0,"gold_gain":0,"player_choice":"Shed Blood","damage_taken":19,"max_hp_gain":5,"max_hp_loss":0,"event_name":"Forgotten Altar","floor":21,"gold_loss":0}],"is_beta":false,"boss_relics":[{"not_picked":["Snecko Eye","Busted Crown"],"picked":"Sozu"}],"items_purged_floors":[],"is_endless":false,"potions_floor_spawned":[1,7,8,14,19],"killed_by":"Gremlin Leader","ascension_level":10}