{"gold_per_floor":[117,117,117,170,245,278,278,278,278,306,94,126,126,137,137,214,214,234,248,81,81,93,93,124,124,124,124,152,164,196,223,235,322,334,358,386,498,510,422,456,473,500,570,599,611,297,297,308,308,308,308,308,3,32,32],"floor_reached":56,"playtime":5068,"items_purged":["Strike_B","Strike_B","Strike_B","Strike_B+1"],"score":2181,"play_id":"395dffd4-7c82-43d6-99f3-d2c6b6d7a624","local_time":"20190214174105","is_ascension_mode":true,"campfire_choices":[{"data":"Zap","floor":8,"key":"SMITH"},{"data":"Defragment","floor":15,"key":"SMITH"},{"floor":23,"key":"REST"},{"floor":25,"key":"REST"},{"data":"Loop","floor":29,"key":"SMITH"},{"floor":32,"key":"REST"},{"floor":47,"key":"RECALL"},{"data":"Capacitor","floor":49,"key":"SMITH"},{"floor":52,"key":"REST"}],"neow_cost":"NONE","seed_source_timestamp":2091358607669465,"circlet_count":0,"master_deck":["AscendersBane","Defend_B+1","Defend_B","Defend_B","Zap+1","Dualcast","Capacitor+1","Go for the Eyes+1","Seek+1","Reinforced Body+1","Defragment+1","Ball Lightning+1","Cold Snap","Genetic Algorithm+1","Loop+1","Echo Form","Leap+1","Hologram+1","Conserve Battery+1","Coolheaded+1","Leap+1","White Noise+1","Echo Form","Reinforced Body+1","Undo+1","Glacier+1","Coolheaded+1","Hologram+1","Static Discharge+1","Amplify+1"],"relics":["Cracked Core","NeowsBlessing","Juzu Bracelet","Bag of Marbles","Mummified Hand","Orichalcum","Toxic Egg 2","Singing Bowl","Runic Dome","Ancient Tea Set","Shuriken","MawBank","Snecko Eye","Nunchaku","Whetstone","Bottled Tornado","Blue Candle","Anchor","Vajra","Ornamental Fan"],"potions_floor_usage":[55,55],"damage_taken":[{"damage":0,"enemies":"Jaw Worm","floor":1,"turns":1},{"damage":0,"enemies":"3 Sentries","floor":6,"turns":1},{"damage":0,"enemies":"Lagavulin","floor":10,"turns":1},{"damage":12,"enemies":"3 Sentries","floor":12,"turns":7},{"damage":0,"enemies":"Small Slimes","floor":14,"turns":2},{"damage":10,"enemies":"The Guardian","floor":16,"turns":10},{"damage":23,"enemies":"3 Byrds","floor":18,"turns":5},{"damage":11,"enemies":"2 Thieves","floor":19,"turns":4},{"damage":8,"enemies":"Snecko","floor":22,"turns":5},{"damage":32,"enemies":"Slavers","floor":24,"turns":7},{"damage":7,"enemies":"Book of Stabbing","floor":28,"turns":7},{"damage":0,"enemies":"Centurion and Healer","floor":30,"turns":8},{"damage":0,"enemies":"Shelled Parasite and Fungi","floor":31,"turns":6},{"damage":21,"enemies":"Champ","floor":33,"turns":15},{"damage":9,"enemies":"3 Shapes","floor":35,"turns":4},{"damage":0,"enemies":"Orb Walker","floor":36,"turns":4},{"damage":0,"enemies":"Mind Bloom Boss Battle","floor":37,"turns":6},{"damage":0,"enemies":"Giant Head","floor":40,"turns":10},{"damage":14,"enemies":"Transient","floor":41,"turns":5},{"damage":0,"enemies":"Nemesis","floor":42,"turns":9},{"damage":0,"enemies":"Giant Head","floor":44,"turns":10},{"damage":5,"enemies":"Sphere and 2 Shapes","floor":45,"turns":5},{"damage":0,"enemies":"Writhing Mass","floor":48,"turns":8},{"damage":27,"enemies":"Awakened One","floor":50,"turns":22},{"damage":12,"enemies":"Shield and Spear","floor":54,"turns":11},{"damage":72,"enemies":"The Heart","floor":55,"turns":11}],"seed_played":"-3839698254121473929","potions_obtained":[{"floor":10,"key":"Dexterity Potion"},{"floor":16,"key":"SmokeBomb"},{"floor":24,"key":"Block Potion"},{"floor":35,"key":"Dexterity Potion"},{"floor":37,"key":"PowerPotion"},{"floor":44,"key":"PowerPotion"}],"is_trial":false,"path_per_floor":["M","?","?","T","?","E","?","R","T","E","$","E","?","M","R","B",null,"M","M","$","?","M","R","E","R","T","?","E","R","M","M","R","B",null,"M","M","?","?","$","E","M","E","T","E","M","$","R","M","R","B",null,"R","$","E","B",null],"character_chosen":"DEFECT","items_purchased":["Reinforced Body+1","Defragment","Ball Lightning","Cold Snap","Hologram+1","Conserve Battery+1","Hologram+1","Anchor","Vajra"],"campfire_rested":4,"item_purchase_floors":[11,11,11,11,20,20,46,46,53],"current_hp_per_floor":[64,46,46,46,35,35,58,58,58,58,58,46,25,25,25,15,57,34,25,25,25,19,41,11,34,34,34,27,27,27,27,50,29,65,58,58,58,58,58,60,46,46,46,48,45,45,45,45,45,18,68,85,85,73,1],"gold":32,"neow_bonus":"THREE_ENEMY_KILL","is_prod":false,"is_daily":false,"chose_seed":false,"campfire_upgraded":4,"win_rate":0,"timestamp":1550133665,"path_taken":["M","?","?","?","?","E","?","R","T","E","$","E","?","M","R","BOSS","M","M","$","?","M","R","E","R","T","?","E","R","M","M","R","BOSS","M","M","?","?","$","E","M","E","T","E","M","$","R","M","R","BOSS","R","$","E","BOSS"],"build_version":"2019-01-23","purchased_purges":4,"victory":true,"max_hp_per_floor":[71,71,71,71,71,71,71,71,71,71,71,71,71,71,71,71,71,71,73,73,73,75,75,77,77,77,77,77,77,77,77,77,77,77,79,79,79,79,79,81,81,81,81,83,85,85,85,85,85,85,85,85,85,85,85],"card_choices":[{"not_picked":["Conserve Battery","Steam"],"picked":"Capacitor","floor":1},{"not_picked":["Undo","Auto Shields"],"picked":"Go for the Eyes","floor":6},{"not_picked":["Hologram","Redo"],"picked":"Seek","floor":10},{"not_picked":["Streamline","Melter"],"picked":"Genetic Algorithm+1","floor":12},{"not_picked":["Cold Snap","Melter"],"picked":"Loop","floor":14},{"not_picked":["All For One","Reboot+1"],"picked":"Echo Form","floor":16},{"not_picked":["Rebound","Barrage"],"picked":"Leap+1","floor":18},{"not_picked":["Sweeping Beam","Melter","FTL"],"picked":"Singing Bowl","floor":19},{"not_picked":["Stack+1","Consume+1","Rebound"],"picked":"Singing Bowl","floor":22},{"not_picked":["Reprogram+1","Melter","Steam+1"],"picked":"Singing Bowl","floor":24},{"not_picked":["Undo+1","Reboot+1"],"picked":"Coolheaded+1","floor":28},{"not_picked":["Streamline","Beam Cell"],"picked":"Leap+1","floor":30},{"not_picked":["Redo+1","Go for the Eyes"],"picked":"White Noise+1","floor":31},{"not_picked":["Creative AI","Buffer"],"picked":"Echo Form","floor":33},{"not_picked":["Leap+1","Sweeping Beam+1","Auto Shields+1"],"picked":"Singing Bowl","floor":35},{"not_picked":["Gash","Turbo+1"],"picked":"Reinforced Body+1","floor":36},{"not_picked":["Tempest+1","Genetic Algorithm+1"],"picked":"Undo+1","floor":37},{"not_picked":["Skim+1","Chill+1","Compile Driver"],"picked":"Singing Bowl","floor":40},{"not_picked":["Reinforced Body+1","Darkness+1"],"picked":"Glacier+1","floor":41},{"not_picked":["Turbo+1","Cold Snap+1"],"picked":"Coolheaded+1","floor":42},{"not_picked":["Fusion+1","Beam Cell+1","White Noise+1"],"picked":"Singing Bowl","floor":44},{"not_picked":["Storm","Darkness+1","Beam Cell"],"picked":"Singing Bowl","floor":45},{"not_picked":["Cold Snap","Undo+1"],"picked":"Static Discharge+1","floor":48},{"not_picked":["Auto Shields+1","Force Field+1"],"picked":"Amplify+1","floor":54}],"player_experience":482099,"relics_obtained":[{"floor":4,"key":"Bag of Marbles"},{"floor":6,"key":"Mummified Hand"},{"floor":9,"key":"Orichalcum"},{"floor":10,"key":"Toxic Egg 2"},{"floor":12,"key":"Singing Bowl"},{"floor":24,"key":"Ancient Tea Set"},{"floor":26,"key":"Shuriken"},{"floor":28,"key":"MawBank"},{"floor":37,"key":"Nunchaku"},{"floor":40,"key":"Whetstone"},{"floor":42,"key":"Bottled Tornado"},{"floor":44,"key":"Blue Candle"},{"floor":54,"key":"Ornamental Fan"}],"event_choices":[{"damage_healed":0,"gold_gain":0,"player_choice":"Success","damage_taken":18,"relics_obtained":["Juzu Bracelet"],"max_hp_gain":0,"max_hp_loss":0,"event_name":"Scrap Ooze","floor":2,"gold_loss":0},{"damage_healed":0,"gold_gain":0,"player_choice":"Leave","damage_taken":0,"max_hp_gain":0,"max_hp_loss":0,"event_name":"The Cleric","floor":3,"gold_loss":0},{"damage_healed":0,"gold_gain":75,"player_choice":"Gather Gold","damage_taken":11,"max_hp_gain":0,"max_hp_loss":0,"event_name":"World of Goop","floor":5,"gold_loss":0},{"damage_healed":23,"gold_gain":0,"player_choice":"Banana","damage_taken":0,"max_hp_gain":0,"max_hp_loss":0,"event_name":"Big Fish","floor":7,"gold_loss":0},{"damage_healed":0,"gold_gain":0,"player_choice":"Entered Light","damage_taken":21,"max_hp_gain":0,"max_hp_loss":0,"event_name":"Shining Light","floor":13,"gold_loss":0,"cards_upgraded":["Defend_B","Strike_B"]},{"damage_healed":0,"gold_gain":0,"player_choice":"Ignored","damage_taken":0,"max_hp_gain":0,"max_hp_loss":0,"event_name":"Vampires","floor":21,"gold_loss":0},{"damage_healed":0,"gold_gain":0,"player_choice":"Ignored","damage_taken":0,"max_hp_gain":0,"max_hp_loss":0,"event_name":"Beggar","floor":27,"gold_loss":0},{"damage_healed":0,"gold_gain":0,"player_choice":"Fight","damage_taken":0,"max_hp_gain":0,"max_hp_loss":0,"event_name":"MindBloom","floor":37,"gold_loss":0},{"cards_removed":["Defend_B"],"damage_healed":0,"gold_gain":0,"player_choice":"Removed Skill","damage_taken":0,"max_hp_gain":0,"max_hp_loss":0,"event_name":"Falling","floor":38,"gold_loss":0}],"is_beta":false,"boss_relics":[{"not_picked":["Black Star","Lizard Tail"],"picked":"Runic Dome"},{"not_picked":["Tiny House","Busted Crown"],"picked":"Snecko Eye"}],"items_purged_floors":[20,39,46,53],"is_endless":false,"potions_floor_spawned":[10,16,18,19,24,31,35,37,41,44],"ascension_level":15}