{"gold_per_floor":[11,24,38,48,67,67,94,94,147,147,147,147,15,33,33,133,133,153,142,142,154,154,154,154,189,212,212,212,34,34,69,69,172,172,187,197,197,216,235,235,269,269,269,303,314,325,325,356,356,356],"floor_reached":51,"playtime":7105,"items_purged":[],"score":914,"play_id":"4e6a3294-dbde-4d06-a8b2-e8451eadb4e1","local_time":"20190627133916","is_ascension_mode":true,"campfire_choices":[{"data":"Armaments","floor":6,"key":"SMITH"},{"floor":8,"key":"REST"},{"floor":12,"key":"REST"},{"floor":15,"key":"REST"},{"floor":23,"key":"REST"},{"floor":28,"key":"REST"},{"floor":30,"key":"REST"},{"data":"Feed","floor":32,"key":"SMITH"},{"floor":40,"key":"REST"},{"floor":42,"key":"REST"},{"floor":47,"key":"REST"},{"data":"Berserk","floor":49,"key":"SMITH"}],"neow_cost":"NO_GOLD","seed_source_timestamp":842360205603800,"circlet_count":0,"master_deck":["Strike_R","Strike_R","Strike_R","Strike_R","Defend_R","Defend_R","Defend_R","Defend_R","Bash+1","Corruption","Iron Wave+1","Twin Strike","Infernal Blade","Armaments+1","Infernal Blade","Shockwave","Feel No Pain","Blood for Blood","Shrug It Off","Armaments","Flex","Warcry","Feed+1","Anger+1","Spot Weakness","Seeing Red","Intimidate","RitualDagger","Warcry","Double Tap","Pain","Fire Breathing","Whirlwind","Metallicize+1","Flex","Berserk+1","Warcry+1","Warcry+1","Violence","Apotheosis","Secret Technique","Pommel Strike","True Grit+1","Battle Trance","Twin Strike+1","Iron Wave+1","Immolate","Dual Wield+1","Twin Strike+1","Ghostly Armor","Evolve+1"],"relics":["Burning Blood","Dream Catcher","Tiny Chest","Black Star","Ornamental Fan","Bag of Preparation","Ancient Tea Set","Pen Nib","WarpedTongs","Blood Vial","Orichalcum","Omamori","Mark of Pain","Mummified Hand","Smiling Mask","Letter Opener","Regal Pillow","FossilizedHelix","Mercury Hourglass","Red Skull"],"potions_floor_usage":[16,21,25,25,33,50,50],"damage_taken":[{"damage":0,"enemies":"Small Slimes","floor":1,"turns":6},{"damage":8,"enemies":"Jaw Worm","floor":2,"turns":4},{"damage":1,"enemies":"Cultist","floor":3,"turns":4},{"damage":5,"enemies":"Large Slime","floor":4,"turns":7},{"damage":9,"enemies":"Blue Slaver","floor":5,"turns":4},{"damage":50,"enemies":"Gremlin Nob","floor":7,"turns":5},{"damage":20,"enemies":"Gremlin Gang","floor":14,"turns":6},{"damage":36,"enemies":"Hexaghost","floor":16,"turns":8},{"damage":28,"enemies":"Spheric Guardian","floor":18,"turns":6},{"damage":15,"enemies":"2 Thieves","floor":19,"turns":4},{"damage":1,"enemies":"Snake Plant","floor":21,"turns":5},{"damage":45,"enemies":"Gremlin Leader","floor":25,"turns":10},{"damage":13,"enemies":"Book of Stabbing","floor":31,"turns":5},{"damage":57,"enemies":"Automaton","floor":33,"turns":12},{"damage":34,"enemies":"Orb Walker","floor":35,"turns":6},{"damage":3,"enemies":"3 Darklings","floor":36,"turns":2},{"damage":36,"enemies":"Spire Growth","floor":38,"turns":6},{"damage":20,"enemies":"Transient","floor":39,"turns":5},{"damage":41,"enemies":"Reptomancer","floor":41,"turns":7},{"damage":0,"enemies":"Nemesis","floor":44,"turns":3},{"damage":0,"enemies":"Sphere and 2 Shapes","floor":45,"turns":3},{"damage":2,"enemies":"4 Shapes","floor":46,"turns":4},{"damage":22,"enemies":"Reptomancer","floor":48,"turns":5},{"damage":13,"enemies":"Donu and Deca","floor":50,"turns":4}],"seed_played":"-3011880568406574333","potions_obtained":[{"floor":1,"key":"GamblersBrew"},{"floor":2,"key":"SneckoOil"},{"floor":14,"key":"LiquidBronze"},{"floor":16,"key":"Dexterity Potion"},{"floor":21,"key":"SkillPotion"},{"floor":38,"key":"GamblersBrew"},{"floor":41,"key":"SteroidPotion"},{"floor":45,"key":"Strength Potion"}],"is_trial":false,"path_per_floor":["M","M","M","M","M","R","E","R","T","?","?","R","$","M","R","B",null,"M","M","?","M","?","R","T","E","T","?","R","$","R","E","R","B",null,"M","M","?","M","M","R","E","R","T","E","M","M","R","E","R","B",null],"character_chosen":"IRONCLAD","items_purchased":["Blood for Blood","Shrug It Off","Armaments","Blood Vial","Whirlwind"],"campfire_rested":9,"item_purchase_floors":[13,13,13,29,29],"current_hp_per_floor":[96,94,96,96,93,93,49,77,77,70,51,79,79,65,93,63,96,74,65,65,74,68,98,98,59,59,59,89,89,100,93,93,48,104,76,81,71,43,31,62,29,60,60,68,76,86,108,92,92,87],"gold":356,"neow_bonus":"TWENTY_PERCENT_HP_BONUS","is_prod":false,"is_daily":false,"chose_seed":false,"campfire_upgraded":3,"win_rate":0,"timestamp":1561635556,"path_taken":["M","M","M","M","M","R","E","R","T","?","?","R","?","?","R","BOSS","M","M","?","M","?","R","?","E","T","?","R","$","R","E","R","BOSS","M","?","?","M","M","R","E","R","T","E","M","M","R","E","R","BOSS"],"build_version":"2019-01-23","purchased_purges":0,"victory":true,"max_hp_per_floor":[96,96,96,96,96,96,96,96,96,96,96,96,96,96,96,96,96,96,96,96,100,100,100,100,100,100,100,100,100,100,100,100,104,104,104,104,104,104,104,104,104,104,104,104,104,108,108,108,108,108],"card_choices":[{"not_picked":["Anger","Pummel"],"picked":"Corruption","floor":1},{"not_picked":["Burning Pact","Heavy Blade"],"picked":"Iron Wave","floor":2},{"not_picked":["Sever Soul","Clash"],"picked":"Twin Strike","floor":3},{"not_picked":["Flex","Warcry"],"picked":"Infernal Blade","floor":4},{"not_picked":["Body Slam","Iron Wave"],"picked":"Armaments","floor":5},{"not_picked":["Warcry","Carnage"],"picked":"Infernal Blade","floor":7},{"not_picked":["Reckless Charge","Rampage"],"picked":"Shockwave","floor":8},{"not_picked":["Body Slam","Flex"],"picked":"Feel No Pain","floor":12},{"not_picked":["Heavy Blade","Clothesline"],"picked":"Flex","floor":14},{"not_picked":["True Grit","Hemokinesis"],"picked":"Warcry","floor":15},{"not_picked":["Immolate","Brutality"],"picked":"Feed","floor":16},{"not_picked":["Clothesline","Body Slam"],"picked":"Anger+1","floor":18},{"not_picked":["Sever Soul","Twin Strike"],"picked":"Spot Weakness","floor":19},{"not_picked":["Corruption+1","Iron Wave+1"],"picked":"Intimidate","floor":21},{"not_picked":["Heavy Blade","True Grit"],"picked":"Warcry","floor":23},{"not_picked":["Rupture","Cleave"],"picked":"Double Tap","floor":25},{"not_picked":["Hemokinesis","Perfected Strike"],"picked":"Fire Breathing","floor":28},{"not_picked":["Clothesline","Shrug It Off"],"picked":"Metallicize+1","floor":30},{"not_picked":["Pommel Strike","Sword Boomerang"],"picked":"Flex","floor":31},{"not_picked":["Immolate","Brutality"],"picked":"Berserk","floor":33},{"not_picked":["Perfected Strike+1","Clothesline"],"picked":"Warcry+1","floor":35},{"not_picked":["Pummel+1","Shrug It Off"],"picked":"Warcry+1","floor":36},{"not_picked":["Good Instincts","Madness"],"picked":"Violence","floor":37},{"not_picked":["Purity","Bandage Up"],"picked":"Apotheosis","floor":37},{"not_picked":["Secret Weapon","Jack Of All Trades"],"picked":"Secret Technique","floor":37},{"not_picked":["Shrug It Off","Body Slam"],"picked":"Pommel Strike","floor":38},{"not_picked":["Spot Weakness+1","Burning Pact+1"],"picked":"True Grit+1","floor":39},{"not_picked":["Bloodletting","Rupture"],"picked":"Battle Trance","floor":40},{"not_picked":["Sword Boomerang","Clash+1"],"picked":"Twin Strike+1","floor":41},{"not_picked":["Sword Boomerang+1","Clothesline"],"picked":"Iron Wave+1","floor":42},{"not_picked":["Anger+1","Headbutt+1"],"picked":"Immolate","floor":44},{"not_picked":["Iron Wave","Feel No Pain+1"],"picked":"Dual Wield+1","floor":45},{"not_picked":["Dual Wield","Anger+1"],"picked":"Twin Strike+1","floor":46},{"not_picked":["Bloodletting+1","Pummel"],"picked":"Ghostly Armor","floor":47},{"not_picked":["Wild Strike+1","Power Through+1"],"picked":"Evolve+1","floor":48}],"player_experience":33212,"relics_obtained":[{"floor":7,"key":"Dream Catcher"},{"floor":9,"key":"Tiny Chest"},{"floor":24,"key":"Ornamental Fan"},{"floor":25,"key":"Bag of Preparation"},{"floor":25,"key":"Ancient Tea Set"},{"floor":26,"key":"Pen Nib"},{"floor":31,"key":"Orichalcum"},{"floor":31,"key":"Omamori"},{"floor":41,"key":"Mummified Hand"},{"floor":41,"key":"Smiling Mask"},{"floor":43,"key":"Letter Opener"},{"floor":44,"key":"Regal Pillow"},{"floor":44,"key":"FossilizedHelix"},{"floor":48,"key":"Mercury Hourglass"},{"floor":48,"key":"Red Skull"}],"event_choices":[{"cards_removed":["Strike_R"],"damage_healed":0,"gold_gain":0,"player_choice":"Card Removal","damage_taken":7,"max_hp_gain":0,"max_hp_loss":0,"event_name":"Golden Wing","floor":10,"gold_loss":0},{"damage_healed":0,"gold_gain":0,"player_choice":"Entered Light","damage_taken":19,"max_hp_gain":0,"max_hp_loss":0,"event_name":"Shining Light","floor":11,"gold_loss":0,"cards_upgraded":["Bash","Iron Wave"]},{"damage_healed":0,"gold_gain":0,"player_choice":"Read","damage_taken":0,"max_hp_gain":0,"max_hp_loss":0,"event_name":"The Library","floor":20,"gold_loss":0,"cards_obtained":["Seeing Red"]},{"damage_healed":0,"gold_gain":0,"player_choice":"Joined the Cult","damage_taken":6,"max_hp_gain":0,"max_hp_loss":0,"event_name":"Nest","floor":22,"gold_loss":0,"cards_obtained":["RitualDagger"]},{"damage_healed":0,"gold_gain":0,"player_choice":"Rummage","damage_taken":0,"relics_obtained":["WarpedTongs"],"max_hp_gain":0,"max_hp_loss":0,"event_name":"Accursed Blacksmith","floor":27,"gold_loss":0,"cards_obtained":["Pain"]},{"damage_healed":0,"gold_gain":0,"player_choice":"Memory 3","damage_taken":10,"max_hp_gain":0,"max_hp_loss":0,"event_name":"SensoryStone","floor":37,"gold_loss":0}],"is_beta":false,"boss_relics":[{"not_picked":["Fusion Hammer","Black Blood"],"picked":"Black Star"},{"not_picked":["White Beast Statue","Runic Dome"],"picked":"Mark of Pain"}],"items_purged_floors":[],"is_endless":false,"potions_floor_spawned":[1,2,14,16,18,21,38,41,45,48],"ascension_level":1}