{"gold_per_floor":[116,136,136,147,159,190,190,190,190,216,232,232,250,277,277,350,350,370,389,439,451,451],"floor_reached":22,"playtime":1035,"items_purged":[],"score":416,"play_id":"0062019b-4445-4a51-8481-fd24f3d003b9","local_time":"20190309191134","is_ascension_mode":true,"campfire_choices":[{"data":"Uppercut","floor":7,"key":"SMITH"},{"data":"Whirlwind","floor":12,"key":"SMITH"},{"data":"Flame Barrier","floor":15,"key":"SMITH"}],"neow_cost":"NONE","seed_source_timestamp":1947790237830165,"circlet_count":0,"master_deck":["AscendersBane","Strike_R","Strike_R","Strike_R","Strike_R","Strike_R","Defend_R","Defend_R","Defend_R","Defend_R","Bash","Anger+1","Flame Barrier+1","Uppercut+1","Whirlwind+1","Warcry","Demon Form+1","Shrug It Off","Reaper","Corruption+1"],"relics":["Burning Blood","NeowsBlessing","Frozen Egg 2","Ice Cream","Peace Pipe","Bottled Tornado","Mark of Pain"],"potions_floor_usage":[10,21,22],"damage_taken":[{"damage":0,"enemies":"Cultist","floor":1,"turns":1},{"damage":0,"enemies":"Small Slimes","floor":2,"turns":1},{"damage":0,"enemies":"2 Louse","floor":4,"turns":1},{"damage":5,"enemies":"Blue Slaver","floor":5,"turns":5},{"damage":22,"enemies":"Gremlin Nob","floor":6,"turns":4},{"damage":23,"enemies":"3 Sentries","floor":10,"turns":7},{"damage":20,"enemies":"Gremlin Gang","floor":11,"turns":5},{"damage":9,"enemies":"Large Slime","floor":13,"turns":4},{"damage":15,"enemies":"Lagavulin","floor":14,"turns":6},{"damage":10,"enemies":"Hexaghost","floor":16,"turns":7},{"damage":0,"enemies":"3 Byrds","floor":18,"turns":3},{"damage":42,"enemies":"Shell Parasite","floor":19,"turns":5},{"damage":21,"enemies":"Sentry and Sphere","floor":21,"turns":4},{"damage":43,"enemies":"Snake Plant","floor":22,"turns":2}],"seed_played":"-2868863835631469840","potions_obtained":[{"floor":1,"key":"Swift Potion"},{"floor":2,"key":"LiquidBronze"},{"floor":5,"key":"Block Potion"},{"floor":13,"key":"Swift Potion"},{"floor":18,"key":"Strength Potion"}],"is_trial":false,"path_per_floor":["M","M","?","M","M","E","R","?","T","E","M","R","M","E","R","B",null,"M","M","?","M","M"],"character_chosen":"IRONCLAD","items_purchased":[],"campfire_rested":0,"item_purchase_floors":[],"current_hp_per_floor":[74,75,75,75,75,59,59,64,64,47,33,33,30,21,21,17,64,70,34,34,31,0],"gold":451,"neow_bonus":"THREE_ENEMY_KILL","is_prod":false,"is_daily":false,"chose_seed":false,"campfire_upgraded":3,"win_rate":0,"timestamp":1552126294,"path_taken":["M","?","?","M","?","E","R","?","T","E","M","R","M","E","R","BOSS","M","M","?","?","M"],"build_version":"2019-01-23","purchased_purges":0,"victory":false,"max_hp_per_floor":[75,75,75,75,75,75,75,80,80,80,80,80,80,80,80,80,80,80,80,80,80,80],"card_choices":[{"not_picked":["Seeing Red","Perfected Strike"],"picked":"Anger","floor":1},{"not_picked":["Body Slam","Headbutt"],"picked":"Flame Barrier","floor":2},{"not_picked":["Wild Strike","Twin Strike"],"picked":"Uppercut","floor":4},{"not_picked":["Ghostly Armor","Body Slam"],"picked":"Whirlwind","floor":5},{"not_picked":["Dropkick","Clash"],"picked":"Warcry","floor":6},{"not_picked":["Perfected Strike","Headbutt","Wild Strike"],"picked":"SKIP","floor":10},{"not_picked":["Clash","Sword Boomerang"],"picked":"Demon Form+1","floor":11},{"not_picked":["Twin Strike","Cleave","Metallicize+1"],"picked":"SKIP","floor":13},{"not_picked":["Warcry","Armaments"],"picked":"Shrug It Off","floor":14},{"not_picked":["Juggernaut+1","Fiend Fire"],"picked":"Reaper","floor":16},{"not_picked":["Warcry","Bloodletting+1"],"picked":"Corruption+1","floor":18},{"not_picked":["Cleave+1","Body Slam","Havoc"],"picked":"SKIP","floor":19},{"not_picked":["Burning Pact","Pommel Strike","Cleave"],"picked":"SKIP","floor":21}],"player_experience":521994,"relics_obtained":[{"floor":6,"key":"Frozen Egg 2"},{"floor":9,"key":"Ice Cream"},{"floor":10,"key":"Peace Pipe"},{"floor":14,"key":"Bottled Tornado"}],"event_choices":[{"damage_healed":0,"gold_gain":0,"player_choice":"Upgraded","damage_taken":0,"max_hp_gain":0,"max_hp_loss":0,"event_name":"Upgrade Shrine","floor":3,"gold_loss":0,"cards_upgraded":["Anger"]},{"damage_healed":0,"gold_gain":0,"player_choice":"Donut","damage_taken":0,"max_hp_gain":5,"max_hp_loss":0,"event_name":"Big Fish","floor":8,"gold_loss":0},{"damage_healed":0,"gold_gain":50,"player_choice":"Pray","damage_taken":0,"max_hp_gain":0,"max_hp_loss":0,"event_name":"Golden Shrine","floor":20,"gold_loss":0}],"is_beta":false,"boss_relics":[{"not_picked":["Lizard Tail","Black Star"],"picked":"Mark of Pain"}],"items_purged_floors":[],"is_endless":false,"potions_floor_spawned":[1,2,5,13,14,18,19],"killed_by":"Snake Plant","ascension_level":20}