{"gold_per_floor":[112,130,141,154,165,165,198,198,198,198,217,217,232,251,251,352,352,342,342,342,322,38,70,70,102,102,114,114,130,143,143,143,241,241,252,270,282,293,293],"floor_reached":39,"playtime":3029,"items_purged":[],"score":452,"play_id":"8cc118ea-650d-41ed-b54c-6fe7ba56716a","local_time":"20190714152603","is_ascension_mode":false,"campfire_choices":[{"data":"Body Slam","floor":6,"key":"SMITH"},{"data":"Bash","floor":8,"key":"SMITH"},{"data":"True Grit","floor":10,"key":"SMITH"},{"data":"Armaments","floor":12,"key":"SMITH"},{"data":"Offering","floor":15,"key":"SMITH"},{"data":"Demon Form","floor":24,"key":"SMITH"},{"data":"Clothesline","floor":28,"key":"SMITH"},{"data":"Warcry","floor":32,"key":"SMITH"}],"neow_cost":"NONE","seed_source_timestamp":13716487155507,"circlet_count":0,"master_deck":["Defend_R+1","Defend_R+1","Defend_R+1","Defend_R+1","Bash+1","Impatience","Body Slam+1","True Grit+1","Anger","Armaments+1","Shrug It Off","Offering+1","Clothesline+1","Ghostly Armor","Demon Form+1","Bite","Bite","Bite","Bite","Bite","Spot Weakness","Shockwave+1","Twin Strike","Whirlwind+1","Warcry+1","Reaper","Doubt","Decay","Pain","Rupture+1","Feel No Pain+1","Sword Boomerang+1"],"relics":["Black Blood","Happy Flower","Vajra","Medical Kit","Potion Belt","Mummified Hand","Bag of Preparation","MutagenicStrength","Calling Bell","Orichalcum","Molten Egg 2","Nunchaku"],"potions_floor_usage":[5,14,23,33,37],"damage_taken":[{"damage":5,"enemies":"Cultist","floor":1,"turns":4},{"damage":1,"enemies":"2 Louse","floor":2,"turns":2},{"damage":6,"enemies":"Small Slimes","floor":3,"turns":4},{"damage":9,"enemies":"Red Slaver","floor":4,"turns":4},{"damage":4,"enemies":"3 Louse","floor":5,"turns":5},{"damage":25,"enemies":"Gremlin Nob","floor":7,"turns":4},{"damage":9,"enemies":"Gremlin Gang","floor":11,"turns":4},{"damage":6,"enemies":"Exordium Wildlife","floor":13,"turns":2},{"damage":0,"enemies":"3 Louse","floor":14,"turns":2},{"damage":18,"enemies":"The Guardian","floor":16,"turns":12},{"damage":7,"enemies":"2 Thieves","floor":18,"turns":4},{"damage":38,"enemies":"Slavers","floor":23,"turns":5},{"damage":22,"enemies":"Book of Stabbing","floor":25,"turns":6},{"damage":14,"enemies":"Spheric Guardian","floor":27,"turns":6},{"damage":13,"enemies":"3 Cultists","floor":29,"turns":5},{"damage":8,"enemies":"Cultist and Chosen","floor":30,"turns":5},{"damage":51,"enemies":"Collector","floor":33,"turns":8},{"damage":13,"enemies":"Orb Walker","floor":35,"turns":2},{"damage":6,"enemies":"3 Darklings","floor":36,"turns":1},{"damage":43,"enemies":"Transient","floor":37,"turns":5},{"damage":36,"enemies":"4 Shapes","floor":38,"turns":4},{"damage":47,"enemies":"Spire Growth","floor":39,"turns":5}],"seed_played":"4126010814057691444","potions_obtained":[{"floor":3,"key":"SpeedPotion"},{"floor":5,"key":"Fruit Juice"},{"floor":11,"key":"SkillPotion"},{"floor":14,"key":"Fruit Juice"},{"floor":16,"key":"GamblersBrew"},{"floor":21,"key":"PowerPotion"},{"floor":23,"key":"SpeedPotion"},{"floor":25,"key":"GamblersBrew"},{"floor":29,"key":"Swift Potion"},{"floor":33,"key":"Strength Potion"},{"floor":37,"key":"BloodPotion"},{"floor":38,"key":"Fire Potion"}],"is_trial":false,"path_per_floor":["M","M","M","M","M","R","E","R","T","R","M","R","M","M","R","B",null,"M","?","?","?","$","E","R","E","T","M","R","M","M","?","R","B",null,"M","M","M","M","M"],"character_chosen":"IRONCLAD","items_purchased":["Spot Weakness","Medical Kit"],"campfire_rested":0,"item_purchase_floors":[22,22],"current_hp_per_floor":[80,80,80,77,84,84,65,65,65,65,62,62,62,73,73,61,90,90,62,62,62,62,49,49,46,46,54,54,61,62,62,62,29,62,62,62,34,40,0],"gold":293,"neow_bonus":"RANDOM_COLORLESS","is_prod":false,"is_daily":false,"chose_seed":false,"campfire_upgraded":8,"win_rate":0,"timestamp":1563110763,"path_taken":["M","M","M","?","M","R","E","R","T","R","M","R","M","M","R","BOSS","M","?","?","?","$","E","R","E","T","M","R","M","?","?","R","BOSS","M","M","M","M","M"],"build_version":"2019-07-05","purchased_purges":0,"victory":false,"max_hp_per_floor":[80,80,80,80,85,85,85,85,85,85,85,85,85,90,90,90,90,90,62,62,62,62,62,62,62,62,62,62,62,62,62,62,62,62,62,62,62,62,62],"card_choices":[{"not_picked":["Armaments","Evolve"],"picked":"Body Slam","floor":1},{"not_picked":["Warcry","Infernal Blade"],"picked":"True Grit","floor":2},{"not_picked":["Headbutt","Flame Barrier"],"picked":"Anger","floor":3},{"not_picked":["Perfected Strike","Heavy Blade"],"picked":"Armaments","floor":4},{"not_picked":["Perfected Strike","Thunderclap"],"picked":"Shrug It Off","floor":5},{"not_picked":["Flex","Dropkick"],"picked":"Offering","floor":7},{"not_picked":["Armaments","Second Wind"],"picked":"Clothesline","floor":11},{"not_picked":["Heavy Blade","Headbutt"],"picked":"Ghostly Armor","floor":13},{"not_picked":["Rage","Fire Breathing","Bloodletting"],"picked":"SKIP","floor":14},{"not_picked":["Barricade","Brutality"],"picked":"Demon Form","floor":16},{"not_picked":["Flex+1","Dual Wield","Seeing Red+1"],"picked":"SKIP","floor":18},{"not_picked":["Flame Barrier","Wild Strike"],"picked":"Shockwave+1","floor":23},{"not_picked":["Iron Wave","Fire Breathing+1"],"picked":"Twin Strike","floor":25},{"not_picked":["Fire Breathing","Dropkick","Sword Boomerang"],"picked":"SKIP","floor":27},{"not_picked":["Cleave","Havoc"],"picked":"Whirlwind+1","floor":29},{"not_picked":["Wild Strike","Clothesline"],"picked":"Warcry","floor":30},{"not_picked":["Limit Break","Demon Form"],"picked":"Reaper","floor":33},{"not_picked":["Whirlwind+1","Flex"],"picked":"Rupture+1","floor":35},{"not_picked":["True Grit","Uppercut+1"],"picked":"Feel No Pain+1","floor":36},{"not_picked":["Rage","Pummel+1"],"picked":"Sword Boomerang+1","floor":37},{"not_picked":["Flex","Sword Boomerang+1","Pommel Strike+1"],"picked":"SKIP","floor":38}],"player_experience":468284,"relics_obtained":[{"floor":7,"key":"Happy Flower"},{"floor":9,"key":"Vajra"},{"floor":23,"key":"Potion Belt"},{"floor":25,"key":"Mummified Hand"},{"floor":26,"key":"Bag of Preparation"},{"floor":34,"key":"Orichalcum"},{"floor":34,"key":"Molten Egg 2"},{"floor":34,"key":"Nunchaku"}],"event_choices":[{"damage_healed":0,"gold_gain":0,"player_choice":"Became a vampire","damage_taken":0,"max_hp_gain":0,"max_hp_loss":28,"event_name":"Vampires","floor":19,"gold_loss":0,"cards_obtained":["Bite","Bite","Bite","Bite","Bite"]},{"damage_healed":0,"gold_gain":0,"player_choice":"Simplicity","damage_taken":0,"max_hp_gain":0,"max_hp_loss":0,"event_name":"Back to Basics","floor":20,"gold_loss":0,"cards_upgraded":["Defend_R","Defend_R","Defend_R","Defend_R"]},{"damage_healed":0,"gold_gain":0,"player_choice":"Bought 1 Potion","damage_taken":0,"max_hp_gain":0,"max_hp_loss":0,"event_name":"The Woman in Blue","floor":21,"gold_loss":0},{"damage_healed":0,"gold_gain":0,"player_choice":"Inject Mutagens","damage_taken":0,"relics_obtained":["MutagenicStrength"],"max_hp_gain":0,"max_hp_loss":0,"event_name":"Drug Dealer","floor":31,"gold_loss":0}],"is_beta":false,"boss_relics":[{"not_picked":["Eternal Feather","Runic Dome"],"picked":"Black Blood"},{"not_picked":["Snecko Eye","Lizard Tail"],"picked":"Calling Bell"}],"items_purged_floors":[],"is_endless":false,"potions_floor_spawned":[3,5,11,14,16,23,25,29,33,36,37,38],"killed_by":"Spire Growth","ascension_level":0}