{"gold_per_floor":[118,118,135,145,160,160,195,195,249,249,279,291,291,256,256,355,355,326,251,166,166,182,182,182],"floor_reached":24,"playtime":1586,"items_purged":["Strike_B"],"score":306,"play_id":"3f98c87f-7fa5-455f-87a3-4596b6771873","local_time":"20190621121722","is_ascension_mode":true,"campfire_choices":[{"floor":6,"key":"REST"},{"data":"Go for the Eyes","floor":8,"key":"SMITH"},{"floor":10,"key":"REST"},{"floor":13,"key":"REST"},{"floor":15,"key":"RECALL"},{"floor":23,"key":"REST"}],"neow_cost":"PERCENT_DAMAGE","seed_source_timestamp":193223102000,"circlet_count":0,"master_deck":["AscendersBane","Strike_B","Defend_B","Defend_B","Defend_B","Defend_B","Zap","Dualcast","Multi-Cast","Sweeping Beam","Glacier","Coolheaded","Go for the Eyes+1","FTL","Core Surge","Conserve Battery"],"relics":["FrozenCore","Blood Vial","Happy Flower","Orichalcum","Oddly Smooth Stone","Nloth\u0027s Gift"],"potions_floor_usage":[7,22],"damage_taken":[{"damage":4,"enemies":"2 Louse","floor":1,"turns":3},{"damage":8,"enemies":"Jaw Worm","floor":3,"turns":4},{"damage":1,"enemies":"Cultist","floor":4,"turns":3},{"damage":8,"enemies":"Blue Slaver","floor":5,"turns":5},{"damage":21,"enemies":"3 Sentries","floor":7,"turns":13},{"damage":35,"enemies":"Lagavulin","floor":11,"turns":9},{"damage":2,"enemies":"2 Fungi Beasts","floor":12,"turns":4},{"damage":32,"enemies":"The Guardian","floor":16,"turns":20},{"damage":17,"enemies":"2 Thieves","floor":18,"turns":5},{"damage":23,"enemies":"3 Byrds","floor":22,"turns":6},{"damage":55,"enemies":"Gremlin Leader","floor":24,"turns":7}],"seed_played":"-2526907858802468612","potions_obtained":[{"floor":1,"key":"Swift Potion"},{"floor":5,"key":"FearPotion"},{"floor":16,"key":"Poison Potion"}],"is_trial":false,"path_per_floor":["M","?","M","M","M","R","E","R","T","R","E","M","R","?","R","B",null,"M","$","?","?","M","R","E"],"character_chosen":"DEFECT","items_purchased":[],"campfire_rested":4,"item_purchase_floors":[],"current_hp_per_floor":[46,43,35,34,26,48,27,27,27,49,16,16,38,56,56,26,63,48,48,48,48,27,49,0],"gold":182,"neow_bonus":"TRANSFORM_TWO_CARDS","is_prod":false,"is_daily":false,"chose_seed":false,"campfire_upgraded":1,"win_rate":0,"timestamp":1561133842,"path_taken":["M","?","M","M","M","R","E","R","T","R","E","M","R","?","R","BOSS","M","$","?","?","M","R","E"],"build_version":"2019-01-23","purchased_purges":1,"victory":false,"max_hp_per_floor":[75,75,75,75,75,75,75,75,75,75,75,75,75,75,75,75,75,75,75,75,75,75,75,75],"card_choices":[{"not_picked":["Rebound","Conserve Battery"],"picked":"Glacier","floor":1},{"not_picked":["Compile Driver","Sweeping Beam","Blizzard"],"picked":"SKIP","floor":3},{"not_picked":["Aggregate","Steam"],"picked":"Coolheaded","floor":4},{"not_picked":["Barrage","Steam"],"picked":"Go for the Eyes","floor":5},{"not_picked":["Chaos","Fusion"],"picked":"FTL","floor":7},{"not_picked":["Beam Cell","Compile Driver","Leap"],"picked":"SKIP","floor":11},{"not_picked":["Stack","Coolheaded","Force Field"],"picked":"SKIP","floor":12},{"not_picked":["Multi-Cast","Seek"],"picked":"Core Surge","floor":16},{"not_picked":["Genetic Algorithm","Storm"],"picked":"Conserve Battery","floor":18},{"not_picked":["Auto Shields","Steam Power","Consume"],"picked":"SKIP","floor":22}],"player_experience":364005,"relics_obtained":[{"floor":7,"key":"Blood Vial"},{"floor":9,"key":"Happy Flower"},{"floor":11,"key":"Orichalcum"}],"event_choices":[{"damage_healed":0,"gold_gain":0,"player_choice":"Success","damage_taken":3,"relics_obtained":["Ornamental Fan"],"max_hp_gain":0,"max_hp_loss":0,"event_name":"Scrap Ooze","floor":2,"gold_loss":0},{"damage_healed":18,"gold_gain":0,"player_choice":"Healed","damage_taken":0,"max_hp_gain":0,"max_hp_loss":0,"event_name":"The Cleric","floor":14,"gold_loss":35},{"damage_healed":0,"gold_gain":0,"player_choice":"Obtained Relic","damage_taken":0,"relics_obtained":["Oddly Smooth Stone"],"max_hp_gain":0,"max_hp_loss":0,"event_name":"Addict","floor":20,"gold_loss":85},{"damage_healed":0,"gold_gain":0,"player_choice":"Traded Relic","damage_taken":0,"relics_obtained":["Nloth\u0027s Gift"],"max_hp_gain":0,"max_hp_loss":0,"event_name":"N\u0027loth","floor":21,"relics_lost":["Ornamental Fan"],"gold_loss":0}],"is_beta":false,"boss_relics":[{"not_picked":["Nuclear Battery","Empty Cage"],"picked":"FrozenCore"}],"items_purged_floors":[19],"is_endless":false,"potions_floor_spawned":[1,5,16],"killed_by":"Gremlin Leader","ascension_level":10}