{"gold_per_floor":[111,111,29,46,221,281,281,304,304,315,315,340,354,31,31,129,129,142,142,159,4,22,22],"floor_reached":23,"playtime":1963,"items_purged":["Strike_B"],"score":301,"play_id":"26f0f4ed-5d5d-4dea-9d39-56eac5055134","local_time":"20190717143315","is_ascension_mode":true,"campfire_choices":[{"data":"Apotheosis","floor":7,"key":"SMITH"},{"floor":15,"key":"RECALL"}],"neow_cost":"TEN_PERCENT_HP_LOSS","seed_source_timestamp":550402633064191,"circlet_count":0,"master_deck":["Strike_B","Strike_B","Strike_B","Defend_B","Defend_B","Defend_B","Defend_B","Zap","Dualcast","Apotheosis+1","Madness","Genetic Algorithm","Chill","Hologram","Defragment","Barrage","Glacier","Conserve Battery","Core Surge","Redo"],"relics":["Cracked Core","Tiny Chest","Regal Pillow","Singing Bowl","Black Star","Nloth\u0027s Gift","Potion Belt"],"potions_floor_usage":[6,12],"damage_taken":[{"damage":0,"enemies":"Cultist","floor":1,"turns":3},{"damage":2,"enemies":"2 Louse","floor":4,"turns":3},{"damage":10,"enemies":"Lagavulin","floor":6,"turns":5},{"damage":1,"enemies":"Jaw Worm","floor":10,"turns":3},{"damage":0,"enemies":"3 Sentries","floor":12,"turns":7},{"damage":0,"enemies":"2 Fungi Beasts","floor":13,"turns":3},{"damage":0,"enemies":"Hexaghost","floor":16,"turns":12},{"damage":0,"enemies":"2 Thieves","floor":18,"turns":5},{"damage":1,"enemies":"Spheric Guardian","floor":20,"turns":6},{"damage":0,"enemies":"Centurion and Healer","floor":22,"turns":9},{"damage":74,"enemies":"Gremlin Leader","floor":23,"turns":10}],"seed_played":"-7779210117406536752","potions_obtained":[{"floor":1,"key":"SkillPotion"},{"floor":4,"key":"Poison Potion"},{"floor":6,"key":"Fire Potion"},{"floor":13,"key":"Dexterity Potion"},{"floor":20,"key":"Swift Potion"},{"floor":22,"key":"Poison Potion"}],"is_trial":false,"path_per_floor":["M","?","$","M","?","E","R","T","T","M","?","E","M","$","R","B",null,"M","?","M","$","M","E"],"character_chosen":"DEFECT","items_purchased":["Chill","Singing Bowl","Potion Belt"],"campfire_rested":0,"item_purchase_floors":[3,14,21],"current_hp_per_floor":[68,68,68,66,66,56,56,56,56,55,48,48,48,48,48,48,68,70,70,71,71,71,0],"gold":22,"neow_bonus":"RANDOM_COLORLESS_2","is_prod":false,"is_daily":false,"chose_seed":false,"campfire_upgraded":1,"win_rate":0,"timestamp":1563399195,"path_taken":["M","?","$","M","?","E","R","?","T","M","?","E","M","$","R","BOSS","M","?","?","$","M","E"],"build_version":"2019-07-05","purchased_purges":1,"victory":false,"max_hp_per_floor":[68,68,68,68,68,68,68,68,68,68,68,68,68,68,68,68,68,70,70,72,72,72,72],"card_choices":[{"not_picked":["Compile Driver","Cold Snap"],"picked":"Genetic Algorithm","floor":1},{"not_picked":["Turbo","Recycle"],"picked":"Hologram","floor":4},{"not_picked":["Force Field","Streamline"],"picked":"Defragment","floor":6},{"not_picked":["Rebound","Go for the Eyes"],"picked":"Barrage","floor":10},{"not_picked":["Go for the Eyes","Cold Snap"],"picked":"Glacier","floor":12},{"not_picked":["Coolheaded","Machine Learning"],"picked":"Conserve Battery","floor":13},{"not_picked":["Thunder Strike","Meteor Strike"],"picked":"Core Surge","floor":16},{"not_picked":["Sweeping Beam","Compile Driver","Hello World+1"],"picked":"Singing Bowl","floor":18},{"not_picked":["Ball Lightning","Sweeping Beam+1","Hello World+1"],"picked":"Singing Bowl","floor":20},{"not_picked":["Turbo","Darkness"],"picked":"Redo","floor":22}],"player_experience":171239,"relics_obtained":[{"floor":6,"key":"Tiny Chest"},{"floor":9,"key":"Blue Candle"},{"floor":12,"key":"Regal Pillow"}],"event_choices":[{"damage_healed":0,"gold_gain":0,"player_choice":"Ignored","damage_taken":0,"max_hp_gain":0,"max_hp_loss":0,"event_name":"Shining Light","floor":2,"gold_loss":0},{"damage_healed":0,"gold_gain":175,"player_choice":"AGREE","damage_taken":0,"max_hp_gain":0,"max_hp_loss":0,"event_name":"Liars Game","floor":5,"gold_loss":0,"cards_obtained":["Doubt"]},{"cards_removed":["Doubt"],"damage_healed":0,"gold_gain":0,"player_choice":"Card Removal","damage_taken":7,"max_hp_gain":0,"max_hp_loss":0,"event_name":"Golden Wing","floor":11,"gold_loss":0},{"damage_healed":0,"gold_gain":0,"player_choice":"Traded Relic","damage_taken":0,"relics_obtained":["Nloth\u0027s Gift"],"max_hp_gain":0,"max_hp_loss":0,"event_name":"N\u0027loth","floor":19,"relics_lost":["Blue Candle"],"gold_loss":0}],"is_beta":false,"boss_relics":[{"not_picked":["Runic Dome","Orrery"],"picked":"Black Star"}],"items_purged_floors":[14],"is_endless":false,"potions_floor_spawned":[1,4,6,13,20,22],"killed_by":"Gremlin Leader","ascension_level":2}