{"gold_per_floor":[116,133,152,77,93,93,121,121,121,141,152,172,199,274,274,346,346,359,376,387,387,387,387,387],"floor_reached":24,"playtime":1226,"items_purged":[],"score":368,"play_id":"9d6f6626-671a-461e-a096-c4977f8b4fd8","local_time":"20190720110500","is_ascension_mode":true,"campfire_choices":[{"data":"True Grit","floor":6.0,"key":"SMITH"},{"floor":8.0,"key":"REST"},{"floor":15.0,"key":"REST"},{"floor":23,"key":"REST"}],"neow_cost":"NONE","seed_source_timestamp":0,"circlet_count":0,"master_deck":["AscendersBane","Bash","Iron Wave","True Grit+1","Pummel","Ghostly Armor","Twin Strike","Spot Weakness","Heavy Blade","Immolate","Limit Break","Rupture","Entrench","Whirlwind","Sentinel","Infernal Blade","Dropkick","Feel No Pain","True Grit","Uppercut+1"],"special_seed":0,"relics":["Burning Blood","Centennial Puzzle","Matryoshka","Charon\u0027s Ashes","Pandora\u0027s Box","GremlinMask"],"potions_floor_usage":[24],"damage_taken":[{"damage":10.0,"enemies":"Cultist","floor":1.0,"turns":5.0},{"damage":0.0,"enemies":"2 Louse","floor":2.0,"turns":2.0},{"damage":7.0,"enemies":"Small Slimes","floor":3.0,"turns":3.0},{"damage":19.0,"enemies":"Exordium Thugs","floor":5.0,"turns":6.0},{"damage":35.0,"enemies":"Gremlin Nob","floor":7.0,"turns":5.0},{"damage":4.0,"enemies":"2 Fungi Beasts","floor":10.0,"turns":4.0},{"damage":0.0,"enemies":"3 Louse","floor":11.0,"turns":4.0},{"damage":13.0,"enemies":"Blue Slaver","floor":12.0,"turns":3.0},{"damage":21.0,"enemies":"Lagavulin","floor":13.0,"turns":7.0},{"damage":42.0,"enemies":"The Guardian","floor":16.0,"turns":11.0},{"damage":10,"enemies":"Shell Parasite","floor":18,"turns":4},{"damage":19,"enemies":"Chosen","floor":19,"turns":5},{"damage":49,"enemies":"Snecko","floor":20,"turns":6},{"damage":35,"enemies":"Gremlin Leader","floor":24,"turns":4}],"seed_played":"-1251007382942641707","potions_obtained":[{"floor":3.0,"key":"FearPotion"},{"floor":10.0,"key":"Strength Potion"},{"floor":11.0,"key":"Explosive Potion"},{"floor":13.0,"key":"LiquidBronze"},{"floor":18,"key":"Dexterity Potion"}],"is_trial":false,"path_per_floor":["M","M","M","?","M","R","E","R","T","M","M","M","E","?","R","B",null,"M","M","M","?","$","R","E"],"character_chosen":"IRONCLAD","items_purchased":[],"campfire_rested":3,"item_purchase_floors":[],"current_hp_per_floor":[71,77,76,76,63,63,34,58,58,60,66,59,44,33,57,21,67,63,50,7,7,7,31,0],"gold":387,"neow_bonus":"TEN_PERCENT_HP_BONUS","is_prod":false,"is_daily":false,"chose_seed":false,"campfire_upgraded":1,"win_rate":0,"timestamp":1563591900,"path_taken":["M","M","M","?","M","R","E","R","T","M","M","M","E","?","R","BOSS","M","M","M","?","?","R","E"],"build_version":"2019-07-17","purchased_purges":0,"victory":false,"max_hp_per_floor":[82,82,82,82,82,82,82,82,82,82,82,82,82,82,82,82,82,82,82,82,82,82,82,82],"card_choices":[{"not_picked":["Warcry","Clash"],"picked":"Iron Wave","floor":1.0},{"not_picked":["Perfected Strike","Clash","Anger"],"picked":"SKIP","floor":2.0},{"not_picked":["Armaments","Rage"],"picked":"True Grit","floor":3.0},{"not_picked":["Warcry","Blood for Blood"],"picked":"Pummel","floor":5.0},{"not_picked":["Impervious","Bludgeon"],"picked":"Ghostly Armor","floor":7.0},{"not_picked":["Cleave","Ghostly Armor"],"picked":"Twin Strike","floor":10.0},{"not_picked":["Wild Strike","Clash"],"picked":"Spot Weakness","floor":11.0},{"not_picked":["Carnage","Intimidate"],"picked":"Heavy Blade","floor":12.0},{"not_picked":["Thunderclap","Cleave"],"picked":"Immolate","floor":13.0},{"not_picked":["Demon Form","Reaper"],"picked":"Limit Break","floor":16.0},{"not_picked":["Clash","Fire Breathing+1","Cleave"],"picked":"SKIP","floor":18},{"not_picked":["Clash+1","Heavy Blade"],"picked":"Uppercut+1","floor":19},{"not_picked":["Burning Pact","Rage+1","Heavy Blade+1"],"picked":"SKIP","floor":20}],"player_experience":862196,"relics_obtained":[{"floor":7.0,"key":"Centennial Puzzle"},{"floor":9.0,"key":"Matryoshka"},{"floor":13.0,"key":"Charon\u0027s Ashes"}],"event_choices":[{"cards_removed":["Defend_R"],"damage_healed":0.0,"max_hp_gain":0.0,"max_hp_loss":0.0,"gold_gain":0.0,"event_name":"The Cleric","player_choice":"Card Removal","floor":4.0,"gold_loss":75.0,"damage_taken":0.0},{"damage_healed":0.0,"max_hp_gain":0.0,"max_hp_loss":0.0,"gold_gain":75.0,"event_name":"World of Goop","player_choice":"Gather Gold","floor":14.0,"gold_loss":0.0,"damage_taken":11.0},{"damage_healed":0,"gold_gain":0,"player_choice":"Trade","damage_taken":0,"relics_obtained":["GremlinMask"],"max_hp_gain":0,"max_hp_loss":0,"event_name":"FaceTrader","floor":21,"gold_loss":0}],"is_beta":false,"boss_relics":[{"not_picked":["Calling Bell","Runic Pyramid"],"picked":"Pandora\u0027s Box"}],"items_purged_floors":[],"is_endless":false,"potions_floor_spawned":[3,10,11,12,13,18,19],"killed_by":"Gremlin Leader","ascension_level":15}