{"gold_per_floor":[154,154,194,119,119,119,174,174,174,74,74,40,95,135,135,255,255,270,270,306,306,346,401,113,168,193,193,208,243,258,273,273,373,373,388,423,453,453,493,548,548,603,678,718,753,131,131,161,161,161],"floor_reached":51,"playtime":10070,"items_purged":["Grand Finale","Storm of Steel","Writhe"],"score":1158,"play_id":"65d73168-1c0e-42b0-a22d-c7a0a01b740c","local_time":"20190718211300","daily_mods":["Shiny","Colorless Cards","Terminal"],"is_ascension_mode":false,"campfire_choices":[{"data":"Apotheosis","floor":6,"key":"SMITH"},{"data":"Secret Technique","floor":8,"key":"SMITH"},{"data":"Adrenaline","floor":15,"key":"SMITH"},{"data":"Chrysalis","floor":27,"key":"SMITH"},{"data":"Metamorphosis","floor":32,"key":"SMITH"},{"data":"Master of Strategy","floor":41,"key":"SMITH"},{"data":"Metamorphosis","floor":47,"key":"SMITH"},{"floor":49,"key":"REST"}],"neow_cost":"","seed_source_timestamp":0,"circlet_count":0,"master_deck":["Venomology","Corpse Explosion","Malaise","Die Die Die","Adrenaline+1","Burst","Wraith Form v2","Tools of the Trade","Night Terror","After Image+1","Bullet Time","Glass Knife","A Thousand Cuts","Thinking Ahead","Metamorphosis+1","Master of Strategy","Magnetism","Chrysalis+1","Transmutation","HandOfGreed","Mayhem","Apotheosis+1","Secret Weapon","Panache","Violence","Secret Technique+1","The Bomb","Sadistic Nature","Outmaneuver","Well Laid Plans","Backflip","Blur","Burst","Escape Plan","Metamorphosis+1","Dodge and Roll","Necronomicurse","Escape Plan","Noxious Fumes","Backflip","Deflect","Blur","Deflect+1","Master of Strategy+1","Thinking Ahead","Acrobatics","Acrobatics+1","Discovery","Well Laid Plans","Venomology","Acrobatics+1","Expertise+1","Blur+1","Well Laid Plans","Backflip+1","Bandage Up+1"],"special_seed":18095,"relics":["Ring of the Snake","Strawberry","Lantern","FaceOfCleric","Anchor","Philosopher\u0027s Stone","Red Mask","Necronomicon","Molten Egg 2","Frozen Eye","Oddly Smooth Stone","Smiling Mask","Cursed Key","Prayer Wheel","Dodecahedron","Potion Belt","Toxic Egg 2","Strange Spoon","Shuriken"],"potions_floor_usage":[3,3,7,16,20,23,23,25,28,31,33,40,42,48,48,50,50,50,50,50,50,50,50,50,50,50],"damage_taken":[{"damage":0,"enemies":"Small Slimes","floor":1,"turns":3},{"damage":2,"enemies":"Jaw Worm","floor":3,"turns":4},{"damage":11,"enemies":"3 Sentries","floor":7,"turns":5},{"damage":0,"enemies":"Lagavulin","floor":13,"turns":5},{"damage":0,"enemies":"2 Louse","floor":14,"turns":2},{"damage":0,"enemies":"Slime Boss","floor":16,"turns":6},{"damage":0,"enemies":"3 Byrds","floor":18,"turns":2},{"damage":0,"enemies":"Masked Bandits","floor":20,"turns":4},{"damage":0,"enemies":"Spheric Guardian","floor":22,"turns":2},{"damage":0,"enemies":"Gremlin Leader","floor":23,"turns":4},{"damage":0,"enemies":"Book of Stabbing","floor":25,"turns":3},{"damage":5,"enemies":"Snecko","floor":28,"turns":4},{"damage":0,"enemies":"Snake Plant","floor":29,"turns":2},{"damage":0,"enemies":"Shelled Parasite and Fungi","floor":30,"turns":3},{"damage":0,"enemies":"Centurion and Healer","floor":31,"turns":4},{"damage":0,"enemies":"Automaton","floor":33,"turns":4},{"damage":0,"enemies":"3 Darklings","floor":35,"turns":4},{"damage":0,"enemies":"Orb Walker","floor":36,"turns":2},{"damage":0,"enemies":"2 Orb Walkers","floor":37,"turns":3},{"damage":0,"enemies":"Writhing Mass","floor":39,"turns":4},{"damage":0,"enemies":"Reptomancer","floor":40,"turns":2},{"damage":0,"enemies":"Giant Head","floor":42,"turns":4},{"damage":0,"enemies":"Maw","floor":44,"turns":4},{"damage":0,"enemies":"Jaw Worm Horde","floor":45,"turns":2},{"damage":7,"enemies":"Reptomancer","floor":48,"turns":5},{"damage":0,"enemies":"Awakened One","floor":50,"turns":4}],"seed_played":"5281439423263015845","potions_obtained":[{"floor":1,"key":"Weak Potion"},{"floor":3,"key":"AttackPotion"},{"floor":13,"key":"Energy Potion"},{"floor":16,"key":"GamblersBrew"},{"floor":29,"key":"SteroidPotion"},{"floor":35,"key":"PowerPotion"},{"floor":36,"key":"Dexterity Potion"},{"floor":42,"key":"Block Potion"},{"floor":45,"key":"Strength Potion"},{"floor":48,"key":"Fire Potion"}],"is_trial":false,"path_per_floor":["M","?","M","$","?","R","E","R","T","$","?","$","E","M","R","B",null,"M","?","?","?","M","E","$","E","T","R","M","M","M","M","R","B",null,"M","M","?","?","M","E","R","E","T","M","M","$","R","E","R","B",null],"character_chosen":"THE_SILENT","items_purchased":["Well Laid Plans","Frozen Eye","Noxious Fumes","Backflip","Strange Spoon","Blur+1","Well Laid Plans","Backflip+1","Fruit Juice","Bandage Up+1"],"campfire_rested":1,"item_purchase_floors":[12,24,24,24,46,46,46,46,46,46],"current_hp_per_floor":[68,67,65,65,58,58,54,54,54,54,54,54,55,56,56,57,62,62,61,61,45,46,47,47,48,48,48,44,45,46,47,47,48,55,55,55,55,64,64,64,63,63,62,62,62,61,60,59,64,64],"gold":161,"neow_bonus":"","is_prod":false,"is_daily":true,"chose_seed":false,"campfire_upgraded":7,"win_rate":0,"timestamp":1563477180,"path_taken":["M","?","M","$","?","R","E","R","T","?","?","$","E","M","R","BOSS","M","?","?","?","?","E","?","E","T","R","M","M","M","M","R","BOSS","M","M","?","?","?","E","R","E","T","M","M","$","R","E","R","BOSS"],"build_version":"2019-07-17","purchased_purges":3,"victory":true,"max_hp_per_floor":[68,67,66,65,64,63,69,68,67,66,65,64,64,64,63,63,62,62,61,61,60,60,60,59,59,58,57,57,57,57,57,56,56,55,55,55,55,64,64,64,63,63,62,62,62,61,60,65,64,64],"card_choices":[{"not_picked":["Masterful Stab","Dodge and Roll","Quick Slash"],"picked":"SKIP","floor":1},{"not_picked":["Acrobatics","Dodge and Roll","Heel Hook"],"picked":"SKIP","floor":3},{"not_picked":["Masterful Stab","Blade Dance"],"picked":"Outmaneuver","floor":7},{"not_picked":["Deflect","Good Instincts"],"picked":"Backflip","floor":13},{"not_picked":["Cloak And Dagger","Accuracy"],"picked":"Blur","floor":14},{"not_picked":["Venomology","Wraith Form v2"],"picked":"Burst","floor":16},{"not_picked":["Quick Slash","Reflex"],"picked":"Escape Plan","floor":18},{"not_picked":["Dagger Spray","Poisoned Stab+1","Quick Slash"],"picked":"SKIP","floor":22},{"not_picked":["Dodge and Roll","Terror"],"picked":"Escape Plan","floor":23},{"not_picked":["Bane+1","Sucker Punch+1"],"picked":"Deflect","floor":25},{"not_picked":["Dagger Throw+1","Good Instincts"],"picked":"Blur","floor":28},{"not_picked":["Blade Dance","Eviscerate+1"],"picked":"Deflect+1","floor":29},{"not_picked":["Masterful Stab+1","Blade Dance+1","Quick Slash+1"],"picked":"SKIP","floor":30},{"not_picked":["Flash of Steel+1","Heel Hook+1"],"picked":"Master of Strategy","floor":31},{"not_picked":["Panache","Grand Finale+1"],"picked":"Thinking Ahead","floor":33},{"not_picked":["Dash+1","Prepared"],"picked":"Acrobatics","floor":35},{"not_picked":["Finesse","Cloak And Dagger"],"picked":"Acrobatics+1","floor":36},{"not_picked":["Poisoned Stab+1","Endless Agony+1"],"picked":"Discovery","floor":39},{"not_picked":["Cloak And Dagger+1","Outmaneuver","Dagger Throw+1"],"picked":"SKIP","floor":39},{"not_picked":["Purity","Dark Shackles+1"],"picked":"Well Laid Plans","floor":40},{"not_picked":["Dagger Spray+1","Poisoned Stab+1"],"picked":"Venomology","floor":42},{"not_picked":["Dagger Throw+1","Madness+1"],"picked":"Acrobatics+1","floor":44},{"not_picked":["Slice+1","Dagger Throw+1","Underhanded Strike+1"],"picked":"SKIP","floor":44},{"not_picked":["Deadly Poison+1","Flying Knee+1"],"picked":"Expertise+1","floor":45},{"not_picked":["Flying Knee+1","Infinite Blades","Cloak And Dagger+1"],"picked":"SKIP","floor":45},{"not_picked":["PanicButton+1","Dodge and Roll+1","Dagger Spray+1"],"picked":"SKIP","floor":48}],"player_experience":169703,"relics_obtained":[{"floor":7,"key":"Strawberry"},{"floor":9,"key":"Lantern"},{"floor":13,"key":"Anchor"},{"floor":20,"key":"Red Mask"},{"floor":21,"key":"Necronomicon"},{"floor":23,"key":"Molten Egg 2"},{"floor":25,"key":"Oddly Smooth Stone"},{"floor":26,"key":"Smiling Mask"},{"floor":37,"key":"Prayer Wheel"},{"floor":40,"key":"Dodecahedron"},{"floor":42,"key":"Potion Belt"},{"floor":43,"key":"Toxic Egg 2"},{"floor":48,"key":"Shuriken"}],"event_choices":[{"damage_healed":0,"gold_gain":0,"player_choice":"Grow","damage_taken":0,"max_hp_gain":0,"max_hp_loss":0,"event_name":"Living Wall","floor":2,"gold_loss":0,"cards_upgraded":["After Image"]},{"cards_removed":["Doppelganger"],"damage_healed":0,"gold_gain":0,"player_choice":"Card Removal","damage_taken":7,"max_hp_gain":0,"max_hp_loss":0,"event_name":"Golden Wing","floor":5,"gold_loss":0},{"damage_healed":0,"gold_gain":0,"player_choice":"Trade","damage_taken":0,"relics_obtained":["FaceOfCleric"],"max_hp_gain":0,"max_hp_loss":0,"event_name":"FaceTrader","floor":11,"gold_loss":0},{"damage_healed":0,"gold_gain":0,"cards_transformed":["Phantasmal Killer","Envenom"],"player_choice":"Became Test Subject","damage_taken":0,"max_hp_gain":0,"max_hp_loss":0,"event_name":"Drug Dealer","floor":19,"gold_loss":0,"cards_obtained":["Metamorphosis","Dodge and Roll"]},{"damage_healed":0,"gold_gain":0,"player_choice":"Fought Bandits","damage_taken":0,"max_hp_gain":0,"max_hp_loss":0,"event_name":"Masked Bandits","floor":20,"gold_loss":0},{"damage_healed":0,"gold_gain":0,"player_choice":"Obtained Book","damage_taken":16,"max_hp_gain":0,"max_hp_loss":0,"event_name":"Cursed Tome","floor":21,"gold_loss":0},{"damage_healed":0,"gold_gain":0,"player_choice":"Fight","damage_taken":0,"max_hp_gain":0,"max_hp_loss":0,"event_name":"Mysterious Sphere","floor":37,"gold_loss":0},{"cards_removed":["Unload"],"damage_healed":0,"gold_gain":0,"player_choice":"Offered Rare","damage_taken":0,"max_hp_gain":10,"max_hp_loss":0,"event_name":"Bonfire Elementals","floor":38,"gold_loss":0}],"is_beta":false,"boss_relics":[{"not_picked":["Ectoplasm","Runic Dome"],"picked":"Philosopher\u0027s Stone"},{"not_picked":["Tiny House","WristBlade"],"picked":"Cursed Key"}],"items_purged_floors":[4,10,46],"is_endless":false,"potions_floor_spawned":[1,3,13,16,20,22,23,29,31,35,36,42,45,48],"ascension_level":0}