{"gold_per_floor":[117,292,52,72,97,97,9,9,9,39,49,49,60,36,36,137,137,154,154,79,79,90,90,105,135,135,135,145,145,163,163,163,261,261,274,293,52,52,52],"floor_reached":39,"playtime":3006,"items_purged":["Defend_R"],"score":422,"play_id":"526ec4a0-a65d-4e1b-ba8c-2b71d79b363a","local_time":"20190528171229","is_ascension_mode":false,"campfire_choices":[{"data":"Pommel Strike","floor":6,"key":"SMITH"},{"data":"Inflame","floor":8,"key":"SMITH"},{"data":"Heavy Blade","floor":12,"key":"SMITH"},{"data":"Thunderclap","floor":15,"key":"SMITH"},{"data":"Dual Wield","floor":23,"key":"SMITH"},{"data":"Twin Strike","floor":27,"key":"SMITH"},{"data":"Burning Pact","floor":29,"key":"SMITH"},{"data":"Ghostly","floor":32,"key":"SMITH"}],"neow_cost":"NONE","seed_source_timestamp":918892450146982,"circlet_count":0,"master_deck":["Strike_R","Strike_R","Strike_R","Strike_R","Strike_R","Defend_R","Defend_R","Bash","Searing Blow","Pommel Strike+1","Inflame+1","Heavy Blade+1","Burning Pact+1","Twin Strike+1","Dual Wield+1","Thunderclap+1","Demon Form","Inflame","Ghostly+1","Ghostly","Ghostly","Ghostly","Ghostly","Clash","Searing Blow+1","Reaper","Clothesline+1","Cleave","Dark Embrace","Warcry","Rage+1","Bandage Up","Intimidate"],"relics":["Coffee Dripper","Pantograph","Bag of Marbles","Sundial","Orichalcum","Mark of Pain","MutagenicStrength","WingedGreaves","Question Card","Calipers","Runic Dome"],"potions_floor_usage":[],"damage_taken":[{"damage":7,"enemies":"2 Louse","floor":1,"turns":3},{"damage":6,"enemies":"Jaw Worm","floor":4,"turns":2},{"damage":21,"enemies":"Lagavulin","floor":10,"turns":5},{"damage":0,"enemies":"Cultist","floor":11,"turns":2},{"damage":2,"enemies":"Blue Slaver","floor":13,"turns":3},{"damage":34,"enemies":"Hexaghost","floor":16,"turns":7},{"damage":4,"enemies":"Chosen","floor":18,"turns":3},{"damage":14,"enemies":"Spheric Guardian","floor":22,"turns":4},{"damage":3,"enemies":"3 Cultists","floor":24,"turns":4},{"damage":2,"enemies":"Gremlin Leader","floor":25,"turns":5},{"damage":4,"enemies":"Centurion and Healer","floor":28,"turns":6},{"damage":15,"enemies":"Snake Plant","floor":30,"turns":3},{"damage":21,"enemies":"Collector","floor":33,"turns":7},{"damage":0,"enemies":"Orb Walker","floor":35,"turns":2},{"damage":28,"enemies":"3 Darklings","floor":36,"turns":3},{"damage":12,"enemies":"2 Orb Walkers","floor":39,"turns":1}],"seed_played":"-7611748120328649583","potions_obtained":[{"floor":13,"key":"Energy Potion"},{"floor":16,"key":"EssenceOfSteel"},{"floor":25,"key":"Fire Potion"},{"floor":28,"key":"PowerPotion"},{"floor":30,"key":"SkillPotion"}],"is_trial":false,"path_per_floor":["M","?","$","M","T","R","$","R","T","E","M","R","M","$","R","B",null,"M","?","?","?","M","R","M","E","T","R","M","R","M","T","R","B",null,"M","M","$","?","?"],"character_chosen":"IRONCLAD","items_purchased":["Pantograph","Inflame","Heavy Blade","Thunderclap","Bandage Up","Intimidate"],"campfire_rested":0,"item_purchase_floors":[3,7,7,14,37,37],"current_hp_per_floor":[73,73,73,67,67,67,67,67,67,46,46,46,44,44,44,35,80,76,76,76,40,26,26,23,21,21,21,35,35,20,20,20,19,40,40,12,12,12,0],"gold":52,"neow_bonus":"BOSS_RELIC","is_prod":false,"is_daily":false,"chose_seed":false,"campfire_upgraded":8,"win_rate":0.0,"timestamp":1559088749,"path_taken":["M","?","$","M","?","R","$","R","T","E","M","R","M","?","R","BOSS","M","?","?","?","M","R","M","E","T","R","M","R","M","?","R","BOSS","M","M","$","?","?"],"build_version":"2019-01-23","purchased_purges":1,"victory":false,"max_hp_per_floor":[80,80,80,80,80,80,80,80,80,80,80,80,80,80,80,80,80,80,80,80,40,40,40,40,40,40,40,40,40,40,40,40,40,40,40,40,40,40,40],"card_choices":[{"not_picked":["Clothesline","Thunderclap"],"picked":"Searing Blow","floor":1},{"not_picked":["Rupture","Hemokinesis"],"picked":"Pommel Strike","floor":4},{"not_picked":["Sever Soul","Second Wind"],"picked":"Burning Pact","floor":10},{"not_picked":["Flame Barrier","Bloodletting"],"picked":"Twin Strike","floor":11},{"not_picked":["Clothesline","Heavy Blade"],"picked":"Dual Wield","floor":13},{"not_picked":["Dark Embrace","Feed"],"picked":"Demon Form","floor":16},{"not_picked":["Shrug It Off","Heavy Blade+1"],"picked":"Inflame","floor":18},{"not_picked":["Armaments","Thunderclap"],"picked":"Clash","floor":22},{"not_picked":["True Grit","Anger"],"picked":"Searing Blow+1","floor":24},{"not_picked":["True Grit","Headbutt"],"picked":"Reaper","floor":25},{"not_picked":["Headbutt","Cleave","Entrench"],"picked":"Clothesline+1","floor":28},{"not_picked":["Clothesline+1","Shrug It Off","Inflame"],"picked":"Cleave","floor":30},{"not_picked":["Juggernaut","Bludgeon","Barricade"],"picked":"Dark Embrace","floor":33},{"not_picked":["Clash+1","Anger+1","Armaments"],"picked":"Warcry","floor":35},{"not_picked":["Hemokinesis+1","Carnage","Anger+1"],"picked":"Rage+1","floor":36}],"player_experience":8102,"relics_obtained":[{"floor":5,"key":"Bag of Marbles"},{"floor":9,"key":"Sundial"},{"floor":10,"key":"Orichalcum"},{"floor":25,"key":"WingedGreaves"},{"floor":26,"key":"Question Card"},{"floor":31,"key":"Calipers"}],"event_choices":[{"damage_healed":0,"gold_gain":175,"player_choice":"AGREE","damage_taken":0,"max_hp_gain":0,"max_hp_loss":0,"event_name":"Liars Game","floor":2,"gold_loss":0,"cards_obtained":["Doubt"]},{"damage_healed":0,"gold_gain":0,"player_choice":"Inject Mutagens","damage_taken":0,"relics_obtained":["MutagenicStrength"],"max_hp_gain":0,"max_hp_loss":0,"event_name":"Drug Dealer","floor":19,"gold_loss":0},{"cards_removed":["Doubt"],"damage_healed":0,"gold_gain":0,"player_choice":"Gave Gold","damage_taken":0,"max_hp_gain":0,"max_hp_loss":0,"event_name":"Beggar","floor":20,"gold_loss":75},{"damage_healed":0,"gold_gain":0,"player_choice":"Became a Ghost","damage_taken":0,"max_hp_gain":0,"max_hp_loss":40,"event_name":"Ghosts","floor":21,"gold_loss":0,"cards_obtained":["Ghostly","Ghostly","Ghostly","Ghostly","Ghostly"]},{"cards_removed":["Defend_R"],"damage_healed":0,"gold_gain":0,"player_choice":"Removed Skill","damage_taken":0,"max_hp_gain":0,"max_hp_loss":0,"event_name":"Falling","floor":38,"gold_loss":0},{"damage_healed":0,"gold_gain":0,"player_choice":"Fight","damage_taken":0,"max_hp_gain":0,"max_hp_loss":0,"event_name":"Mysterious Sphere","floor":39,"gold_loss":0}],"is_beta":false,"boss_relics":[{"not_picked":["Empty Cage","Orrery"],"picked":"Mark of Pain"},{"not_picked":["Astrolabe","Velvet Choker"],"picked":"Runic Dome"}],"items_purged_floors":[37],"is_endless":false,"potions_floor_spawned":[13,16,25,28,30],"killed_by":"2 Orb Walkers","ascension_level":0}