{"gold_per_floor":[216,216,233,203,113,141,141,170,170,189,189,70,70,81,81,81],"floor_reached":16,"playtime":2422,"items_purged":["Strike_R"],"score":216,"play_id":"f71aca51-e6be-4134-896f-1e150bb93bba","local_time":"20190309195209","is_ascension_mode":true,"campfire_choices":[{"data":"Hemokinesis","floor":7,"key":"SMITH"},{"data":"Fiend Fire","floor":11,"key":"SMITH"},{"data":"Shockwave","floor":13,"key":"SMITH"},{"data":"Battle Trance","floor":15,"key":"SMITH"}],"neow_cost":"NONE","seed_source_timestamp":1948837986953980,"circlet_count":0,"master_deck":["AscendersBane","Strike_R","Strike_R","Strike_R","Strike_R","Defend_R","Defend_R","Defend_R","Defend_R","Bash","Shockwave+1","Feel No Pain","Hemokinesis+1","Fiend Fire+1","Battle Trance+1"],"relics":["Burning Blood","Turnip","Red Skull","Bottled Lightning"],"potions_floor_usage":[6,8],"damage_taken":[{"damage":11,"enemies":"Jaw Worm","floor":1,"turns":5},{"damage":1,"enemies":"Small Slimes","floor":3,"turns":4},{"damage":20,"enemies":"3 Sentries","floor":6,"turns":7},{"damage":36,"enemies":"Gremlin Nob","floor":8,"turns":4},{"damage":0,"enemies":"Cultist","floor":10,"turns":3},{"damage":3,"enemies":"Looter","floor":14,"turns":4},{"damage":39,"enemies":"Hexaghost","floor":16,"turns":7}],"seed_played":"153184054383786070","potions_obtained":[{"floor":4,"key":"SkillPotion"},{"floor":4,"key":"SkillPotion"},{"floor":6,"key":"GamblersBrew"},{"floor":10,"key":"Dexterity Potion"}],"is_trial":false,"path_per_floor":["M","?","M","?","$","E","R","E","T","M","R","$","R","M","R","B"],"character_chosen":"IRONCLAD","items_purchased":["Hemokinesis","Battle Trance"],"campfire_rested":0,"item_purchase_floors":[5,12],"current_hp_per_floor":[63,68,73,73,73,59,59,29,29,35,35,35,35,38,38,0],"gold":81,"neow_bonus":"HUNDRED_GOLD","is_prod":false,"is_daily":false,"chose_seed":false,"campfire_upgraded":4,"win_rate":0,"timestamp":1552128729,"path_taken":["M","?","M","?","$","E","R","E","T","?","R","$","R","M","R","BOSS"],"build_version":"2019-01-23","purchased_purges":1,"victory":false,"max_hp_per_floor":[75,80,80,80,80,80,80,80,80,80,80,80,80,80,80,80],"card_choices":[{"not_picked":["Havoc","Evolve"],"picked":"Shockwave","floor":1},{"not_picked":["Burning Pact","Cleave"],"picked":"Feel No Pain","floor":3},{"not_picked":["Warcry","Power Through"],"picked":"Fiend Fire","floor":8},{"not_picked":["Wild Strike","Clash","Body Slam"],"picked":"SKIP","floor":10},{"not_picked":["Wild Strike","Clash","Body Slam"],"picked":"SKIP","floor":10},{"not_picked":["Wild Strike","Clash","Body Slam"],"picked":"SKIP","floor":10},{"not_picked":["Clothesline","Shockwave","Headbutt"],"picked":"SKIP","floor":14}],"player_experience":523029,"relics_obtained":[{"floor":6,"key":"Turnip"},{"floor":8,"key":"Red Skull"},{"floor":9,"key":"Bottled Lightning"}],"event_choices":[{"damage_healed":0,"gold_gain":0,"player_choice":"Donut","damage_taken":0,"max_hp_gain":5,"max_hp_loss":0,"event_name":"Big Fish","floor":2,"gold_loss":0},{"damage_healed":0,"gold_gain":0,"player_choice":"Bought 2 Potions","damage_taken":0,"max_hp_gain":0,"max_hp_loss":0,"event_name":"The Woman in Blue","floor":4,"gold_loss":0}],"is_beta":false,"boss_relics":[],"items_purged_floors":[12],"is_endless":false,"potions_floor_spawned":[6,10],"killed_by":"Hexaghost","ascension_level":20}