{"gold_per_floor":[114,131,149,65,65,98,98,127,177,203,216,231,241,166,166,243,243,255,255,273,273,198,198],"floor_reached":23,"playtime":1329,"items_purged":["Decay"],"score":422,"play_id":"386fb83c-6732-4348-be63-1b030953e9d2","local_time":"20190623102222","is_ascension_mode":true,"campfire_choices":[{"data":"Shockwave","floor":7,"key":"SMITH"},{"data":"Demon Form","floor":15,"key":"SMITH"}],"neow_cost":"TEN_PERCENT_HP_LOSS","seed_source_timestamp":475616482687295,"circlet_count":0,"master_deck":["AscendersBane","Strike_R","Strike_R","Strike_R","Defend_R","Defend_R","Defend_R","Bash","Twin Strike","Shrug It Off","Disarm","Battle Trance","Carnage","Inflame","Shockwave+1","Demon Form+1","Flame Barrier","Impervious","Sword Boomerang"],"relics":["Burning Blood","Kunai","Vajra","Orichalcum","Prayer Wheel","White Beast Statue"],"potions_floor_usage":[8,18,20,23,23],"damage_taken":[{"damage":7,"enemies":"Small Slimes","floor":1,"turns":4},{"damage":1,"enemies":"Cultist","floor":2,"turns":4},{"damage":2,"enemies":"Jaw Worm","floor":3,"turns":5},{"damage":31,"enemies":"Gremlin Nob","floor":6,"turns":4},{"damage":16,"enemies":"Lagavulin","floor":8,"turns":7},{"damage":10,"enemies":"3 Sentries","floor":10,"turns":6},{"damage":3,"enemies":"Large Slime","floor":11,"turns":5},{"damage":7,"enemies":"Exordium Thugs","floor":12,"turns":3},{"damage":10,"enemies":"2 Fungi Beasts","floor":13,"turns":3},{"damage":2,"enemies":"Hexaghost","floor":16,"turns":7},{"damage":2,"enemies":"Chosen","floor":18,"turns":5},{"damage":0,"enemies":"3 Byrds","floor":20,"turns":4},{"damage":68,"enemies":"Slavers","floor":23,"turns":4}],"seed_played":"-5674945459856472240","potions_obtained":[{"floor":1,"key":"Poison Potion"},{"floor":10,"key":"Swift Potion"},{"floor":11,"key":"Poison Potion"},{"floor":16,"key":"LiquidBronze"},{"floor":18,"key":"Weak Potion"},{"floor":20,"key":"PowerPotion"}],"is_trial":false,"path_per_floor":["M","M","M","$","?","E","R","E","T","E","M","M","M","?","R","B",null,"M","?","M","?","$","E"],"character_chosen":"IRONCLAD","items_purchased":["Inflame"],"campfire_rested":0,"item_purchase_floors":[4],"current_hp_per_floor":[67,68,68,68,68,43,43,33,33,29,32,31,27,27,27,31,59,63,63,68,68,68,0],"gold":198,"neow_bonus":"TRANSFORM_TWO_CARDS","is_prod":false,"is_daily":false,"chose_seed":false,"campfire_upgraded":2,"win_rate":0,"timestamp":1561252942,"path_taken":["M","M","M","$","?","E","R","E","T","E","?","?","M","?","R","BOSS","M","?","?","?","$","E"],"build_version":"2019-01-23","purchased_purges":1,"victory":false,"max_hp_per_floor":[68,68,68,68,68,68,68,68,68,68,68,68,68,68,68,68,68,68,68,68,68,68,68],"card_choices":[{"not_picked":["Burning Pact","Flex"],"picked":"Disarm","floor":1},{"not_picked":["Twin Strike","Shrug It Off"],"picked":"Battle Trance","floor":2},{"not_picked":["Battle Trance","Armaments"],"picked":"Carnage","floor":3},{"not_picked":["Barricade","Dropkick"],"picked":"Shockwave","floor":6},{"not_picked":["Dual Wield","Iron Wave","Rage"],"picked":"SKIP","floor":8},{"not_picked":["Pommel Strike","Shrug It Off"],"picked":"Demon Form","floor":10},{"not_picked":["Searing Blow","Warcry","Inflame"],"picked":"SKIP","floor":11},{"not_picked":["Iron Wave","Power Through","Wild Strike"],"picked":"SKIP","floor":11},{"not_picked":["Clash","Impervious"],"picked":"Flame Barrier","floor":12},{"not_picked":["Body Slam","Battle Trance","Thunderclap"],"picked":"SKIP","floor":12},{"not_picked":["Wild Strike","Pummel","Iron Wave"],"picked":"SKIP","floor":13},{"not_picked":["Flex","Clothesline","Thunderclap"],"picked":"SKIP","floor":13},{"not_picked":["Wild Strike","Pummel","Iron Wave"],"picked":"SKIP","floor":13},{"not_picked":["Flex","Clothesline","Thunderclap"],"picked":"SKIP","floor":13},{"not_picked":["Barricade","Double Tap"],"picked":"Impervious","floor":16},{"not_picked":["Anger","Armaments","Body Slam"],"picked":"SKIP","floor":18},{"not_picked":["Iron Wave","Clash","Thunderclap"],"picked":"SKIP","floor":18},{"not_picked":["Havoc","Carnage","Berserk"],"picked":"SKIP","floor":20},{"not_picked":["Entrench","Cleave","Havoc"],"picked":"SKIP","floor":20}],"player_experience":537710,"relics_obtained":[{"floor":6,"key":"Kunai"},{"floor":8,"key":"Vajra"},{"floor":9,"key":"Orichalcum"},{"floor":10,"key":"Prayer Wheel"}],"event_choices":[{"damage_healed":0,"gold_gain":0,"player_choice":"0 cards matched","damage_taken":0,"max_hp_gain":0,"max_hp_loss":0,"event_name":"Match and Keep!","floor":5,"gold_loss":0,"cards_obtained":[]},{"cards_removed":["Strike_R"],"damage_healed":0,"gold_gain":0,"player_choice":"Card Removal","damage_taken":0,"max_hp_gain":0,"max_hp_loss":0,"event_name":"The Cleric","floor":14,"gold_loss":75},{"damage_healed":0,"gold_gain":0,"player_choice":"Cursed","damage_taken":0,"max_hp_gain":0,"max_hp_loss":0,"event_name":"Wheel of Change","floor":19,"gold_loss":0,"cards_obtained":["Decay"]},{"damage_healed":0,"gold_gain":0,"player_choice":"Read","damage_taken":0,"max_hp_gain":0,"max_hp_loss":0,"event_name":"The Library","floor":21,"gold_loss":0,"cards_obtained":["Sword Boomerang"]}],"is_beta":false,"boss_relics":[{"not_picked":["Tiny House","Calling Bell"],"picked":"White Beast Statue"}],"items_purged_floors":[22],"is_endless":false,"potions_floor_spawned":[1,10,11,16,18,20],"killed_by":"Slavers","ascension_level":20}