{"gold_per_floor":[213,288,300,320,45,45,45,73,100,22,36,70,70,98,98,196,196,215,215,232,232,243,243,274,136,136,136,136,0,0,0,0,0],"floor_reached":33,"playtime":1975,"items_purged":["Strike_R"],"score":444,"play_id":"4b9db726-b290-4177-97be-4ba2b0294662","local_time":"20190314001804","is_ascension_mode":true,"campfire_choices":[{"data":"Bash","floor":6,"key":"SMITH"},{"data":"Whirlwind","floor":13,"key":"SMITH"},{"data":"Heavy Blade","floor":15,"key":"SMITH"},{"floor":23,"key":"REST"},{"floor":30,"key":"REST"},{"floor":32,"key":"REST"}],"neow_cost":"NONE","seed_source_timestamp":7427410598500,"circlet_count":0,"master_deck":["Strike_R","Strike_R","Strike_R","Defend_R","Defend_R","Defend_R","Defend_R","Bash+1","Spot Weakness","Shrug It Off","Sword Boomerang","Immolate","Whirlwind+1","Heavy Blade+1","Spot Weakness","Limit Break+1","Seeing Red","Armaments","Cleave","Ghostly Armor"],"relics":["Burning Blood","Juzu Bracelet","Omamori","PreservedInsect","Red Skull","Blood Vial","Pocketwatch","Orrery","MawBank","Lantern","Letter Opener","Nilry\u0027s Codex","Ornamental Fan"],"potions_floor_usage":[14,16,33,33],"damage_taken":[{"damage":2,"enemies":"2 Louse","floor":1,"turns":3},{"damage":11,"enemies":"Jaw Worm","floor":3,"turns":4},{"damage":1,"enemies":"Cultist","floor":4,"turns":3},{"damage":34,"enemies":"3 Sentries","floor":8,"turns":10},{"damage":7,"enemies":"Looter","floor":11,"turns":3},{"damage":0,"enemies":"Gremlin Nob","floor":12,"turns":2},{"damage":12,"enemies":"Lagavulin","floor":14,"turns":4},{"damage":18,"enemies":"Hexaghost","floor":16,"turns":7},{"damage":0,"enemies":"3 Byrds","floor":18,"turns":2},{"damage":12,"enemies":"Chosen","floor":20,"turns":3},{"damage":57,"enemies":"Shelled Parasite and Fungi","floor":22,"turns":6},{"damage":33,"enemies":"Gremlin Leader","floor":24,"turns":4},{"damage":99,"enemies":"Automaton","floor":33,"turns":6}],"seed_played":"-3639117251386144329","potions_obtained":[{"floor":3,"key":"EssenceOfSteel"},{"floor":4,"key":"SkillPotion"},{"floor":12,"key":"AttackPotion"},{"floor":16,"key":"SkillPotion"},{"floor":22,"key":"AttackPotion"}],"is_trial":false,"path_per_floor":["M","?","M","M","$","R","?","E","T","$","M","E","R","E","R","B",null,"M","$","M","?","M","R","E","$","T","?","?","?","R","T","R","B"],"character_chosen":"IRONCLAD","items_purchased":["Juzu Bracelet","Sword Boomerang","Whirlwind","Lantern"],"campfire_rested":3,"item_purchase_floors":[5,5,10,25],"current_hp_per_floor":[76,65,60,65,65,65,62,34,34,34,33,39,39,35,35,25,66,74,74,70,70,21,45,20,20,20,20,4,4,28,28,52,0],"gold":0,"neow_bonus":"HUNDRED_GOLD","is_prod":false,"is_daily":false,"chose_seed":false,"campfire_upgraded":3,"win_rate":0,"timestamp":1552519084,"path_taken":["M","?","M","M","$","R","?","E","T","$","M","E","R","E","R","BOSS","M","$","M","?","M","R","E","?","T","?","?","?","R","?","R","BOSS"],"build_version":"2019-01-23","purchased_purges":1,"victory":false,"max_hp_per_floor":[80,80,80,80,80,80,80,80,80,80,80,80,80,80,80,80,80,80,80,80,80,80,80,80,80,80,80,80,80,80,80,80,80],"card_choices":[{"not_picked":["Havoc","Perfected Strike","Reckless Charge"],"picked":"SKIP","floor":1},{"not_picked":["Cleave","Pommel Strike"],"picked":"Spot Weakness","floor":3},{"not_picked":["Dual Wield","Wild Strike"],"picked":"Shrug It Off","floor":4},{"not_picked":["Impervious","Twin Strike"],"picked":"Immolate","floor":8},{"not_picked":["Havoc","Body Slam"],"picked":"Heavy Blade","floor":11},{"not_picked":["Hemokinesis","Barricade","Clash"],"picked":"SKIP","floor":12},{"not_picked":["Clash","Sword Boomerang"],"picked":"Spot Weakness","floor":14},{"not_picked":["Demon Form","Berserk"],"picked":"Limit Break","floor":16},{"not_picked":["Body Slam","Hemokinesis"],"picked":"Seeing Red","floor":17},{"not_picked":["Clash","Hemokinesis"],"picked":"Armaments","floor":17},{"not_picked":["Burning Pact+1","Havoc"],"picked":"Cleave","floor":18},{"not_picked":["Heavy Blade+1","Headbutt+1"],"picked":"Ghostly Armor","floor":20},{"not_picked":["Reckless Charge","Armaments","Thunderclap"],"picked":"SKIP","floor":22},{"not_picked":["Warcry","Dual Wield+1","Whirlwind+1"],"picked":"SKIP","floor":24}],"player_experience":205975,"relics_obtained":[{"floor":8,"key":"PreservedInsect"},{"floor":9,"key":"Red Skull"},{"floor":12,"key":"Blood Vial"},{"floor":14,"key":"Pocketwatch"},{"floor":24,"key":"MawBank"},{"floor":26,"key":"Letter Opener"},{"floor":28,"key":"Nilry\u0027s Codex"},{"floor":31,"key":"Ornamental Fan"}],"event_choices":[{"damage_healed":0,"gold_gain":75,"player_choice":"Gather Gold","damage_taken":11,"max_hp_gain":0,"max_hp_loss":0,"event_name":"World of Goop","floor":2,"gold_loss":0},{"damage_healed":0,"gold_gain":0,"player_choice":"Success","damage_taken":3,"relics_obtained":["Omamori"],"max_hp_gain":0,"max_hp_loss":0,"event_name":"Scrap Ooze","floor":7,"gold_loss":0},{"cards_removed":["Strike_R"],"damage_healed":0,"gold_gain":0,"player_choice":"Offered Basic","damage_taken":0,"max_hp_gain":0,"max_hp_loss":0,"event_name":"Bonfire Elementals","floor":21,"gold_loss":0},{"damage_healed":0,"gold_gain":0,"player_choice":"Upgraded","damage_taken":0,"max_hp_gain":0,"max_hp_loss":0,"event_name":"Upgrade Shrine","floor":27,"gold_loss":0,"cards_upgraded":["Limit Break"]},{"damage_healed":0,"gold_gain":0,"player_choice":"Obtained Book","damage_taken":16,"max_hp_gain":0,"max_hp_loss":0,"event_name":"Cursed Tome","floor":28,"gold_loss":0},{"damage_healed":0,"gold_gain":0,"player_choice":"Paid Fearfully","damage_taken":0,"max_hp_gain":0,"max_hp_loss":0,"event_name":"Masked Bandits","floor":29,"gold_loss":136}],"is_beta":false,"boss_relics":[{"not_picked":["Snecko Eye","Black Blood"],"picked":"Orrery"}],"items_purged_floors":[5],"is_endless":false,"potions_floor_spawned":[3,4,12,16,22],"killed_by":"Automaton","ascension_level":7}