{"gold_per_floor":[117,129,139,149,169,169,198,198,198,215,215,226,37,50,50,146,196,216,236,256,267,284,284,298,298,298,314,314],"floor_reached":28,"playtime":3118,"items_purged":[],"score":280,"play_id":"727141a1-8014-4745-a2c2-9d0f15e4e823","local_time":"20190706045158","is_ascension_mode":false,"campfire_choices":[{"data":"Seek","floor":6,"key":"SMITH"},{"data":"Streamline","floor":11,"key":"SMITH"},{"data":"Rainbow","floor":15,"key":"SMITH"},{"floor":23,"key":"REST"},{"floor":25,"key":"REST"}],"neow_cost":"NONE","seed_source_timestamp":569950737405105,"circlet_count":0,"master_deck":["Strike_B","Strike_B","Strike_B","Strike_B","Defend_B","Defend_B","Defend_B","Defend_B","Zap","Dualcast","Coolheaded","Conserve Battery","Streamline","Seek+1","Self Repair+1","Capacitor","Coolheaded","Streamline+1","Cold Snap","Fusion","Compile Driver","Coolheaded","Consume","Rainbow+1","Loop","Thunder Strike","Redo","Chaos","Ball Lightning","Loop+1","Streamline","Ball Lightning+1","Streamline"],"relics":["Orrery","Bottled Lightning","Bronze Scales","Tiny House","Sundial"],"potions_floor_usage":[19],"damage_taken":[{"damage":2,"enemies":"Cultist","floor":1,"turns":5},{"damage":10,"enemies":"Small Slimes","floor":2,"turns":4},{"damage":5,"enemies":"2 Louse","floor":3,"turns":4},{"damage":5,"enemies":"Looter","floor":4,"turns":3},{"damage":14,"enemies":"Blue Slaver","floor":5,"turns":6},{"damage":22,"enemies":"Lagavulin","floor":7,"turns":8},{"damage":4,"enemies":"2 Fungi Beasts","floor":10,"turns":6},{"damage":9,"enemies":"3 Louse","floor":12,"turns":3},{"damage":8,"enemies":"Exordium Thugs","floor":14,"turns":4},{"damage":32,"enemies":"The Guardian","floor":16,"turns":11},{"damage":16,"enemies":"Shell Parasite","floor":18,"turns":4},{"damage":26,"enemies":"Chosen","floor":19,"turns":5},{"damage":3,"enemies":"Snecko","floor":20,"turns":5},{"damage":26,"enemies":"Snake Plant","floor":21,"turns":3},{"damage":30,"enemies":"Centurion and Healer","floor":22,"turns":10},{"damage":17,"enemies":"3 Cultists","floor":24,"turns":6},{"damage":32,"enemies":"Shelled Parasite and Fungi","floor":27,"turns":5},{"damage":29,"enemies":"Snake Plant","floor":28,"turns":4}],"seed_played":"5496446202109249254","potions_obtained":[{"floor":2,"key":"PowerPotion"},{"floor":5,"key":"PowerPotion"},{"floor":12,"key":"Weak Potion"},{"floor":16,"key":"FairyPotion"},{"floor":18,"key":"Ancient Potion"},{"floor":19,"key":"SkillPotion"},{"floor":24,"key":"SteroidPotion"}],"is_trial":false,"path_per_floor":["M","M","M","M","M","R","E","?","T","M","R","M","$","M","R","B",null,"M","M","M","M","M","R","M","R","T","M","M"],"character_chosen":"DEFECT","items_purchased":["Rainbow","Loop"],"campfire_rested":2,"item_purchase_floors":[13,13],"current_hp_per_floor":[75,72,74,69,62,62,47,72,72,75,75,66,66,65,65,40,80,64,48,55,29,18,42,35,59,59,27,0],"gold":314,"neow_bonus":"BOSS_RELIC","is_prod":false,"is_daily":false,"chose_seed":false,"campfire_upgraded":3,"win_rate":0.0,"timestamp":1562406718,"path_taken":["M","M","M","M","M","R","E","?","T","M","R","M","$","M","R","BOSS","M","M","M","M","M","R","M","R","T","M","M"],"build_version":"2019-07-05","purchased_purges":0,"victory":false,"max_hp_per_floor":[75,75,75,75,75,75,75,75,75,75,75,75,75,75,75,75,80,80,80,80,80,80,80,80,80,80,80,80],"card_choices":[{"not_picked":["Conserve Battery","Ball Lightning"],"picked":"Coolheaded","floor":0},{"not_picked":["Barrage","Redo"],"picked":"Conserve Battery","floor":0},{"not_picked":["Coolheaded","Steam Power"],"picked":"Streamline","floor":0},{"not_picked":["Leap","Auto Shields"],"picked":"Seek","floor":0},{"not_picked":["Chaos","Lockon"],"picked":"Self Repair","floor":0},{"not_picked":["Consume","Gash"],"picked":"Capacitor","floor":1},{"not_picked":["Self Repair","Redo"],"picked":"Coolheaded","floor":2},{"not_picked":["Leap","Stack"],"picked":"Streamline","floor":3},{"not_picked":["Leap","Beam Cell"],"picked":"Cold Snap","floor":4},{"not_picked":["Fission","Go for the Eyes"],"picked":"Fusion","floor":5},{"not_picked":["Go for the Eyes","Cold Snap"],"picked":"Compile Driver","floor":7},{"not_picked":["Steam","Aggregate"],"picked":"Coolheaded","floor":10},{"not_picked":["Force Field","Darkness"],"picked":"Consume","floor":12},{"not_picked":["Darkness","Hologram","Steam"],"picked":"SKIP","floor":14},{"not_picked":["Buffer","Amplify"],"picked":"Thunder Strike","floor":16},{"not_picked":["Sweeping Beam","Conserve Battery"],"picked":"Redo","floor":17},{"not_picked":["Redo","Gash"],"picked":"Chaos","floor":18},{"not_picked":["Stack","Skim"],"picked":"Ball Lightning","floor":19},{"not_picked":["Hologram","Ball Lightning"],"picked":"Loop+1","floor":20},{"not_picked":["Stack","Go for the Eyes"],"picked":"Streamline","floor":21},{"not_picked":["Steam","White Noise"],"picked":"Ball Lightning+1","floor":22},{"not_picked":["Force Field","Steam"],"picked":"Streamline","floor":24},{"not_picked":["Stack","Chill","Gash"],"picked":"SKIP","floor":27}],"player_experience":13623,"relics_obtained":[{"floor":7,"key":"Bottled Lightning"},{"floor":9,"key":"Bronze Scales"},{"floor":26,"key":"Sundial"}],"event_choices":[{"damage_healed":25,"gold_gain":0,"player_choice":"Banana","damage_taken":0,"max_hp_gain":0,"max_hp_loss":0,"event_name":"Big Fish","floor":8,"gold_loss":0}],"is_beta":false,"boss_relics":[{"not_picked":["Snecko Eye","Coffee Dripper"],"picked":"Tiny House"}],"items_purged_floors":[],"is_endless":false,"potions_floor_spawned":[2,5,12,14,16,18,19,24,27],"killed_by":"Snake Plant","ascension_level":0}