{"gold_per_floor":[111,130,147,160,178,178,210,225,225,225,235,253,285,295,295,391,391,402,416,340,340,350,350,368,368,368,379,399,419,419,446,446,551,551,569,569,121,132,151,151,162,189,189,189,223,223,223,234,234,234],"floor_reached":51,"playtime":3664,"items_purged":["Strike_B"],"score":1028,"play_id":"2be6acc1-69e1-4a0e-a1dd-02bfad03c693","local_time":"20190718232426","is_ascension_mode":true,"campfire_choices":[{"data":"Streamline","floor":6,"key":"SMITH"},{"floor":10,"key":"REST"},{"data":"Hologram","floor":15,"key":"SMITH"},{"data":"Defragment","floor":23,"key":"SMITH"},{"data":"Hologram","floor":25,"key":"SMITH"},{"data":"Go for the Eyes","floor":32,"key":"SMITH"},{"data":"Echo Form","floor":40,"key":"SMITH"},{"data":"Defragment","floor":49,"key":"SMITH"}],"neow_cost":"NONE","seed_source_timestamp":621909692473100,"circlet_count":0,"master_deck":["Strike_B+1","Strike_B+1","Strike_B+1","Defend_B+1","Defend_B+1","Defend_B+1","Defend_B+1","Zap","Dualcast","Sweeping Beam+1","Streamline+1","Chill","Steam","Gash","Hologram+1","Glacier","FTL","Electrodynamics","Leap","Defragment+1","Hologram+1","Gash+1","Skim","Glacier","Compile Driver","Go for the Eyes+1","Echo Form+1","Coolheaded+1","Stack+1","Capacitor+1","Turbo+1","Gash+1","Defragment+1","Rebound","Secret Technique","Defragment"],"relics":["Cracked Core","Smiling Mask","Bird Faced Urn","Shuriken","Eternal Feather","The Courier","Enchiridion","Incense Burner","Orrery","Blood Vial","Emotion Chip","Lantern","Du-Vu Doll","Girya","Whetstone"],"potions_floor_usage":[7,13,19,24,27,31,35,39,45,50,50,50],"damage_taken":[{"damage":1,"enemies":"Cultist","floor":1,"turns":4},{"damage":3,"enemies":"Jaw Worm","floor":2,"turns":4},{"damage":2,"enemies":"2 Louse","floor":3,"turns":3},{"damage":16,"enemies":"Exordium Wildlife","floor":4,"turns":4},{"damage":0,"enemies":"2 Fungi Beasts","floor":5,"turns":3},{"damage":32,"enemies":"Gremlin Nob","floor":7,"turns":4},{"damage":1,"enemies":"Large Slime","floor":8,"turns":5},{"damage":0,"enemies":"Lots of Slimes","floor":11,"turns":4},{"damage":5,"enemies":"3 Louse","floor":12,"turns":4},{"damage":3,"enemies":"3 Sentries","floor":13,"turns":6},{"damage":1,"enemies":"2 Fungi Beasts","floor":14,"turns":3},{"damage":20,"enemies":"Hexaghost","floor":16,"turns":13},{"damage":5,"enemies":"Shell Parasite","floor":18,"turns":9},{"damage":2,"enemies":"3 Byrds","floor":19,"turns":8},{"damage":0,"enemies":"Cultist and Chosen","floor":22,"turns":9},{"damage":4,"enemies":"Centurion and Healer","floor":24,"turns":7},{"damage":6,"enemies":"Snake Plant","floor":27,"turns":7},{"damage":8,"enemies":"Shelled Parasite and Fungi","floor":28,"turns":8},{"damage":1,"enemies":"Centurion and Healer","floor":29,"turns":8},{"damage":17,"enemies":"Slavers","floor":31,"turns":3},{"damage":56,"enemies":"Collector","floor":33,"turns":13},{"damage":49,"enemies":"3 Darklings","floor":35,"turns":8},{"damage":0,"enemies":"3 Shapes","floor":38,"turns":7},{"damage":40,"enemies":"Transient","floor":39,"turns":5},{"damage":25,"enemies":"Maw","floor":41,"turns":11},{"damage":0,"enemies":"Giant Head","floor":45,"turns":11},{"damage":17,"enemies":"3 Darklings","floor":48,"turns":6},{"damage":76,"enemies":"Time Eater","floor":50,"turns":15}],"seed_played":"6632592724284738031","potions_obtained":[{"floor":3,"key":"Fire Potion"},{"floor":8,"key":"AttackPotion"},{"floor":13,"key":"Energy Potion"},{"floor":14,"key":"AttackPotion"},{"floor":16,"key":"Weak Potion"},{"floor":19,"key":"Poison Potion"},{"floor":24,"key":"Strength Potion"},{"floor":27,"key":"Block Potion"},{"floor":33,"key":"GamblersBrew"},{"floor":38,"key":"PowerPotion"},{"floor":39,"key":"Explosive Potion"},{"floor":41,"key":"Regen Potion"},{"floor":48,"key":"Ancient Potion"}],"is_trial":false,"path_per_floor":["M","M","M","M","M","R","E","M","T","R","M","M","E","M","R","B",null,"M","M","$","?","M","R","M","R","T","M","M","M","?","E","R","B",null,"M","?","$","M","M","R","M","T","T","?","E","?","T","M","R","B",null],"character_chosen":"DEFECT","items_purchased":["Hologram","Gash","Defragment","Blood Vial","Emotion Chip"],"campfire_rested":1,"item_purchase_floors":[20,37,37,37,37],"current_hp_per_floor":[74,71,69,53,53,53,21,20,20,44,44,39,36,35,35,15,65,60,58,58,58,62,74,74,82,82,80,74,75,59,48,63,13,65,42,42,42,56,26,44,29,29,29,29,62,62,62,59,78,18],"gold":234,"neow_bonus":"TEN_PERCENT_HP_BONUS","is_prod":false,"is_daily":false,"chose_seed":false,"campfire_upgraded":7,"win_rate":0,"timestamp":1563485066,"path_taken":["M","M","?","M","M","R","E","M","T","R","M","M","E","M","R","BOSS","M","M","$","?","M","R","M","R","T","M","M","M","?","E","R","BOSS","M","?","$","M","M","R","M","?","T","?","E","?","?","M","R","BOSS"],"build_version":"2019-07-17","purchased_purges":1,"victory":true,"max_hp_per_floor":[82,82,82,82,82,82,82,82,82,82,82,82,82,82,82,82,82,82,82,82,82,82,82,82,82,82,82,82,82,82,82,82,82,82,82,78,78,78,78,78,78,78,78,78,78,78,78,78,78,78],"card_choices":[{"not_picked":["Leap","Reinforced Body"],"picked":"Sweeping Beam","floor":1},{"not_picked":["Heatsinks","Compile Driver"],"picked":"Streamline","floor":2},{"not_picked":["Redo","Compile Driver"],"picked":"Chill","floor":3},{"not_picked":["FTL","Streamline","Rebound"],"picked":"SKIP","floor":4},{"not_picked":["Rebound","Cold Snap"],"picked":"Steam","floor":5},{"not_picked":["Gash","Creative AI","Turbo"],"picked":"SKIP","floor":7},{"not_picked":["Steam","Aggregate"],"picked":"Gash","floor":8},{"not_picked":["Sweeping Beam","Beam Cell"],"picked":"Hologram","floor":11},{"not_picked":["Chill","Beam Cell"],"picked":"Glacier","floor":12},{"not_picked":["Cold Snap","Redo","Beam Cell"],"picked":"SKIP","floor":13},{"not_picked":["Redo","Streamline"],"picked":"FTL","floor":14},{"not_picked":["Multi-Cast","Hyperbeam"],"picked":"Electrodynamics","floor":16},{"not_picked":["Recycle","Redo"],"picked":"Leap","floor":18},{"not_picked":["Aggregate","Streamline+1"],"picked":"Defragment","floor":19},{"not_picked":["Chill+1","Ball Lightning"],"picked":"Gash+1","floor":22},{"not_picked":["Ball Lightning","Sweeping Beam+1"],"picked":"Skim","floor":24},{"not_picked":["Rebound","Stack"],"picked":"Glacier","floor":27},{"not_picked":["Meteor Strike","Scrape"],"picked":"Compile Driver","floor":28},{"not_picked":["Leap","Stack"],"picked":"Go for the Eyes","floor":29},{"not_picked":["Ball Lightning","Sweeping Beam","Recycle"],"picked":"SKIP","floor":31},{"not_picked":["Meteor Strike","Thunder Strike"],"picked":"Echo Form","floor":33},{"not_picked":["Force Field+1","Sunder+1"],"picked":"Coolheaded+1","floor":34},{"not_picked":["Melter+1","White Noise"],"picked":"Stack+1","floor":34},{"not_picked":["Echo Form","Blizzard+1"],"picked":"Capacitor+1","floor":34},{"not_picked":["Chaos","Steam Power"],"picked":"Turbo+1","floor":34},{"not_picked":["Reprogram","Static Discharge+1","Stack"],"picked":"SKIP","floor":35},{"not_picked":["Turbo+1","Reprogram","Streamline"],"picked":"SKIP","floor":38},{"not_picked":["Turbo+1","Compile Driver"],"picked":"Rebound","floor":39},{"not_picked":["Ball Lightning+1","Auto Shields+1","Heatsinks+1"],"picked":"SKIP","floor":41},{"not_picked":["Secret Weapon","Mayhem"],"picked":"Secret Technique","floor":44},{"not_picked":["Reinforced Body+1","Darkness+1"],"picked":"Defragment","floor":45},{"not_picked":["Streamline","Compile Driver+1","Heatsinks+1"],"picked":"SKIP","floor":48}],"player_experience":228290,"relics_obtained":[{"floor":7,"key":"Smiling Mask"},{"floor":9,"key":"Bird Faced Urn"},{"floor":13,"key":"Shuriken"},{"floor":26,"key":"The Courier"},{"floor":30,"key":"Enchiridion"},{"floor":31,"key":"Incense Burner"},{"floor":42,"key":"Lantern"},{"floor":43,"key":"Du-Vu Doll"},{"floor":45,"key":"Girya"},{"floor":47,"key":"Whetstone"}],"event_choices":[{"damage_healed":0,"gold_gain":0,"player_choice":"Simplicity","damage_taken":0,"max_hp_gain":0,"max_hp_loss":0,"event_name":"Back to Basics","floor":21,"gold_loss":0,"cards_upgraded":["Strike_B","Strike_B","Strike_B","Defend_B","Defend_B","Defend_B","Defend_B"]},{"damage_healed":0,"gold_gain":0,"player_choice":"Obtained Book","damage_taken":16,"max_hp_gain":0,"max_hp_loss":0,"event_name":"Cursed Tome","floor":30,"gold_loss":0},{"damage_healed":0,"gold_gain":0,"player_choice":"Max HP","damage_taken":0,"max_hp_gain":0,"max_hp_loss":4,"event_name":"Winding Halls","floor":36,"gold_loss":0},{"damage_healed":0,"gold_gain":0,"player_choice":"Memory 1","damage_taken":0,"max_hp_gain":0,"max_hp_loss":0,"event_name":"SensoryStone","floor":44,"gold_loss":0},{"damage_healed":0,"gold_gain":0,"player_choice":"Ignored","damage_taken":0,"max_hp_gain":0,"max_hp_loss":0,"event_name":"Tomb of Lord Red Mask","floor":46,"gold_loss":0}],"is_beta":false,"boss_relics":[{"not_picked":["Nuclear Battery","Runic Dome"],"picked":"Eternal Feather"},{"not_picked":["Calling Bell","Pandora\u0027s Box"],"picked":"Orrery"}],"items_purged_floors":[20],"is_endless":false,"potions_floor_spawned":[3,8,13,14,16,19,22,24,27,33,38,39,41,48],"ascension_level":9}