{"gold_per_floor":[118,132,132,149,149,149,161,161,161,191,206,206,232,261,273,387,399,399,91,91,91,0,0,0,0,0,0,0,0,0,0,0,0,0,0,0,0,0,0,0,0,0,0,0,0,0,0,0,0,0],"floor_reached":51,"playtime":1997,"items_purged":[],"score":966,"play_id":"03ae2815-925f-40a0-8caa-e5d81c0dca48","local_time":"20190713111422","is_ascension_mode":true,"campfire_choices":[{"data":"Loop","floor":6.0,"key":"SMITH"},{"data":"Zap","floor":8.0,"key":"SMITH"},{"floor":12.0,"key":"DIG"},{"floor":15.0,"key":"REST"},{"floor":24.0,"key":"DIG"},{"floor":27.0,"key":"DIG"},{"floor":32.0,"key":"REST"},{"floor":40.0,"key":"DIG"},{"data":"Buffer","floor":42.0,"key":"SMITH"},{"floor":46.0,"key":"DIG"},{"floor":49.0,"key":"DIG"}],"neow_cost":"NONE","seed_source_timestamp":0,"circlet_count":0,"master_deck":["Strike_B+1","Strike_B+1","Strike_B+1","Defend_B+1","Defend_B+1","Defend_B+1","Defend_B+1","Zap+1","Dualcast","Conserve Battery","Genetic Algorithm","Loop+1","Cold Snap","BootSequence","Coolheaded","White Noise","FTL","Buffer+1","Blizzard+1","Double Energy+1","Electrodynamics","Genetic Algorithm+1","Cold Snap","Violence+1","Go for the Eyes+1"],"special_seed":0,"relics":["Cracked Core","Shovel","Turnip","MawBank","Ectoplasm","FossilizedHelix","Orichalcum","Nunchaku","Toxic Egg 2","Strawberry","Symbiotic Virus","Eternal Feather","Smiling Mask","Ice Cream","Red Mask","Potion Belt","Anchor"],"potions_floor_usage":[50,50],"damage_taken":[{"damage":3.0,"enemies":"Jaw Worm","floor":1.0,"turns":4.0},{"damage":0.0,"enemies":"Cultist","floor":2.0,"turns":3.0},{"damage":0.0,"enemies":"Small Slimes","floor":4.0,"turns":3.0},{"damage":9.0,"enemies":"Looter","floor":7.0,"turns":3.0},{"damage":24.0,"enemies":"Gremlin Nob","floor":10.0,"turns":5.0},{"damage":1.0,"enemies":"Blue Slaver","floor":11.0,"turns":4.0},{"damage":4.0,"enemies":"Exordium Wildlife","floor":13.0,"turns":5.0},{"damage":2.0,"enemies":"3 Louse","floor":14.0,"turns":4.0},{"damage":6.0,"enemies":"The Guardian","floor":16.0,"turns":13.0},{"damage":14.0,"enemies":"Chosen","floor":18.0,"turns":8.0},{"damage":5.0,"enemies":"Book of Stabbing","floor":23.0,"turns":6.0},{"damage":10.0,"enemies":"Gremlin Leader","floor":25.0,"turns":8.0},{"damage":0.0,"enemies":"Shell Parasite","floor":28.0,"turns":5.0},{"damage":0.0,"enemies":"Chosen and Byrds","floor":30.0,"turns":6.0},{"damage":62.0,"enemies":"Automaton","floor":33.0,"turns":12.0},{"damage":0.0,"enemies":"Orb Walker","floor":35.0,"turns":3.0},{"damage":0.0,"enemies":"3 Darklings","floor":38.0,"turns":8.0},{"damage":17.0,"enemies":"Transient","floor":39.0,"turns":5.0},{"damage":0.0,"enemies":"Jaw Worm Horde","floor":47.0,"turns":4.0},{"damage":0.0,"enemies":"4 Shapes","floor":48.0,"turns":4.0},{"damage":87,"enemies":"Time Eater","floor":50,"turns":14}],"seed_played":"-6630558759210205950","potions_obtained":[{"floor":2.0,"key":"Energy Potion"},{"floor":7.0,"key":"Regen Potion"},{"floor":10.0,"key":"Weak Potion"},{"floor":14.0,"key":"Weak Potion"},{"floor":18.0,"key":"Fruit Juice"},{"floor":28.0,"key":"Regen Potion"},{"floor":35.0,"key":"Energy Potion"},{"floor":39.0,"key":"Weak Potion"},{"floor":48.0,"key":"GamblersBrew"}],"is_trial":false,"path_per_floor":["M","M","$","M","?","R","M","R","T","E","M","R","M","M","R","B",null,"M","$","?","?","?","E","R","E","T","R","M","$","M","$","R","B",null,"M","?","?","M","M","R","$","R","T","?","?","R","M","M","R","B",null],"character_chosen":"DEFECT","items_purchased":["FossilizedHelix"],"campfire_rested":2,"item_purchase_floors":[19],"current_hp_per_floor":[72,72,72,72,72,72,63,63,63,53,52,52,48,46,70,64,78,69,69,69,69,69,64,64,54,61,61,61,61,61,61,89,42,81,81,81,81,81,64,76,76,88,88,88,88,94,94,94,94,7],"gold":0,"neow_bonus":"TEN_PERCENT_HP_BONUS","is_prod":false,"is_daily":false,"chose_seed":false,"campfire_upgraded":3,"win_rate":0,"timestamp":1563009262,"path_taken":["M","M","$","M","?","R","M","R","T","E","M","R","?","M","R","BOSS","M","$","?","?","?","E","R","E","T","R","M","$","M","?","R","BOSS","M","?","?","?","M","R","$","R","T","?","?","R","M","M","R","BOSS"],"build_version":"2019-07-05","purchased_purges":0,"victory":true,"max_hp_per_floor":[82,82,82,82,82,82,82,82,82,82,82,82,82,82,82,82,82,87,87,87,87,87,87,87,87,94,94,94,94,94,94,94,94,94,94,94,94,94,94,94,94,94,94,94,94,94,94,94,94,94],"card_choices":[{"not_picked":["Steam","Sweeping Beam"],"picked":"Conserve Battery","floor":1.0},{"not_picked":["Ball Lightning","Auto Shields"],"picked":"Genetic Algorithm","floor":2.0},{"not_picked":["Streamline","Beam Cell"],"picked":"Loop","floor":4.0},{"not_picked":["Redo","Recycle"],"picked":"Cold Snap","floor":7.0},{"not_picked":["Stack","Auto Shields"],"picked":"BootSequence","floor":10.0},{"not_picked":["Heatsinks","Compile Driver"],"picked":"Coolheaded","floor":11.0},{"not_picked":["Auto Shields","Rainbow"],"picked":"White Noise","floor":13.0},{"not_picked":["Go for the Eyes","Redo"],"picked":"FTL","floor":14.0},{"not_picked":["Creative AI","Meteor Strike"],"picked":"Buffer","floor":16.0},{"not_picked":["Tempest","Rebound"],"picked":"Blizzard+1","floor":18.0},{"not_picked":["Gash","Turbo","Coolheaded"],"picked":"SKIP","floor":23.0},{"not_picked":["Skim","Reinforced Body","Rip and Tear"],"picked":"SKIP","floor":25.0},{"not_picked":["Consume+1","Hologram+1"],"picked":"Double Energy+1","floor":28.0},{"not_picked":["Hologram+1","Force Field+1","Blizzard"],"picked":"SKIP","floor":30.0},{"not_picked":["Reboot+1","Meteor Strike"],"picked":"Electrodynamics","floor":33.0},{"not_picked":["Gash","Lockon","Hologram+1"],"picked":"SKIP","floor":35.0},{"not_picked":["Reprogram+1","Auto Shields+1"],"picked":"Cold Snap","floor":38.0},{"not_picked":["Scrape+1","Genetic Algorithm+1","Sweeping Beam"],"picked":"SKIP","floor":39.0},{"not_picked":["Thinking Ahead+1","Finesse+1"],"picked":"Violence+1","floor":44.0},{"not_picked":["Stack+1","Aggregate+1","Compile Driver"],"picked":"SKIP","floor":47.0},{"not_picked":["Aggregate+1","Steam+1"],"picked":"Go for the Eyes+1","floor":48.0}],"player_experience":322363,"relics_obtained":[{"floor":9.0,"key":"Shovel"},{"floor":10.0,"key":"Turnip"},{"floor":12.0,"key":"MawBank"},{"floor":23.0,"key":"Orichalcum"},{"floor":24.0,"key":"Nunchaku"},{"floor":25.0,"key":"Toxic Egg 2"},{"floor":26.0,"key":"Strawberry"},{"floor":27.0,"key":"Symbiotic Virus"},{"floor":40.0,"key":"Smiling Mask"},{"floor":43.0,"key":"Ice Cream"},{"floor":46.0,"key":"Potion Belt"},{"floor":49.0,"key":"Anchor"}],"event_choices":[{"cards_removed":["Strike_B"],"damage_healed":0.0,"max_hp_gain":0.0,"max_hp_loss":0.0,"gold_gain":0.0,"event_name":"Purifier","player_choice":"Purged","floor":5.0,"gold_loss":0.0,"damage_taken":0.0},{"damage_healed":0.0,"max_hp_gain":0.0,"max_hp_loss":0.0,"gold_gain":0.0,"event_name":"The Mausoleum","player_choice":"Ignored","floor":20.0,"gold_loss":0.0,"damage_taken":0.0},{"damage_healed":0.0,"max_hp_gain":0.0,"max_hp_loss":0.0,"gold_gain":0.0,"event_name":"Back to Basics","player_choice":"Simplicity","floor":21.0,"gold_loss":0.0,"damage_taken":0.0,"cards_upgraded":["Strike_B","Strike_B","Strike_B","Defend_B","Defend_B","Defend_B","Defend_B"]},{"damage_healed":0.0,"max_hp_gain":0.0,"max_hp_loss":0.0,"gold_gain":0.0,"event_name":"Masked Bandits","player_choice":"Paid Fearfully","floor":22.0,"gold_loss":91.0,"damage_taken":0.0},{"damage_healed":0.0,"max_hp_gain":0.0,"max_hp_loss":0.0,"gold_gain":0.0,"event_name":"Mysterious Sphere","player_choice":"Ignored","floor":36.0,"gold_loss":0.0,"damage_taken":0.0},{"damage_healed":0.0,"max_hp_gain":0.0,"max_hp_loss":0.0,"gold_gain":0.0,"event_name":"Duplicator","player_choice":"Copied","floor":37.0,"gold_loss":0.0,"damage_taken":0.0,"cards_obtained":["Genetic Algorithm"]},{"damage_healed":0.0,"max_hp_gain":0.0,"max_hp_loss":0.0,"gold_gain":0.0,"event_name":"SensoryStone","player_choice":"Memory 1","floor":44.0,"gold_loss":0.0,"damage_taken":0.0},{"damage_healed":0.0,"max_hp_gain":0.0,"max_hp_loss":0.0,"gold_gain":0.0,"event_name":"Tomb of Lord Red Mask","player_choice":"Paid","floor":45.0,"gold_loss":0.0,"damage_taken":0.0,"relics_obtained":["Red Mask"]}],"is_beta":false,"boss_relics":[{"not_picked":["Calling Bell","Pandora\u0027s Box"],"picked":"Ectoplasm"},{"not_picked":["Runic Dome","Velvet Choker"],"picked":"Eternal Feather"}],"items_purged_floors":[],"is_endless":false,"potions_floor_spawned":[2,7,10,14,18,28,35,39,48],"ascension_level":7}