{"gold_per_floor":[119,66,66,66,66,66,83,108,108,123],"floor_reached":10,"playtime":181,"items_purged":[],"score":96,"play_id":"657aa1ac-74d3-4680-bb5a-490f5f8a9f35","local_time":"20190620234014","is_ascension_mode":true,"campfire_choices":[{"floor":6,"key":"RECALL"}],"neow_cost":"NONE","seed_source_timestamp":799450114780353,"circlet_count":0,"master_deck":["Defend_G","Defend_G","Defend_G","Defend_G","Strike_G","Strike_G","Strike_G","Strike_G","Strike_G","Survivor+1","Neutralize","Quick Slash","Poisoned Stab+1","Malaise","Accuracy","Cloak And Dagger","Quick Slash"],"relics":["Ring of the Snake","NeowsBlessing","Lantern","Bottled Lightning"],"potions_floor_usage":[],"damage_taken":[{"damage":0,"enemies":"Small Slimes","floor":1,"turns":1},{"damage":0,"enemies":"Cultist","floor":7,"turns":1},{"damage":0,"enemies":"Gremlin Nob","floor":8,"turns":1},{"damage":0,"enemies":"2 Louse","floor":10,"turns":3}],"seed_played":"-3540727982056591622","potions_obtained":[{"floor":10,"key":"Energy Potion"}],"is_trial":false,"path_per_floor":["M","$","?","$","?","R","M","E","T","M"],"character_chosen":"THE_SILENT","items_purchased":["Poisoned Stab"],"campfire_rested":0,"item_purchase_floors":[2],"current_hp_per_floor":[70,70,56,56,56,56,56,56,56,56],"gold":123,"neow_bonus":"THREE_ENEMY_KILL","is_prod":false,"is_daily":false,"chose_seed":false,"campfire_upgraded":0,"win_rate":0,"timestamp":1561099214,"path_taken":["M","$","?","$","?","R","M","E","T","M"],"build_version":"2019-01-23","purchased_purges":0,"victory":false,"max_hp_per_floor":[70,70,70,70,70,70,70,70,70,70],"card_choices":[{"not_picked":["Heel Hook","Dodge and Roll"],"picked":"Quick Slash","floor":1},{"not_picked":["Terror","All Out Attack"],"picked":"Accuracy","floor":7},{"not_picked":["Reflex","Quick Slash"],"picked":"Cloak And Dagger","floor":8},{"not_picked":["Concentrate","Distraction"],"picked":"Quick Slash","floor":10}],"player_experience":102942,"relics_obtained":[{"floor":8,"key":"Lantern"},{"floor":9,"key":"Bottled Lightning"}],"event_choices":[{"damage_healed":0,"gold_gain":0,"player_choice":"Entered Light","damage_taken":14,"max_hp_gain":0,"max_hp_loss":0,"event_name":"Shining Light","floor":3,"gold_loss":0,"cards_upgraded":["Poisoned Stab","Survivor"]},{"damage_healed":0,"gold_gain":0,"cards_transformed":["Defend_G"],"player_choice":"Transformed","damage_taken":0,"max_hp_gain":0,"max_hp_loss":0,"event_name":"Transmorgrifier","floor":5,"gold_loss":0,"cards_obtained":["Malaise"]}],"is_beta":false,"boss_relics":[],"items_purged_floors":[],"is_endless":false,"potions_floor_spawned":[10],"killed_by":"2 Louse","ascension_level":1}