{"gold_per_floor":[217,217,217,236,250,250,264,264,264,264,191,214,214,12,12,143,143,159,173,186,186],"floor_reached":21,"playtime":504,"items_purged":[],"score":270,"play_id":"e094eed5-6eff-4bd4-a587-4b9dca1084bc","local_time":"20190716214032","is_ascension_mode":true,"campfire_choices":[{"data":"Zap","floor":6.0,"key":"SMITH"},{"data":"Auto Shields","floor":8.0,"key":"SMITH"},{"data":"Dualcast","floor":10.0,"key":"SMITH"},{"data":"Defend_B","floor":13.0,"key":"SMITH"},{"data":"Defend_B","floor":15.0,"key":"SMITH"}],"neow_cost":"NONE","seed_source_timestamp":234946847430900,"circlet_count":0,"master_deck":["AscendersBane","Strike_B","Strike_B","Strike_B","Strike_B","Defend_B+1","Defend_B+1","Defend_B","Defend_B","Zap+1","Dualcast+1","Auto Shields+1","Defragment+1","Electrodynamics+1","Loop+1","Conserve Battery","Double Energy"],"special_seed":0,"relics":["Cracked Core","Golden Idol","Frozen Egg 2","Boot","Lee\u0027s Waffle","Eternal Feather"],"potions_floor_usage":[20],"damage_taken":[{"damage":7.0,"enemies":"Small Slimes","floor":1.0,"turns":3.0},{"damage":2.0,"enemies":"Jaw Worm","floor":4.0,"turns":3.0},{"damage":0.0,"enemies":"Cultist","floor":5.0,"turns":4.0},{"damage":2.0,"enemies":"Looter","floor":7.0,"turns":3.0},{"damage":48.0,"enemies":"Slime Boss","floor":16.0,"turns":12.0},{"damage":22.0,"enemies":"2 Thieves","floor":18.0,"turns":2.0},{"damage":24.0,"enemies":"Shell Parasite","floor":19.0,"turns":6.0},{"damage":12,"enemies":"Cultist and Chosen","floor":20,"turns":3}],"seed_played":"-1739022036458555852","potions_obtained":[{"floor":1.0,"key":"AttackPotion"},{"floor":16.0,"key":"FocusPotion"},{"floor":18.0,"key":"Dexterity Potion"}],"is_trial":false,"path_per_floor":["M","?","?","M","M","R","M","R","T","R","$","T","R","$","R","B",null,"M","M","M","?"],"character_chosen":"DEFECT","items_purchased":["Defragment+1","Lee\u0027s Waffle"],"campfire_rested":0,"item_purchase_floors":[11,14],"current_hp_per_floor":[61,61,61,59,59,59,57,57,57,57,57,57,57,76,76,28,64,42,18,6,0],"gold":186,"neow_bonus":"HUNDRED_GOLD","is_prod":false,"is_daily":false,"chose_seed":false,"campfire_upgraded":5,"win_rate":0,"timestamp":1563306032,"path_taken":["M","?","?","M","M","R","M","R","T","R","$","?","R","$","R","BOSS","M","M","M","?"],"build_version":"2019-07-05","purchased_purges":0,"victory":false,"max_hp_per_floor":[75,75,69,69,69,69,69,69,69,69,69,69,69,76,76,76,76,76,76,76,76],"card_choices":[{"not_picked":["Darkness","Beam Cell"],"picked":"Auto Shields","floor":1.0},{"not_picked":["Steam","Hologram","Ball Lightning"],"picked":"SKIP","floor":4.0},{"not_picked":["Aggregate","Streamline","Redo"],"picked":"SKIP","floor":5.0},{"not_picked":["Sunder","Compile Driver","Heatsinks"],"picked":"SKIP","floor":7.0},{"not_picked":["Reboot","All For One"],"picked":"Electrodynamics+1","floor":16.0},{"not_picked":["Barrage","Gash"],"picked":"Loop+1","floor":18.0},{"not_picked":["Reprogram","Gash"],"picked":"Conserve Battery","floor":19.0},{"not_picked":["Steam","Compile Driver"],"picked":"Double Energy","floor":20}],"player_experience":341103,"relics_obtained":[{"floor":9.0,"key":"Frozen Egg 2"},{"floor":12.0,"key":"Boot"}],"event_choices":[{"damage_healed":0.0,"max_hp_gain":0.0,"max_hp_loss":0.0,"gold_gain":0.0,"event_name":"Golden Wing","player_choice":"Ignored","floor":2.0,"gold_loss":0.0,"damage_taken":0.0},{"damage_healed":0.0,"max_hp_gain":0.0,"max_hp_loss":6.0,"gold_gain":0.0,"event_name":"Golden Idol","player_choice":"Lose Max HP","floor":3.0,"gold_loss":0.0,"damage_taken":0.0,"relics_obtained":["Golden Idol"]},{"damage_healed":0,"gold_gain":0,"player_choice":"Joined the Cult","damage_taken":6,"max_hp_gain":0,"max_hp_loss":0,"event_name":"Nest","floor":21,"gold_loss":0,"cards_obtained":["RitualDagger"]}],"is_beta":false,"boss_relics":[{"not_picked":["Tiny House","Philosopher\u0027s Stone"],"picked":"Eternal Feather"}],"items_purged_floors":[],"is_endless":false,"potions_floor_spawned":[1,16,18],"ascension_level":12}