{"gold_per_floor":[117,117,38,38,38,38,48,13,39,39,70,70,70,87,87,186,186,196,196,74,88,103,103,116,116,139,149,149,149,164,15,15,110,160,173,187,187,207,223,223,236,236,263,275,302,314,326,17,17,17],"floor_reached":50,"playtime":2035,"items_purged":["Parasite"],"score":641,"play_id":"4a7da36b-5c9d-4d14-8832-d57be6e0c328","local_time":"20190713135303","is_ascension_mode":true,"campfire_choices":[{"floor":6.0,"key":"REST"},{"data":"Gash","floor":10.0,"key":"SMITH"},{"data":"Glacier","floor":12.0,"key":"SMITH"},{"floor":15.0,"key":"REST"},{"floor":23.0,"key":"REST"},{"data":"Defragment","floor":25.0,"key":"SMITH"},{"data":"Thunder Strike","floor":29.0,"key":"SMITH"},{"floor":32.0,"key":"REST"},{"floor":40,"key":"REST"},{"floor":42,"key":"REST"},{"floor":44,"key":"REST"},{"data":"Capacitor","floor":49,"key":"SMITH"}],"neow_cost":"PERCENT_DAMAGE","seed_source_timestamp":1439560375466300,"circlet_count":0,"master_deck":["Strike_B+1","Defend_B","Defend_B","Defend_B","Zap+1","Dualcast","Gash+1","Glacier+1","Core Surge+1","Coolheaded+1","Hologram","Thunder Strike+1","Defragment+1","Gash","Hologram","Scrape","Rebound","FTL","Ball Lightning","Hologram+1","Ball Lightning+1","Capacitor+1","Ball Lightning+1","Discovery"],"special_seed":0,"relics":["Cracked Core","Mango","Blood Vial","Nunchaku","Nuclear Battery","Regal Pillow","Bronze Scales","Tiny House","MawBank","Pantograph","Mercury Hourglass"],"potions_floor_usage":[39,39,45,50,50],"damage_taken":[{"damage":3.0,"enemies":"2 Louse","floor":1.0,"turns":3.0},{"damage":2.0,"enemies":"Small Slimes","floor":7.0,"turns":3.0},{"damage":21.0,"enemies":"3 Sentries","floor":11.0,"turns":9.0},{"damage":2.0,"enemies":"Jaw Worm","floor":14.0,"turns":4.0},{"damage":73.0,"enemies":"Hexaghost","floor":16.0,"turns":12.0},{"damage":15.0,"enemies":"2 Thieves","floor":18.0,"turns":5.0},{"damage":5.0,"enemies":"Chosen","floor":21.0,"turns":4.0},{"damage":5.0,"enemies":"Snecko","floor":22.0,"turns":5.0},{"damage":6.0,"enemies":"Snake Plant","floor":24.0,"turns":5.0},{"damage":3.0,"enemies":"Cultist and Chosen","floor":27.0,"turns":5.0},{"damage":8.0,"enemies":"3 Cultists","floor":30.0,"turns":4.0},{"damage":81.0,"enemies":"Collector","floor":33.0,"turns":8.0},{"damage":1.0,"enemies":"3 Shapes","floor":35.0,"turns":8.0},{"damage":9.0,"enemies":"Orb Walker","floor":36.0,"turns":3.0},{"damage":57.0,"enemies":"Transient","floor":38.0,"turns":5.0},{"damage":0,"enemies":"Spire Growth","floor":39,"turns":5},{"damage":38,"enemies":"4 Shapes","floor":41,"turns":6},{"damage":32,"enemies":"Writhing Mass","floor":45,"turns":6},{"damage":92,"enemies":"Awakened One","floor":50,"turns":8}],"seed_played":"825634159132052036","potions_obtained":[{"floor":1.0,"key":"Ancient Potion"},{"floor":7.0,"key":"Poison Potion"},{"floor":16.0,"key":"Block Potion"},{"floor":21.0,"key":"Weak Potion"},{"floor":24.0,"key":"Ancient Potion"},{"floor":34.0,"key":"FocusPotion"},{"floor":39,"key":"Strength Potion"},{"floor":41,"key":"Dexterity Potion"}],"is_trial":false,"path_per_floor":["M","?","$","?","$","R","M","?","T","R","E","R","$","M","R","B",null,"M","?","$","M","M","R","M","R","T","M","?","R","M","$","R","B",null,"M","M","?","M","M","R","M","R","T","R","M","?","T","$","R","B"],"character_chosen":"DEFECT","items_purchased":["Glacier","Defragment","Gash","Bronze Scales","Mercury Hourglass"],"campfire_rested":7,"item_purchase_floors":[3,20,20,31,48],"current_hp_per_floor":[61,43,43,43,43,69,67,89,89,89,68,68,68,68,89,16,71,58,58,58,55,52,78,74,74,74,73,73,73,67,67,89,8,74,75,68,68,13,15,58,22,65,65,94,62,62,62,62,62,0],"gold":17,"neow_bonus":"ONE_RARE_RELIC","is_prod":false,"is_daily":false,"chose_seed":false,"campfire_upgraded":5,"win_rate":0,"timestamp":1563018783,"path_taken":["M","?","$","?","$","R","M","?","T","R","E","R","?","M","R","BOSS","M","?","?","M","M","R","M","R","T","M","?","R","?","$","R","BOSS","M","M","?","M","?","R","M","R","T","R","M","?","?","$","R","BOSS"],"build_version":"2019-07-05","purchased_purges":1,"victory":false,"max_hp_per_floor":[89,89,89,89,89,89,89,89,89,89,89,89,89,89,89,89,89,89,89,89,89,89,89,89,89,89,89,89,89,89,89,89,89,94,94,94,94,94,94,94,94,94,94,94,94,94,94,91,91,91],"card_choices":[{"not_picked":["Chaos","Turbo"],"picked":"Gash","floor":1.0},{"not_picked":["Barrage","Beam Cell","Hologram"],"picked":"SKIP","floor":7.0},{"not_picked":["Turbo","Multi-Cast"],"picked":"Core Surge","floor":11.0},{"not_picked":["Recycle","Stack","Hologram"],"picked":"SKIP","floor":14.0},{"not_picked":["Stack","Turbo"],"picked":"Coolheaded+1","floor":18.0},{"not_picked":["Chaos","Heatsinks"],"picked":"Hologram","floor":21.0},{"not_picked":["Consume+1","Tempest"],"picked":"Scrape","floor":22.0},{"not_picked":["Redo","Rip and Tear"],"picked":"Rebound","floor":24.0},{"not_picked":["Reinforced Body","Stack"],"picked":"FTL","floor":27.0},{"not_picked":["Reprogram","Tempest","Doom and Gloom"],"picked":"SKIP","floor":30.0},{"not_picked":["Streamline+1","Rebound"],"picked":"Hologram+1","floor":35.0},{"not_picked":["Rebound","Undo"],"picked":"Ball Lightning+1","floor":36.0},{"not_picked":["Beam Cell+1","Leap+1"],"picked":"Capacitor","floor":38.0},{"not_picked":["Streamline","Conserve Battery","Reinforced Body"],"picked":"SKIP","floor":39},{"not_picked":["Thunder Strike","Ball Lightning+1","Rip and Tear"],"picked":"SKIP","floor":41},{"not_picked":["Coolheaded","Self Repair"],"picked":"Ball Lightning+1","floor":45},{"not_picked":["Blind","Dark Shackles"],"picked":"Discovery","floor":46}],"player_experience":325473,"relics_obtained":[{"floor":9.0,"key":"Blood Vial"},{"floor":11.0,"key":"Nunchaku"},{"floor":26.0,"key":"Regal Pillow"},{"floor":43,"key":"MawBank"},{"floor":47,"key":"Pantograph"}],"event_choices":[{"damage_healed":0.0,"max_hp_gain":0.0,"max_hp_loss":0.0,"gold_gain":0.0,"event_name":"Shining Light","player_choice":"Entered Light","floor":2.0,"gold_loss":0.0,"damage_taken":18.0,"cards_upgraded":["Strike_B","Strike_B"]},{"damage_healed":0.0,"max_hp_gain":0.0,"max_hp_loss":0.0,"gold_gain":0.0,"event_name":"Living Wall","player_choice":"Grow","floor":4.0,"gold_loss":0.0,"damage_taken":0.0,"cards_upgraded":["Zap"]},{"damage_healed":22.0,"max_hp_gain":0.0,"max_hp_loss":0.0,"gold_gain":0.0,"event_name":"The Cleric","player_choice":"Healed","floor":8.0,"gold_loss":35.0,"damage_taken":0.0},{"damage_healed":0.0,"max_hp_gain":0.0,"max_hp_loss":0.0,"gold_gain":0.0,"cards_transformed":["Strike_B","Strike_B"],"event_name":"Drug Dealer","player_choice":"Became Test Subject","floor":19.0,"gold_loss":0.0,"damage_taken":0.0,"cards_obtained":["Hologram","Thunder Strike"]},{"damage_healed":0.0,"max_hp_gain":0.0,"max_hp_loss":0.0,"gold_gain":0.0,"cards_transformed":["Defend_B"],"event_name":"Transmorgrifier","player_choice":"Transformed","floor":28.0,"gold_loss":0.0,"damage_taken":0.0,"cards_obtained":["Ball Lightning"]},{"cards_removed":["Strike_B"],"damage_healed":0.0,"max_hp_gain":0.0,"max_hp_loss":0.0,"gold_gain":0.0,"event_name":"Bonfire Elementals","player_choice":"Offered Basic","floor":37.0,"gold_loss":0.0,"damage_taken":0.0},{"damage_healed":0,"gold_gain":0,"player_choice":"Memory 1","damage_taken":0,"max_hp_gain":0,"max_hp_loss":0,"event_name":"SensoryStone","floor":46,"gold_loss":0}],"is_beta":false,"boss_relics":[{"not_picked":["Black Star","Coffee Dripper"],"picked":"Nuclear Battery"},{"not_picked":["Snecko Eye","Philosopher\u0027s Stone"],"picked":"Tiny House"}],"items_purged_floors":[48],"is_endless":false,"potions_floor_spawned":[1,7,16,21,22,24,38,39,41],"killed_by":"Awakened One","ascension_level":8}