{"gold_per_floor":[109,121,137,155,175,175,201,201,201,126,137,147,147,181,181,259,259,271,285,335,349,273,273,300,224,224,224],"floor_reached":27,"playtime":1818,"items_purged":["Strike_B"],"score":490,"play_id":"ef4bc4a9-5f3c-4d4b-b855-e957423eace0","local_time":"20190309181900","is_ascension_mode":true,"campfire_choices":[{"data":"Streamline","floor":6,"key":"SMITH"},{"floor":8,"key":"REST"},{"data":"Zap","floor":13,"key":"SMITH"},{"floor":15,"key":"REST"},{"floor":23,"key":"REST"}],"neow_cost":"NONE","seed_source_timestamp":1943852267445356,"circlet_count":0,"master_deck":["AscendersBane","Strike_B","Strike_B","Strike_B","Defend_B","Defend_B","Defend_B","Defend_B","Zap+1","Dualcast","Chill","Steam","Compile Driver","Streamline+1","Hologram","Self Repair","Doom and Gloom+1","Biased Cognition","Coolheaded","BootSequence","Echo Form","Loop","Conserve Battery+1","Capacitor"],"relics":["Cracked Core","Bag of Marbles","Molten Egg 2","Sundial","Shuriken","Cursed Key","Toxic Egg 2"],"potions_floor_usage":[12,14],"damage_taken":[{"damage":1,"enemies":"Cultist","floor":1,"turns":3},{"damage":7,"enemies":"Small Slimes","floor":2,"turns":4},{"damage":2,"enemies":"Jaw Worm","floor":3,"turns":5},{"damage":20,"enemies":"Large Slime","floor":4,"turns":6},{"damage":7,"enemies":"3 Louse","floor":5,"turns":3},{"damage":19,"enemies":"3 Sentries","floor":7,"turns":9},{"damage":0,"enemies":"Gremlin Gang","floor":11,"turns":4},{"damage":8,"enemies":"Exordium Thugs","floor":12,"turns":3},{"damage":13,"enemies":"Lagavulin","floor":14,"turns":6},{"damage":33,"enemies":"Slime Boss","floor":16,"turns":7},{"damage":28,"enemies":"Chosen","floor":18,"turns":5},{"damage":19,"enemies":"Shell Parasite","floor":19,"turns":4},{"damage":17,"enemies":"Shelled Parasite and Fungi","floor":21,"turns":5},{"damage":20,"enemies":"Gremlin Leader","floor":24,"turns":8},{"damage":17,"enemies":"Cultist and Chosen","floor":27,"turns":3}],"seed_played":"-6486026675994686462","potions_obtained":[{"floor":2,"key":"SpeedPotion"},{"floor":5,"key":"LiquidBronze"},{"floor":7,"key":"Swift Potion"},{"floor":14,"key":"SpeedPotion"},{"floor":18,"key":"Strength Potion"}],"is_trial":false,"path_per_floor":["M","M","M","M","M","R","E","R","T","$","M","M","R","E","R","B",null,"M","M","?","M","$","R","E","$","T","M"],"character_chosen":"DEFECT","items_purchased":["Loop","Capacitor"],"campfire_rested":3,"item_purchase_floors":[22,25],"current_hp_per_floor":[63,56,54,34,27,27,8,29,29,29,36,28,28,22,43,17,58,37,25,25,15,15,36,16,16,16,0],"gold":224,"neow_bonus":"RANDOM_COMMON_RELIC","is_prod":false,"is_daily":false,"chose_seed":false,"campfire_upgraded":2,"win_rate":0,"timestamp":1552123140,"path_taken":["M","M","M","M","M","R","E","R","T","$","M","M","R","E","R","BOSS","M","?","?","M","$","R","E","?","T","?"],"build_version":"2019-01-23","purchased_purges":1,"victory":false,"max_hp_per_floor":[71,71,71,71,71,71,71,71,71,71,71,71,71,71,71,71,71,71,71,71,71,71,71,71,71,71,71],"card_choices":[{"not_picked":["Rebound","Steam"],"picked":"Chill","floor":1},{"not_picked":["Rebound","White Noise"],"picked":"Steam","floor":2},{"not_picked":["Barrage","Tempest"],"picked":"Compile Driver","floor":3},{"not_picked":["Redo","Heatsinks"],"picked":"Streamline","floor":4},{"not_picked":["Melter","Stack"],"picked":"Hologram","floor":5},{"not_picked":["Hologram","Machine Learning"],"picked":"Self Repair","floor":7},{"not_picked":["Cold Snap+1","Stack"],"picked":"Doom and Gloom+1","floor":11},{"not_picked":["Steam","Cold Snap+1","Hologram"],"picked":"SKIP","floor":12},{"not_picked":["Turbo","Chill","Leap"],"picked":"SKIP","floor":14},{"not_picked":["Thunder Strike+1","Meteor Strike+1"],"picked":"Biased Cognition","floor":16},{"not_picked":["Beam Cell+1","FTL+1"],"picked":"Coolheaded","floor":18},{"not_picked":["Double Energy","Ball Lightning+1"],"picked":"BootSequence","floor":19},{"not_picked":["Hologram+1","Redo"],"picked":"Echo Form","floor":21},{"not_picked":["Static Discharge","Stack"],"picked":"Conserve Battery+1","floor":24}],"player_experience":518104,"relics_obtained":[{"floor":7,"key":"Molten Egg 2"},{"floor":9,"key":"Sundial"},{"floor":14,"key":"Shuriken"},{"floor":24,"key":"Toxic Egg 2"}],"event_choices":[{"damage_healed":0,"gold_gain":50,"player_choice":"Pray","damage_taken":0,"max_hp_gain":0,"max_hp_loss":0,"event_name":"Golden Shrine","floor":20,"gold_loss":0}],"is_beta":false,"boss_relics":[{"not_picked":["Runic Pyramid","Black Star"],"picked":"Cursed Key"}],"items_purged_floors":[10],"is_endless":false,"potions_floor_spawned":[2,5,7,14,18,19,24],"killed_by":"Cultist and Chosen","ascension_level":20}