{"gold_per_floor":[114,114,132,151,171,171,234,234,302,302,332,342,342,370,370,445,445,457,457,16,28,39,39,68,81,81,81,131,151,151,167,167,241,241,254,254,4,16,36,64,84,99,99,99,113,113,126,136,136,136],"floor_reached":51,"playtime":6172,"items_purged":[],"score":1277,"play_id":"2065102f-d9f9-49cf-9738-087ea65818a8","local_time":"20190719185402","is_ascension_mode":true,"campfire_choices":[{"data":"Finisher","floor":6.0,"key":"SMITH"},{"data":"Dagger Spray","floor":8.0,"key":"SMITH"},{"floor":10.0,"key":"REST"},{"data":"Burst","floor":13.0,"key":"SMITH"},{"data":"Deflect","floor":15.0,"key":"SMITH"},{"data":"Noxious Fumes","floor":23.0,"key":"SMITH"},{"data":"Cloak And Dagger","floor":27.0,"key":"SMITH"},{"data":"Cloak And Dagger","floor":30.0,"key":"SMITH"},{"data":"Footwork","floor":32.0,"key":"SMITH"},{"data":"Cloak And Dagger","floor":44.0,"key":"SMITH"},{"data":"Cloak And Dagger","floor":46,"key":"SMITH"},{"data":"Malaise","floor":49,"key":"SMITH"}],"neow_cost":"NONE","seed_source_timestamp":820148716542134,"circlet_count":0,"master_deck":["AscendersBane","Defend_G","Defend_G","Defend_G","Defend_G","Defend_G","Survivor","Neutralize+1","Flying Knee","Quick Slash","Dagger Spray+1","Finisher+1","Heel Hook","Terror","Burst+1","Deflect+1","Crippling Poison","Malaise+1","Backflip","Dodge and Roll","Bite","Bite","Bite","Bite","Bite","Endless Agony","Deflect","Noxious Fumes+1","Footwork+1","Backstab","Sucker Punch","Dagger Spray+1","Phantasmal Killer","Dodge and Roll","Cloak And Dagger+1","Cloak And Dagger+1","Endless Agony","Doppelganger","Adrenaline","Blade Dance+1","Backstab+1","Cloak And Dagger+1","Deflect","Cloak And Dagger+1","Blade Dance+1","Burst","Cloak And Dagger","Dodge and Roll+1","Endless Agony","Acrobatics","Writhe","PiercingWail+1","Cloak And Dagger","Accuracy","Backstab","Heel Hook+1"],"special_seed":0,"relics":["Ring of the Snake","Pocketwatch","Tiny Chest","Matryoshka","Prayer Wheel","Incense Burner","Cursed Key","Shuriken","Orichalcum","Blue Candle","Strawberry","Sozu","Spirit Poop","Bottled Flame","Smiling Mask","Anchor","Darkstone Periapt"],"potions_floor_usage":[47],"damage_taken":[{"damage":0.0,"enemies":"2 Louse","floor":1.0,"turns":4.0},{"damage":0.0,"enemies":"Cultist","floor":3.0,"turns":3.0},{"damage":0.0,"enemies":"Small Slimes","floor":4.0,"turns":4.0},{"damage":4.0,"enemies":"Red Slaver","floor":5.0,"turns":6.0},{"damage":19.0,"enemies":"Lagavulin","floor":7.0,"turns":7.0},{"damage":18.0,"enemies":"Gremlin Nob","floor":11.0,"turns":4.0},{"damage":14.0,"enemies":"3 Louse","floor":12.0,"turns":2.0},{"damage":10.0,"enemies":"3 Sentries","floor":14.0,"turns":5.0},{"damage":24.0,"enemies":"Hexaghost","floor":16.0,"turns":12.0},{"damage":3.0,"enemies":"Shell Parasite","floor":18.0,"turns":6.0},{"damage":0.0,"enemies":"Chosen","floor":21.0,"turns":5.0},{"damage":0.0,"enemies":"Centurion and Healer","floor":22.0,"turns":6.0},{"damage":21.0,"enemies":"Book of Stabbing","floor":24.0,"turns":6.0},{"damage":5.0,"enemies":"Snake Plant","floor":25.0,"turns":3.0},{"damage":2.0,"enemies":"3 Cultists","floor":29.0,"turns":4.0},{"damage":5.0,"enemies":"Chosen and Byrds","floor":31.0,"turns":5.0},{"damage":26.0,"enemies":"Collector","floor":33.0,"turns":7.0},{"damage":7.0,"enemies":"3 Darklings","floor":35.0,"turns":4.0},{"damage":0.0,"enemies":"Orb Walker","floor":38.0,"turns":1.0},{"damage":0.0,"enemies":"Sphere and 2 Shapes","floor":39.0,"turns":4.0},{"damage":12.0,"enemies":"Reptomancer","floor":40.0,"turns":5.0},{"damage":7.0,"enemies":"Spire Growth","floor":41.0,"turns":5.0},{"damage":0.0,"enemies":"Jaw Worm Horde","floor":42.0,"turns":2.0},{"damage":0,"enemies":"Transient","floor":45,"turns":5},{"damage":0,"enemies":"Spire Growth","floor":47,"turns":3},{"damage":0,"enemies":"Writhing Mass","floor":48,"turns":6},{"damage":28,"enemies":"Awakened One","floor":50,"turns":12}],"seed_played":"-7604365520507217403","potions_obtained":[{"floor":3.0,"key":"Dexterity Potion"},{"floor":7.0,"key":"Regen Potion"},{"floor":12.0,"key":"AttackPotion"},{"floor":18.0,"key":"GamblersBrew"},{"floor":24.0,"key":"Swift Potion"},{"floor":29.0,"key":"SkillPotion"},{"floor":31.0,"key":"Strength Potion"},{"floor":33.0,"key":"AttackPotion"}],"is_trial":false,"path_per_floor":["M","?","M","M","M","R","E","R","T","R","E","M","R","E","R","B",null,"M","?","$","M","M","R","E","M","T","R","?","M","R","M","R","B",null,"M","?","$","M","M","E","M","M","T","R","M","R","M","M","R","B",null],"character_chosen":"THE_SILENT","items_purchased":["Shuriken","Endless Agony","Deflect","Noxious Fumes","Bottled Flame"],"campfire_rested":1,"item_purchase_floors":[20,20,20,20,37],"current_hp_per_floor":[59,59,59,59,55,55,36,36,36,55,49,35,35,25,25,1,50,47,46,46,46,46,46,33,36,43,43,38,44,44,45,45,27,47,48,48,48,48,52,43,40,40,40,40,44,44,44,53,53,36],"gold":136,"neow_bonus":"UPGRADE_CARD","is_prod":false,"is_daily":false,"chose_seed":false,"campfire_upgraded":11,"win_rate":0,"timestamp":1563576842,"path_taken":["M","?","M","M","?","R","E","R","T","R","E","M","R","E","R","BOSS","M","?","$","M","M","R","E","M","T","R","?","M","R","?","R","BOSS","M","?","$","?","M","E","M","M","T","R","M","R","M","M","R","BOSS"],"build_version":"2019-07-17","purchased_purges":0,"victory":true,"max_hp_per_floor":[66,66,66,66,66,66,66,66,66,66,66,66,66,66,66,66,66,66,46,46,46,46,46,46,46,53,53,53,53,53,53,53,53,53,53,53,53,53,53,53,53,53,53,53,53,53,53,53,53,53],"card_choices":[{"not_picked":["Poisoned Stab","Outmaneuver"],"picked":"Flying Knee","floor":1.0},{"not_picked":["Bane","Blade Dance"],"picked":"Quick Slash","floor":3.0},{"not_picked":["Concentrate","Eviscerate"],"picked":"Dagger Spray","floor":4.0},{"not_picked":["Dagger Throw","PiercingWail"],"picked":"Finisher","floor":5.0},{"not_picked":["Tactician","Masterful Stab"],"picked":"Heel Hook","floor":7.0},{"not_picked":["Acrobatics","Sucker Punch"],"picked":"Terror","floor":11.0},{"not_picked":["Blade Dance","Escape Plan"],"picked":"Burst","floor":12.0},{"not_picked":["Backflip","Dagger Throw"],"picked":"Deflect","floor":12.0},{"not_picked":["Bane","Blade Dance"],"picked":"Crippling Poison","floor":14.0},{"not_picked":["Unload","Grand Finale"],"picked":"Malaise","floor":16.0},{"not_picked":["Heel Hook","Setup"],"picked":"Backflip","floor":18.0},{"not_picked":["Choke","Dagger Spray"],"picked":"Dodge and Roll","floor":18.0},{"not_picked":["Prepared+1","Caltrops"],"picked":"Footwork","floor":21.0},{"not_picked":["Doppelganger","Reflex"],"picked":"Backstab","floor":21.0},{"not_picked":["Outmaneuver","Quick Slash"],"picked":"Sucker Punch","floor":22.0},{"not_picked":["Dodge and Roll","Escape Plan"],"picked":"Dagger Spray+1","floor":22.0},{"not_picked":["Expertise+1","Outmaneuver"],"picked":"Phantasmal Killer","floor":24.0},{"not_picked":["Sucker Punch","Masterful Stab+1"],"picked":"Dodge and Roll","floor":25.0},{"not_picked":["Setup","Flying Knee"],"picked":"Cloak And Dagger","floor":25.0},{"not_picked":["Skewer","Poisoned Stab"],"picked":"Cloak And Dagger","floor":29.0},{"not_picked":["Masterful Stab","Backflip"],"picked":"Endless Agony","floor":29.0},{"not_picked":["Dagger Spray","Deflect"],"picked":"Doppelganger","floor":31.0},{"not_picked":["Tactician+1","Acrobatics","Prepared"],"picked":"SKIP","floor":31.0},{"not_picked":["Unload","Doppelganger"],"picked":"Adrenaline","floor":33.0},{"not_picked":["Choke","Escape Plan"],"picked":"Blade Dance+1","floor":35.0},{"not_picked":["Choke","Blade Dance"],"picked":"Backstab+1","floor":35.0},{"not_picked":["Escape Plan","Backflip+1"],"picked":"Cloak And Dagger","floor":38.0},{"not_picked":["Dagger Spray","Outmaneuver"],"picked":"Deflect","floor":38.0},{"not_picked":["Blade Dance","Bane+1"],"picked":"Cloak And Dagger","floor":39.0},{"not_picked":["Dash","Escape Plan"],"picked":"Blade Dance+1","floor":39.0},{"not_picked":["Dodge and Roll","Grand Finale"],"picked":"Burst","floor":40.0},{"not_picked":["Quick Slash+1","Deflect+1"],"picked":"Cloak And Dagger","floor":41.0},{"not_picked":["Riddle With Holes","Backstab"],"picked":"Dodge and Roll+1","floor":41.0},{"not_picked":["Deflect","Flying Knee+1"],"picked":"Endless Agony","floor":42.0},{"not_picked":["Underhanded Strike+1","Calculated Gamble"],"picked":"Acrobatics","floor":42.0},{"not_picked":["Outmaneuver","Adrenaline"],"picked":"PiercingWail+1","floor":45},{"not_picked":["Dagger Spray+1","Finisher"],"picked":"Cloak And Dagger","floor":45},{"not_picked":["Predator","Reflex"],"picked":"Accuracy","floor":47},{"not_picked":["Blade Dance","Poisoned Stab+1","Underhanded Strike"],"picked":"SKIP","floor":47},{"not_picked":["Deadly Poison+1","Poisoned Stab"],"picked":"Backstab","floor":48},{"not_picked":["Dagger Spray","Prepared"],"picked":"Heel Hook+1","floor":48}],"player_experience":677249,"relics_obtained":[{"floor":2.0,"key":"Pocketwatch"},{"floor":7.0,"key":"Tiny Chest"},{"floor":9.0,"key":"Matryoshka"},{"floor":11.0,"key":"Prayer Wheel"},{"floor":14.0,"key":"Incense Burner"},{"floor":24.0,"key":"Orichalcum"},{"floor":26.0,"key":"Blue Candle"},{"floor":26.0,"key":"Strawberry"},{"floor":40.0,"key":"Smiling Mask"},{"floor":43.0,"key":"Anchor"},{"floor":43.0,"key":"Darkstone Periapt"}],"event_choices":[{"damage_healed":0.0,"max_hp_gain":0.0,"max_hp_loss":0.0,"gold_gain":0.0,"event_name":"Wheel of Change","player_choice":"Relic","floor":2.0,"gold_loss":0.0,"damage_taken":0.0},{"damage_healed":0.0,"max_hp_gain":0.0,"max_hp_loss":20.0,"gold_gain":0.0,"event_name":"Vampires","player_choice":"Became a vampire","floor":19.0,"gold_loss":0.0,"damage_taken":0.0,"cards_obtained":["Bite","Bite","Bite","Bite","Bite"]},{"damage_healed":0.0,"max_hp_gain":0.0,"max_hp_loss":0.0,"gold_gain":50.0,"event_name":"FaceTrader","player_choice":"Touch","floor":28.0,"gold_loss":0.0,"damage_taken":5.0},{"cards_removed":["Pain"],"damage_healed":0.0,"max_hp_gain":0.0,"max_hp_loss":0.0,"gold_gain":0.0,"event_name":"Bonfire Elementals","player_choice":"Offered Curse","floor":36.0,"gold_loss":0.0,"damage_taken":0.0,"relics_obtained":["Spirit Poop"]}],"is_beta":false,"boss_relics":[{"not_picked":["Philosopher\u0027s Stone","White Beast Statue"],"picked":"Cursed Key"},{"not_picked":["Lizard Tail","HoveringKite"],"picked":"Sozu"}],"items_purged_floors":[],"is_endless":false,"potions_floor_spawned":[3,7,12,18,24,29,31,33,39,41,42],"ascension_level":15}