{"gold_per_floor":[113,132,82,82,97,127,127,81,107,107,136,152,152,28,28,131,131,147,179,179,179,196,221,221,234,234,234,262,262,274,59,59,158,158,168,168,186,200,251,280,280,280,280,502,502,502],"floor_reached":46,"playtime":3965,"items_purged":["Defend_G"],"score":754,"play_id":"664c0ce1-9e36-4471-a08b-f3e0a22838eb","local_time":"20190628132348","is_ascension_mode":true,"campfire_choices":[{"floor":7.0,"key":"RECALL"},{"data":"Cloak And Dagger","floor":10.0,"key":"SMITH"},{"floor":13.0,"key":"REST"},{"data":"Deflect","floor":15.0,"key":"SMITH"},{"data":"Prepared","floor":27.0,"key":"SMITH"},{"data":"Neutralize","floor":29.0,"key":"SMITH"},{"data":"Apotheosis","floor":32.0,"key":"SMITH"},{"floor":42,"key":"REST"},{"floor":45,"key":"REST"}],"neow_cost":"NONE","seed_source_timestamp":0,"circlet_count":0,"master_deck":["Defend_G","Defend_G","Defend_G","Strike_G","Strike_G","Strike_G","Strike_G","Strike_G","Survivor","Neutralize+1","Cloak And Dagger+1","Dagger Throw","Cloak And Dagger+1","Prepared+1","PiercingWail","Deflect+1","Corpse Explosion","Dagger Spray","Backflip","Ghostly","Ghostly","Ghostly","Ghostly","Ghostly","Poisoned Stab+1","Dagger Spray","Poisoned Stab","Acrobatics","Apotheosis+1","Terror","Crippling Poison","Cloak And Dagger+1","Caltrops","Backflip","Writhe"],"special_seed":0,"relics":["Busted Crown","PreservedInsect","Art of War","Sozu","Red Mask","Dodecahedron","The Courier","Turnip","Fusion Hammer","Tingsha","Meat on the Bone","Blood Vial"],"potions_floor_usage":[39],"damage_taken":[{"damage":0.0,"enemies":"Cultist","floor":1.0,"turns":5.0},{"damage":0.0,"enemies":"Small Slimes","floor":2.0,"turns":4.0},{"damage":8.0,"enemies":"Jaw Worm","floor":5.0,"turns":4.0},{"damage":20.0,"enemies":"3 Sentries","floor":6.0,"turns":12.0},{"damage":11.0,"enemies":"Gremlin Nob","floor":11.0,"turns":4.0},{"damage":1.0,"enemies":"Looter","floor":12.0,"turns":3.0},{"damage":38.0,"enemies":"Hexaghost","floor":16.0,"turns":16.0},{"damage":5.0,"enemies":"Chosen","floor":18.0,"turns":4.0},{"damage":19.0,"enemies":"Masked Bandits","floor":19.0,"turns":3.0},{"damage":0.0,"enemies":"2 Thieves","floor":22.0,"turns":4.0},{"damage":0.0,"enemies":"Gremlin Leader","floor":23.0,"turns":6.0},{"damage":0.0,"enemies":"Snecko","floor":25.0,"turns":5.0},{"damage":0.0,"enemies":"Slavers","floor":28.0,"turns":2.0},{"damage":0.0,"enemies":"3 Cultists","floor":30.0,"turns":3.0},{"damage":0.0,"enemies":"Collector","floor":33.0,"turns":8.0},{"damage":6.0,"enemies":"3 Shapes","floor":35.0,"turns":3.0},{"damage":25,"enemies":"3 Darklings","floor":37,"turns":5},{"damage":3,"enemies":"4 Shapes","floor":38,"turns":7},{"damage":0,"enemies":"2 Orb Walkers","floor":39,"turns":4},{"damage":1,"enemies":"Giant Head","floor":40,"turns":7},{"damage":36,"enemies":"Reptomancer","floor":46,"turns":3}],"seed_played":"6560741728475915728","potions_obtained":[{"floor":5.0,"key":"Dexterity Potion"},{"floor":6.0,"key":"Poison Potion"},{"floor":11.0,"key":"EssenceOfSteel"},{"floor":16.0,"key":"Swift Potion"}],"is_trial":false,"path_per_floor":["M","M","?","?","M","E","R","$","T","R","E","M","R","$","R","B",null,"M","?","?","?","M","E","?","M","T","R","E","R","M","$","R","B",null,"M","?","M","M","?","E","?","R","T","?","R","E"],"character_chosen":"THE_SILENT","items_purchased":["Cloak And Dagger","Deflect","Apotheosis","Terror"],"campfire_rested":3,"item_purchase_floors":[8,14,31,31],"current_hp_per_floor":[70,70,70,70,62,42,42,42,42,42,31,30,51,51,51,13,70,65,46,33,33,33,33,37,37,37,37,37,37,37,37,37,37,37,31,31,6,3,3,2,11,22,22,22,33,0],"gold":502,"neow_bonus":"BOSS_RELIC","is_prod":false,"is_daily":false,"chose_seed":false,"campfire_upgraded":5,"win_rate":0,"timestamp":1561753428,"path_taken":["M","?","?","?","M","E","R","$","T","R","E","?","R","?","R","BOSS","M","?","?","?","M","E","?","?","T","R","E","R","M","$","R","BOSS","M","?","M","?","?","E","?","R","T","?","R","E"],"build_version":"2019-01-23","purchased_purges":1,"victory":false,"max_hp_per_floor":[70,70,70,70,70,70,70,70,70,70,70,70,70,70,70,70,70,70,70,75,37,37,37,37,37,37,37,37,37,37,37,37,37,37,37,37,37,37,37,37,37,37,37,37,37,37],"card_choices":[{"not_picked":[],"picked":"Cloak And Dagger","floor":1.0},{"not_picked":["Riddle With Holes"],"picked":"SKIP","floor":2.0},{"not_picked":[],"picked":"Flechettes","floor":5.0},{"not_picked":[],"picked":"Dagger Throw","floor":6.0},{"not_picked":[],"picked":"Prepared","floor":11.0},{"not_picked":[],"picked":"PiercingWail","floor":12.0},{"not_picked":[],"picked":"Corpse Explosion","floor":16.0},{"not_picked":[],"picked":"Dagger Spray","floor":18.0},{"not_picked":[],"picked":"Backflip","floor":19.0},{"not_picked":[],"picked":"Poisoned Stab+1","floor":22.0},{"not_picked":[],"picked":"Dagger Spray","floor":23.0},{"not_picked":[],"picked":"Poisoned Stab","floor":25.0},{"not_picked":["Sucker Punch"],"picked":"SKIP","floor":28.0},{"not_picked":[],"picked":"Acrobatics","floor":30.0},{"not_picked":[],"picked":"Crippling Poison","floor":35.0},{"not_picked":[],"picked":"Caltrops","floor":37},{"not_picked":["Underhanded Strike"],"picked":"SKIP","floor":38},{"not_picked":[],"picked":"Backflip","floor":39},{"not_picked":["Corpse Explosion"],"picked":"SKIP","floor":40}],"player_experience":131553,"relics_obtained":[{"floor":6.0,"key":"PreservedInsect"},{"floor":11.0,"key":"Art of War"},{"floor":19.0,"key":"Red Mask"},{"floor":23.0,"key":"Dodecahedron"},{"floor":26.0,"key":"The Courier"},{"floor":28.0,"key":"Turnip"},{"floor":39,"key":"Tingsha"},{"floor":40,"key":"Meat on the Bone"},{"floor":43,"key":"Blood Vial"}],"event_choices":[{"cards_removed":["Defend_G"],"damage_healed":0.0,"max_hp_gain":0.0,"max_hp_loss":0.0,"gold_gain":0.0,"event_name":"The Cleric","player_choice":"Card Removal","floor":3.0,"gold_loss":50.0,"damage_taken":0.0},{"damage_healed":0.0,"max_hp_gain":0.0,"max_hp_loss":0.0,"gold_gain":0.0,"event_name":"Upgrade Shrine","player_choice":"Upgraded","floor":4.0,"gold_loss":0.0,"damage_taken":0.0,"cards_upgraded":["Cloak And Dagger"]},{"damage_healed":0.0,"max_hp_gain":0.0,"max_hp_loss":0.0,"gold_gain":0.0,"event_name":"Masked Bandits","player_choice":"Fought Bandits","floor":19.0,"gold_loss":0.0,"damage_taken":0.0},{"damage_healed":0.0,"max_hp_gain":5.0,"max_hp_loss":0.0,"gold_gain":0.0,"event_name":"Forgotten Altar","player_choice":"Shed Blood","floor":20.0,"gold_loss":0.0,"damage_taken":18.0},{"damage_healed":0.0,"max_hp_gain":0.0,"max_hp_loss":38.0,"gold_gain":0.0,"event_name":"Ghosts","player_choice":"Became a Ghost","floor":21.0,"gold_loss":0.0,"damage_taken":0.0,"cards_obtained":["Ghostly","Ghostly","Ghostly","Ghostly","Ghostly"]},{"cards_removed":["Flechettes"],"damage_healed":4.0,"max_hp_gain":0.0,"max_hp_loss":0.0,"gold_gain":0.0,"event_name":"Bonfire Elementals","player_choice":"Offered Uncommon","floor":24.0,"gold_loss":0.0,"damage_taken":0.0},{"damage_healed":0.0,"max_hp_gain":0.0,"max_hp_loss":0.0,"gold_gain":0.0,"event_name":"Duplicator","player_choice":"Copied","floor":36.0,"gold_loss":0.0,"damage_taken":0.0,"cards_obtained":["Cloak And Dagger"]},{"damage_healed":0,"gold_gain":0,"player_choice":"Fight","damage_taken":0,"max_hp_gain":0,"max_hp_loss":0,"event_name":"Mysterious Sphere","floor":39,"gold_loss":0},{"damage_healed":9,"gold_gain":0,"player_choice":"Writhe","damage_taken":0,"max_hp_gain":0,"max_hp_loss":0,"event_name":"Winding Halls","floor":41,"gold_loss":0,"cards_obtained":["Writhe"]},{"damage_healed":0,"gold_gain":222,"player_choice":"Wore Mask","damage_taken":0,"max_hp_gain":0,"max_hp_loss":0,"event_name":"Tomb of Lord Red Mask","floor":44,"gold_loss":0}],"is_beta":false,"boss_relics":[{"not_picked":["Pandora\u0027s Box","Eternal Feather"],"picked":"Sozu"},{"not_picked":["Runic Pyramid","White Beast Statue"],"picked":"Fusion Hammer"}],"items_purged_floors":[14],"is_endless":false,"potions_floor_spawned":[5,6,11,16,28,30,33,38,39],"killed_by":"Reptomancer","ascension_level":2}