{"gold_per_floor":[109,184,195,44,44,44,76,76,102,102,115,115,129,149,149,251,251,271,2,2,2,13,13,13,26,49,61,88,100,146,172,184,300,312,342,354,366,391,203,203,233,233,286,286,286,286,306,325,325,325],"floor_reached":51,"playtime":1878,"items_purged":["Strike_B","Strike_B"],"score":818,"play_id":"c5166fa9-7498-4032-a623-eaf5b9daaf1d","local_time":"20190630205740","is_ascension_mode":true,"campfire_choices":[{"floor":6.0,"key":"REST"},{"data":"Defragment","floor":10.0,"key":"SMITH"},{"floor":15,"key":"REST"},{"data":"Chill","floor":23,"key":"SMITH"},{"floor":27,"key":"REST"},{"data":"Blizzard","floor":29,"key":"SMITH"},{"floor":32,"key":"REST"},{"data":"Defragment","floor":40,"key":"SMITH"},{"data":"Coolheaded","floor":42,"key":"SMITH"},{"data":"Electrodynamics","floor":44,"key":"SMITH"},{"data":"Coolheaded","floor":46,"key":"SMITH"},{"floor":49,"key":"REST"}],"neow_cost":"NONE","seed_source_timestamp":342064482284400,"circlet_count":0,"master_deck":["Strike_B","Strike_B","Defend_B","Defend_B","Zap+1","Blizzard+1","Coolheaded+1","Defragment+1","Cold Snap","Defragment+1","Coolheaded+1","Chill+1","Gash+1","Gash","Self Repair","Electrodynamics+1","Coolheaded+1","Cold Snap+1"],"special_seed":0,"relics":["Cracked Core","Art of War","Matryoshka","Orichalcum","Sozu","Membership Card","MutagenicStrength","Nloth\u0027s Gift","MawBank","Centennial Puzzle","Incense Burner","Lizard Tail","Emotion Chip","Blue Candle","Blood Vial"],"potions_floor_usage":[16,25],"damage_taken":[{"damage":7.0,"enemies":"Jaw Worm","floor":1.0,"turns":3.0},{"damage":9.0,"enemies":"2 Louse","floor":3.0,"turns":2.0},{"damage":0.0,"enemies":"3 Sentries","floor":7.0,"turns":2.0},{"damage":0.0,"enemies":"Cultist","floor":11.0,"turns":3.0},{"damage":6,"enemies":"Looter","floor":13,"turns":4},{"damage":8,"enemies":"Large Slime","floor":14,"turns":5},{"damage":24,"enemies":"Hexaghost","floor":16,"turns":9},{"damage":20,"enemies":"2 Thieves","floor":18,"turns":4},{"damage":0,"enemies":"Chosen","floor":22,"turns":6},{"damage":12,"enemies":"Snake Plant","floor":25,"turns":5},{"damage":0,"enemies":"Cultist and Chosen","floor":28,"turns":7},{"damage":13,"enemies":"Gremlin Leader","floor":30,"turns":6},{"damage":0,"enemies":"3 Cultists","floor":31,"turns":6},{"damage":30,"enemies":"Collector","floor":33,"turns":12},{"damage":7,"enemies":"3 Darklings","floor":35,"turns":3},{"damage":1,"enemies":"Orb Walker","floor":38,"turns":4},{"damage":35,"enemies":"Reptomancer","floor":41,"turns":7},{"damage":5,"enemies":"Transient","floor":47,"turns":5},{"damage":17,"enemies":"Spire Growth","floor":48,"turns":4},{"damage":55,"enemies":"Awakened One","floor":50,"turns":11}],"seed_played":"6506861348375634775","potions_obtained":[{"floor":1.0,"key":"LiquidBronze"},{"floor":3.0,"key":"PowerPotion"},{"floor":13,"key":"Weak Potion"}],"is_trial":false,"path_per_floor":["M","?","M","$","?","R","E","$","T","R","M","?","M","M","R","B",null,"M","$","?","?","M","R","?","M","T","R","M","R","E","M","R","B",null,"M","?","?","M","$","R","E","R","T","R","?","R","M","M","R","B",null],"character_chosen":"DEFECT","items_purchased":["Defragment","Defragment","Membership Card","Coolheaded","Emotion Chip"],"campfire_rested":5,"item_purchase_floors":[4,19,19,19,39],"current_hp_per_floor":[68,57,48,48,41,63,63,63,63,63,63,63,57,49,71,47,75,55,55,55,55,55,55,55,43,43,65,65,65,52,52,74,51,75,75,71,71,71,71,71,43,43,43,43,43,43,47,39,60,14],"gold":325,"neow_bonus":"UPGRADE_CARD","is_prod":false,"is_daily":false,"chose_seed":false,"campfire_upgraded":7,"win_rate":0,"timestamp":1561921060,"path_taken":["M","?","M","$","?","R","E","$","T","R","M","?","M","?","R","BOSS","M","$","?","?","?","R","?","M","T","R","?","R","E","M","R","BOSS","M","?","?","M","$","R","E","R","T","R","?","R","M","?","R","BOSS"],"build_version":"2019-01-23","purchased_purges":2,"victory":true,"max_hp_per_floor":[75,75,75,75,75,75,75,75,75,75,75,75,75,75,75,75,75,75,75,75,75,75,75,75,75,75,75,75,75,75,75,75,75,75,75,71,71,71,71,71,71,71,71,71,71,71,71,71,71,71],"card_choices":[{"not_picked":["Fusion","Conserve Battery"],"picked":"Blizzard","floor":1.0},{"not_picked":["Sweeping Beam","Rebound"],"picked":"Coolheaded","floor":3.0},{"not_picked":["Sweeping Beam","Stack","Fission"],"picked":"SKIP","floor":7.0},{"not_picked":["Go for the Eyes","Darkness","Compile Driver"],"picked":"SKIP","floor":11.0},{"not_picked":["Steam","Go for the Eyes","Hyperbeam"],"picked":"SKIP","floor":13},{"not_picked":["Undo","Heatsinks"],"picked":"Cold Snap","floor":14},{"not_picked":["Leap","Gash","Stack"],"picked":"SKIP","floor":18},{"not_picked":["Turbo","Undo"],"picked":"Chill","floor":22},{"not_picked":["Rip and Tear","Ball Lightning","Leap"],"picked":"SKIP","floor":25},{"not_picked":["Leap+1","Rebound"],"picked":"Gash+1","floor":28},{"not_picked":["Double Energy","Redo"],"picked":"Gash","floor":30},{"not_picked":["Gash","Coolheaded+1"],"picked":"Self Repair","floor":31},{"not_picked":["Fission","Core Surge"],"picked":"Electrodynamics","floor":33},{"not_picked":["Stack+1","Conserve Battery+1","Sweeping Beam"],"picked":"SKIP","floor":35},{"not_picked":["Steam+1","Compile Driver+1"],"picked":"Coolheaded+1","floor":38},{"not_picked":["Barrage","Amplify"],"picked":"Cold Snap+1","floor":41},{"not_picked":["Ball Lightning+1","Double Energy","Compile Driver"],"picked":"SKIP","floor":47},{"not_picked":["Hologram+1","Aggregate+1","Seek"],"picked":"SKIP","floor":48}],"player_experience":308111,"relics_obtained":[{"floor":7.0,"key":"Matryoshka"},{"floor":9.0,"key":"Orichalcum"},{"floor":9.0,"key":"Pen Nib"},{"floor":26,"key":"MawBank"},{"floor":26,"key":"Centennial Puzzle"},{"floor":30,"key":"Incense Burner"},{"floor":41,"key":"Blue Candle"},{"floor":43,"key":"Blood Vial"}],"event_choices":[{"damage_healed":0.0,"max_hp_gain":0.0,"max_hp_loss":0.0,"gold_gain":75.0,"event_name":"World of Goop","player_choice":"Gather Gold","floor":2.0,"gold_loss":0.0,"damage_taken":11.0},{"damage_healed":0.0,"max_hp_gain":0.0,"max_hp_loss":0.0,"gold_gain":0.0,"event_name":"Scrap Ooze","player_choice":"Success","floor":5.0,"gold_loss":0.0,"damage_taken":7.0,"relics_obtained":["Art of War"]},{"damage_healed":0.0,"max_hp_gain":0.0,"max_hp_loss":0.0,"gold_gain":0.0,"event_name":"Match and Keep!","player_choice":"0 cards matched","floor":12.0,"gold_loss":0.0,"damage_taken":0.0,"cards_obtained":[]},{"damage_healed":0,"gold_gain":0,"player_choice":"Inject Mutagens","damage_taken":0,"relics_obtained":["MutagenicStrength"],"max_hp_gain":0,"max_hp_loss":0,"event_name":"Drug Dealer","floor":20,"gold_loss":0},{"cards_removed":["Defend_B"],"damage_healed":0,"gold_gain":0,"player_choice":"Offered Basic","damage_taken":0,"max_hp_gain":0,"max_hp_loss":0,"event_name":"Bonfire Elementals","floor":21,"gold_loss":0},{"damage_healed":0,"gold_gain":0,"player_choice":"Traded Relic","damage_taken":0,"relics_obtained":["Nloth\u0027s Gift"],"max_hp_gain":0,"max_hp_loss":0,"event_name":"N\u0027loth","floor":24,"relics_lost":["Pen Nib"],"gold_loss":0},{"damage_healed":0,"gold_gain":0,"player_choice":"Max HP","damage_taken":0,"max_hp_gain":0,"max_hp_loss":4,"event_name":"Winding Halls","floor":36,"gold_loss":0},{"cards_removed":["Dualcast"],"damage_healed":0,"gold_gain":0,"player_choice":"Removed Skill","damage_taken":0,"max_hp_gain":0,"max_hp_loss":0,"event_name":"Falling","floor":37,"gold_loss":0},{"cards_removed":["Defend_B"],"damage_healed":0,"gold_gain":0,"player_choice":"Purged","damage_taken":0,"max_hp_gain":0,"max_hp_loss":0,"event_name":"Purifier","floor":45,"gold_loss":0}],"is_beta":false,"boss_relics":[{"not_picked":["Runic Pyramid","FrozenCore"],"picked":"Sozu"},{"not_picked":["Cursed Key","Astrolabe"],"picked":"Lizard Tail"}],"items_purged_floors":[4,39],"is_endless":false,"potions_floor_spawned":[1,3,13,28,30,31,35,48],"ascension_level":3}