{"path_per_floor":["M","$","?","M","?","R","E","R","T","?","$","M","M","M","R","B",null,"M","M","?","M","?","R","E","?","T","R","$","E","R","M","R","B",null,"M","?","$","?","M","R","E","R","T","R","M","?","$","?","R"],"character_chosen":"IRONCLAD","items_purchased":["Headbutt","Torii","Berserk","Dual Wield","Peace Pipe","Rupture"],"gold_per_floor":[115,17,17,30,30,30,68,68,93,167,67,92,113,137,137,256,256,277,298,298,322,322,322,362,562,586,586,147,183,183,202,202,331,331,356,689,20,70,80,80,111,111,111,111,127,127,60,60,60],"floor_reached":50,"campfire_rested":8,"playtime":4327,"current_hp_per_floor":[80,80,80,80,60,60,38,62,62,46,46,52,41,47,47,37,80,66,67,67,46,46,80,27,27,27,66,66,29,68,38,77,16,80,55,55,55,34,22,61,22,61,61,61,29,29,29,19,58],"items_purged":["Strike_R","Strike_R","Strike_R","Defend_R"],"gold":60,"score":504,"play_id":"01aa5ff5-4204-41e4-a7b5-42689f59dcb6","is_prod":false,"is_daily":false,"is_ascension_mode":false,"campfire_upgraded":2,"path_taken":["M","?","?","M","?","R","E","R","T","?","?","M","?","?","R","BOSS","M","M","?","M","?","R","E","?","T","R","$","E","R","M","R","BOSS","M","?","?","?","M","R","E","R","T","R","?","?","$","?","R","BOSS"],"build_version":"2018-02-15-PROD1","purchased_purges":4,"victory":false,"master_deck":["Strike_R","Defend_R","Defend_R","Bash+1","Clothesline","Headbutt","Headbutt","Iron Wave","Rampage+1","Warcry","Double Tap","Twin Strike+1","Power Through+1","Brutality+1","Berserk+1","Dual Wield","Rupture+1","Headbutt+1","Rupture+1","Madness","Madness"],"max_hp_per_floor":[80,80,80,80,80,80,80,80,80,80,80,80,80,80,80,80,80,80,80,80,80,80,80,80,80,80,80,80,80,80,80,80,80,80,80,80,80,80,80,80,80,80,80,80,80,80,80,80,80],"relics":["Burning Blood","Lantern","Bottled Flame","Regal Pillow","Gremlin Horn","Lizard Tail","Orichalcum","Blood Vial","Torii","Frozen Egg 2","Philosopher\u0027s Stone","Peace Pipe","Girya","Molten Egg 2","Anchor"],"card_choices":[{"not_picked":["Disarm","Uppercut"],"picked":"Clothesline"},{"not_picked":["True Grit","Sword Boomerang"],"picked":"Headbutt"},{"not_picked":["Clothesline","Juggernaut"],"picked":"Iron Wave"},{"not_picked":["Sword Boomerang","Sever Soul"],"picked":"Rampage"},{"not_picked":["Body Slam","Blood for Blood"],"picked":"Warcry"},{"not_picked":["Offering","Bludgeon"],"picked":"Double Tap"},{"not_picked":["Rage","Reckless Charge"],"picked":"Shrug It Off"},{"not_picked":["Cleave","Body Slam"],"picked":"Twin Strike"},{"not_picked":["Cleave","Perfected Strike"],"picked":"Power Through"},{"not_picked":["Offering","Bludgeon"],"picked":"Brutality"},{"not_picked":["Cleave","Clash"],"picked":"Rupture"},{"not_picked":["Clash","Iron Wave"],"picked":"Headbutt"}],"player_experience":3743,"potions_floor_usage":[16,16,24,33,33,41,50,50,50],"damage_taken":[{"damage":0,"enemies":"Cultist","floor":1,"turns":2},{"damage":0,"enemies":"2 Louse","floor":4,"turns":2},{"damage":28,"enemies":"Gremlin Nob","floor":7,"turns":4},{"damage":22,"enemies":"Lagavulin Event","floor":10,"turns":5},{"damage":0,"enemies":"Small Slimes","floor":12,"turns":2},{"damage":17,"enemies":"Exordium Wildlife","floor":13,"turns":5},{"damage":0,"enemies":"3 Louse","floor":14,"turns":3},{"damage":34,"enemies":"Hexaghost","floor":16,"turns":7},{"damage":20,"enemies":"Chosen","floor":18,"turns":4},{"damage":5,"enemies":"Spheric Guardian","floor":19,"turns":3},{"damage":27,"enemies":"3 Cultists","floor":21,"turns":5},{"damage":59,"enemies":"Slavers","floor":24,"turns":6},{"damage":45,"enemies":"Gremlin Leader","floor":29,"turns":5},{"damage":38,"enemies":"Centurion and Healer","floor":31,"turns":7},{"damage":134,"enemies":"Automaton","floor":33,"turns":12},{"damage":31,"enemies":"3 Darklings","floor":35,"turns":5},{"damage":29,"enemies":"Mysterious Sphere","floor":38,"turns":5},{"damage":20,"enemies":"3 Shapes","floor":39,"turns":5},{"damage":47,"enemies":"Giant Head","floor":41,"turns":8},{"damage":40,"enemies":"3 Darklings","floor":45,"turns":5},{"damage":72,"enemies":"Awakened One","floor":50,"turns":3}],"event_choices":[{"event_name":"Liars Game","player_choice":"disagreed","floor":3,"damage_taken":0},{"event_name":"Golden Idol","player_choice":"Take Damage","floor":5,"damage_taken":0},{"event_name":"Dead Adventurer","player_choice":"Searched \u00272\u0027 times","floor":10,"damage_taken":0},{"event_name":"Back to Basics","player_choice":"Elegance","floor":20,"damage_taken":0},{"event_name":"Vampires","player_choice":"Ignored","floor":22,"damage_taken":0},{"event_name":"Wheel of Change","player_choice":"Gold","floor":25,"damage_taken":0},{"event_name":"The Moai Head","player_choice":"Gave Idol","floor":36,"damage_taken":0},{"event_name":"Mysterious Sphere","player_choice":"Fight","floor":38,"damage_taken":0},{"event_name":"Winding Halls","player_choice":"Embrace Madness","floor":48,"damage_taken":0}],"boss_relics":[{"not_picked":["Astrolabe","Eternal Feather"],"picked":"Lizard Tail"},{"not_picked":["Tiny House","Black Blood"],"picked":"Philosopher\u0027s Stone"}],"potions_floor_spawned":[4,10,13,14,16,29,31,33,41,45],"seed_played":"-6526880676026671980","killed_by":"Awakened One","ascension_level":0,"is_trial":false}