{"gold_per_floor":[116,132,147,160,85,115,115,131,131,131,131,131,147,166,166,261,261,281,181,195,195,206,225,225,242,269,269,294,294,310,185,185,185],"floor_reached":33,"playtime":2117,"items_purged":["Strike_R","Strike_R","Defend_R"],"score":271,"play_id":"bbec209a-d8db-4ff5-a547-88df0d8868b2","local_time":"20180827021138","is_ascension_mode":false,"campfire_choices":[{"data":"Searing Blow","floor":7,"key":"SMITH"},{"data":"Searing Blow+1","floor":10,"key":"SMITH"},{"data":"Searing Blow+2","floor":12,"key":"SMITH"},{"data":"Searing Blow+3","floor":15,"key":"SMITH"},{"data":"Searing Blow+4","floor":24,"key":"SMITH"},{"data":"Searing Blow+5","floor":27,"key":"SMITH"},{"data":"Searing Blow+6","floor":29,"key":"SMITH"},{"floor":32,"key":"REST"}],"neow_cost":"","seed_source_timestamp":0,"circlet_count":0,"master_deck":["Strike_R","Strike_R","Defend_R","Defend_R","Defend_R","Bash","Seeing Red","Headbutt","Searing Blow+7","Shrug It Off","Battle Trance","Shrug It Off","Clothesline+1"],"special_seed":0,"relics":["Burning Blood","Letter Opener","Matryoshka","Busted Crown","Nilry\u0027s Codex","Regal Pillow","Dream Catcher","Frozen Egg 2"],"potions_floor_usage":[6,16,16,16,20,28,28],"damage_taken":[{"damage":1.0,"enemies":"Jaw Worm","floor":1.0,"turns":5.0},{"damage":1,"enemies":"Cultist","floor":2,"turns":3},{"damage":2,"enemies":"Small Slimes","floor":3,"turns":3},{"damage":12,"enemies":"Exordium Wildlife","floor":4,"turns":5},{"damage":26,"enemies":"3 Sentries","floor":6,"turns":6},{"damage":10,"enemies":"Looter","floor":8,"turns":3},{"damage":2,"enemies":"Large Slime","floor":13,"turns":4},{"damage":10,"enemies":"Exordium Thugs","floor":14,"turns":3},{"damage":33,"enemies":"Hexaghost","floor":16,"turns":8},{"damage":2,"enemies":"Spheric Guardian","floor":18,"turns":3},{"damage":0,"enemies":"2 Thieves","floor":20,"turns":3},{"damage":13,"enemies":"Sentry and Sphere","floor":22,"turns":4},{"damage":10,"enemies":"Snecko","floor":23,"turns":3},{"damage":5,"enemies":"3 Cultists","floor":25,"turns":4},{"damage":30,"enemies":"Slavers","floor":28,"turns":4},{"damage":6,"enemies":"Shelled Parasite and Fungi","floor":30,"turns":3},{"damage":81,"enemies":"Automaton","floor":33,"turns":6}],"seed_played":"5720755226912074196","potions_obtained":[{"floor":4,"key":"Explosive Potion"},{"floor":6,"key":"AttackPotion"},{"floor":13,"key":"Swift Potion"},{"floor":14,"key":"BloodPotion"},{"floor":16,"key":"PowerPotion"},{"floor":22,"key":"FearPotion"},{"floor":23,"key":"Ancient Potion"}],"is_trial":false,"path_per_floor":["M","M","M","M","$","E","R","M","T","R","?","R","M","M","R","B",null,"M","$","M","?","M","M","R","M","T","R","E","R","M","$","R"],"character_chosen":"IRONCLAD","items_purchased":[],"campfire_rested":1,"item_purchase_floors":[],"current_hp_per_floor":[80,80,80,74,74,54,54,50,50,50,50,50,54,50,50,31,80,80,80,80,64,57,53,53,54,54,54,30,30,30,30,69,0],"gold":185,"neow_bonus":"","is_prod":false,"is_daily":false,"chose_seed":false,"campfire_upgraded":7,"win_rate":0,"timestamp":1535328698,"path_taken":["M","M","M","M","$","E","R","M","T","R","?","R","M","M","R","BOSS","M","$","M","?","M","M","R","M","T","R","E","R","M","$","R","BOSS"],"build_version":"2018-08-23v2","purchased_purges":3,"victory":false,"max_hp_per_floor":[80,80,80,80,80,80,80,80,80,80,80,80,80,80,80,80,80,80,80,80,80,80,80,80,80,80,80,80,80,80,80,80,80],"card_choices":[{"not_picked":["Clash","Cleave"],"picked":"Seeing Red","floor":1.0},{"not_picked":["Battle Trance","Twin Strike"],"picked":"Headbutt","floor":2},{"not_picked":["Pummel","True Grit","Perfected Strike"],"picked":"SKIP","floor":3},{"not_picked":["Fire Breathing","Whirlwind"],"picked":"Searing Blow","floor":4},{"not_picked":["Twin Strike","Disarm","Clothesline"],"picked":"SKIP","floor":6},{"not_picked":["Heavy Blade","Flex"],"picked":"Shrug It Off","floor":8},{"not_picked":["Cleave","Headbutt","Wild Strike"],"picked":"SKIP","floor":13},{"not_picked":["Inflame","Shrug It Off","Twin Strike"],"picked":"SKIP","floor":14},{"not_picked":[],"picked":"Shrug It Off","floor":18},{"not_picked":[],"picked":"Clothesline+1","floor":20},{"not_picked":["Shockwave"],"picked":"SKIP","floor":22},{"not_picked":["Iron Wave"],"picked":"SKIP","floor":23},{"not_picked":["Clothesline"],"picked":"SKIP","floor":25},{"not_picked":["Searing Blow+1"],"picked":"SKIP","floor":28},{"not_picked":["Perfected Strike"],"picked":"SKIP","floor":30}],"player_experience":330557,"relics_obtained":[{"floor":6,"key":"Letter Opener"},{"floor":9,"key":"Matryoshka"},{"floor":21,"key":"Nilry\u0027s Codex"},{"floor":26,"key":"Regal Pillow"},{"floor":26,"key":"Dream Catcher"},{"floor":28,"key":"Frozen Egg 2"}],"event_choices":[{"event_name":"Transmorgrifier","player_choice":"Transform","floor":11,"damage_taken":0},{"event_name":"Cursed Tome","player_choice":"Obtained Book","floor":21,"damage_taken":0}],"is_beta":false,"boss_relics":[{"not_picked":["Runic Pyramid","Runic Cube"],"picked":"Busted Crown"}],"items_purged_floors":[5,19,31],"is_endless":false,"potions_floor_spawned":[4,6,13,14,16,22,23],"killed_by":"Automaton","ascension_level":0}