{"gold_per_floor":[109,27,41,216,216,281,281,281,281,281,300,343,687,406,406,527,527,546,546,567,567,585,624,624,624],"floor_reached":25,"playtime":2272,"items_purged":[],"score":249,"play_id":"e3da3f97-45af-42eb-b442-bc4be78fc006","local_time":"20190617103416","is_ascension_mode":true,"campfire_choices":[{"floor":7,"key":"RECALL"},{"floor":10,"key":"REST"},{"floor":15,"key":"REST"},{"floor":24,"key":"REST"}],"neow_cost":"NONE","seed_source_timestamp":0,"circlet_count":0,"master_deck":["Zap","Dualcast","Sweeping Beam","Static Discharge","Cold Snap","Undo","Sweeping Beam","Gash","Defragment","Glacier","Chill","Thunder Strike","Defragment","All For One","Machine Learning","Sunder","Compile Driver","Biased Cognition","Capacitor","Force Field","Rebound","Steam Power","Rip and Tear","Defragment","Self Repair","Ball Lightning","Beam Cell","Blizzard+1","Barrage"],"special_seed":0,"relics":["Eternal Feather","Tiny Chest","Golden Idol","Dream Catcher","WingedGreaves","Old Coin","Pandora\u0027s Box","Gambling Chip"],"potions_floor_usage":[6,16,16,25,25,25],"damage_taken":[{"damage":2.0,"enemies":"Jaw Worm","floor":1.0,"turns":6.0},{"damage":7,"enemies":"Small Slimes","floor":3,"turns":3},{"damage":24,"enemies":"Gremlin Nob","floor":6,"turns":5},{"damage":2,"enemies":"Cultist","floor":11,"turns":5},{"damage":23,"enemies":"Lagavulin","floor":12,"turns":7},{"damage":14,"enemies":"3 Sentries","floor":13,"turns":6},{"damage":29,"enemies":"The Guardian","floor":16,"turns":17},{"damage":9,"enemies":"3 Byrds","floor":18,"turns":5},{"damage":22,"enemies":"2 Thieves","floor":20,"turns":4},{"damage":28,"enemies":"3 Cultists","floor":22,"turns":5},{"damage":19,"enemies":"Gremlin Leader","floor":23,"turns":6},{"damage":46,"enemies":"Slavers","floor":25,"turns":3}],"seed_played":"-3238978748591581775","potions_obtained":[{"floor":3,"key":"AttackPotion"},{"floor":13,"key":"EntropicBrew"},{"floor":16,"key":"Explosive Potion"},{"floor":20,"key":"Dexterity Potion"},{"floor":23,"key":"Poison Potion"}],"is_trial":false,"path_per_floor":["M","$","M","?","?","E","R","?","T","R","M","E","E","$","R","B",null,"M","?","M","T","M","E","R","E"],"character_chosen":"DEFECT","items_purchased":["Static Discharge","Chill","Thunder Strike","Defragment"],"campfire_rested":3,"item_purchase_floors":[2,14,14,14],"current_hp_per_floor":[73,73,66,66,66,42,48,30,30,58,56,33,19,19,53,24,75,66,66,51,51,23,4,41,0],"gold":624,"neow_bonus":"BOSS_RELIC","is_prod":false,"is_daily":false,"chose_seed":false,"campfire_upgraded":0,"win_rate":0,"timestamp":1560792856,"path_taken":["M","$","M","?","?","E","R","?","T","R","M","E","E","?","R","BOSS","M","?","M","?","M","E","R","E"],"build_version":"2019-01-23","purchased_purges":0,"victory":false,"max_hp_per_floor":[75,75,75,75,75,75,75,75,75,75,75,75,75,75,75,75,75,75,75,75,75,75,75,75,75],"card_choices":[{"not_picked":["Rebound","Compile Driver"],"picked":"Sweeping Beam","floor":1.0},{"not_picked":["Reprogram","Coolheaded"],"picked":"Cold Snap","floor":3},{"not_picked":["Consume","Go for the Eyes"],"picked":"Undo","floor":6},{"not_picked":["Go for the Eyes","Sunder"],"picked":"Sweeping Beam","floor":10},{"not_picked":["Go for the Eyes","Turbo"],"picked":"Gash","floor":11},{"not_picked":["Hologram","Leap"],"picked":"Defragment","floor":12},{"not_picked":["Coolheaded","Loop"],"picked":"Glacier","floor":13},{"not_picked":["Compile Driver","Consume"],"picked":"All For One","floor":15},{"not_picked":["Fission","Hyperbeam"],"picked":"Machine Learning","floor":16},{"not_picked":["Hologram","Barrage"],"picked":"Defragment","floor":18},{"not_picked":["Tempest+1","Melter"],"picked":"Ball Lightning","floor":20},{"not_picked":["Turbo","Barrage"],"picked":"Beam Cell","floor":22},{"not_picked":["Gash","Steam+1"],"picked":"Blizzard+1","floor":23},{"not_picked":["Coolheaded","Seek"],"picked":"Barrage","floor":24}],"player_experience":92101,"relics_obtained":[{"floor":6,"key":"Tiny Chest"},{"floor":9,"key":"Dream Catcher"},{"floor":12,"key":"WingedGreaves"},{"floor":13,"key":"Old Coin"},{"floor":23,"key":"Gambling Chip"}],"event_choices":[{"damage_healed":0,"gold_gain":175,"player_choice":"AGREE","damage_taken":0,"max_hp_gain":0,"max_hp_loss":0,"event_name":"Liars Game","floor":4,"gold_loss":0,"cards_obtained":["Doubt"]},{"cards_removed":["Doubt"],"damage_healed":0,"gold_gain":0,"player_choice":"Forget","damage_taken":0,"max_hp_gain":0,"max_hp_loss":0,"event_name":"Living Wall","floor":5,"gold_loss":0},{"damage_healed":0,"gold_gain":0,"player_choice":"Take Damage","damage_taken":18,"relics_obtained":["Golden Idol"],"max_hp_gain":0,"max_hp_loss":0,"event_name":"Golden Idol","floor":8,"gold_loss":0},{"damage_healed":0,"gold_gain":0,"player_choice":"Read","damage_taken":0,"max_hp_gain":0,"max_hp_loss":0,"event_name":"The Library","floor":19,"gold_loss":0,"cards_obtained":["Self Repair"]}],"is_beta":false,"boss_relics":[{"not_picked":["Runic Dome","Empty Cage"],"picked":"Pandora\u0027s Box"}],"items_purged_floors":[],"is_endless":false,"potions_floor_spawned":[3,13,16,20,22,23],"killed_by":"Slavers","ascension_level":1}