{"gold_per_floor":[113,113,38,113,129,154,173,184,254,254,283,283,299,316,316,316],"floor_reached":16,"playtime":464,"items_purged":["Defend_R"],"score":137,"play_id":"c7df4d91-73fe-4b4c-a7bb-242f4a68e79a","local_time":"20190529034506","is_ascension_mode":false,"campfire_choices":[{"data":"Pommel Strike","floor":10,"key":"SMITH"},{"floor":15,"key":"REST"}],"neow_cost":"NONE","seed_source_timestamp":959393688053061,"circlet_count":0,"master_deck":["Strike_R","Strike_R","Strike_R","Strike_R","Strike_R","Defend_R","Bash","Whirlwind","Thunderclap","Burning Pact","Burning Pact","Pommel Strike+1","Power Through","Heavy Blade","Perfected Strike"],"relics":["Burning Blood","NeowsBlessing","Gambling Chip","Mercury Hourglass","Centennial Puzzle"],"potions_floor_usage":[],"damage_taken":[{"damage":0,"enemies":"Small Slimes","floor":1,"turns":1},{"damage":0,"enemies":"2 Louse","floor":5,"turns":1},{"damage":0,"enemies":"3 Sentries","floor":6,"turns":1},{"damage":6,"enemies":"Cultist","floor":7,"turns":3},{"damage":0,"enemies":"Lots of Slimes","floor":8,"turns":1},{"damage":32,"enemies":"Gremlin Nob","floor":11,"turns":4},{"damage":26,"enemies":"Large Slime","floor":13,"turns":4},{"damage":10,"enemies":"Looter","floor":14,"turns":2},{"damage":0,"enemies":"The Guardian","floor":16,"turns":1}],"seed_played":"3904933151958346134","potions_obtained":[{"floor":1,"key":"Regen Potion"},{"floor":7,"key":"Explosive Potion"},{"floor":13,"key":"Energy Potion"},{"floor":14,"key":"EssenceOfSteel"}],"is_trial":false,"path_per_floor":["M","?","$","?","M","E","M","M","T","R","E","?","M","M","R","B"],"character_chosen":"IRONCLAD","items_purchased":[],"campfire_rested":1,"item_purchase_floors":[],"current_hp_per_floor":[80,80,80,69,75,80,80,80,80,80,54,54,34,30,54,54],"gold":316,"neow_bonus":"THREE_ENEMY_KILL","is_prod":false,"is_daily":false,"chose_seed":false,"campfire_upgraded":1,"win_rate":0.0,"timestamp":1559126706,"path_taken":["M","?","$","?","M","E","M","M","T","R","E","?","M","M","R","BOSS"],"build_version":"2019-01-23","purchased_purges":1,"victory":false,"max_hp_per_floor":[80,80,80,80,80,80,80,80,80,80,80,80,80,80,80,80],"card_choices":[{"not_picked":["Dual Wield","Feel No Pain"],"picked":"Whirlwind","floor":1},{"not_picked":["Warcry","Second Wind"],"picked":"Thunderclap","floor":5},{"not_picked":["Demon Form","Second Wind"],"picked":"Burning Pact","floor":6},{"not_picked":["True Grit","Warcry"],"picked":"Burning Pact","floor":7},{"not_picked":["Anger","Blood for Blood"],"picked":"Pommel Strike","floor":8},{"not_picked":["Shrug It Off","Intimidate"],"picked":"Power Through","floor":11},{"not_picked":["Anger","Burning Pact"],"picked":"Heavy Blade","floor":13},{"not_picked":["Sword Boomerang","Warcry"],"picked":"Perfected Strike","floor":14}],"player_experience":21596,"relics_obtained":[{"floor":6,"key":"Gambling Chip"},{"floor":9,"key":"Mercury Hourglass"},{"floor":11,"key":"Centennial Puzzle"}],"event_choices":[{"cards_removed":["Defend_R"],"damage_healed":0,"gold_gain":0,"player_choice":"Forget","damage_taken":0,"max_hp_gain":0,"max_hp_loss":0,"event_name":"Living Wall","floor":2,"gold_loss":0},{"damage_healed":0,"gold_gain":75,"player_choice":"Gather Gold","damage_taken":11,"max_hp_gain":0,"max_hp_loss":0,"event_name":"World of Goop","floor":4,"gold_loss":0},{"cards_removed":["Defend_R"],"damage_healed":0,"gold_gain":0,"player_choice":"Purged","damage_taken":0,"max_hp_gain":0,"max_hp_loss":0,"event_name":"Purifier","floor":12,"gold_loss":0}],"is_beta":false,"boss_relics":[],"items_purged_floors":[3],"is_endless":false,"potions_floor_spawned":[1,7,13,14],"killed_by":"The Guardian","ascension_level":0}