{"gold_per_floor":[117,117,117,128,3,3,23,23,23,23,23,50,63,63,63,166,166,186,186,186,198,123,152,152,166,166,166,200,200,115,115,115,213,213,223,239,256,256,16,16,26,26,26,26,26,26,26,38,38,38],"floor_reached":51,"playtime":1960,"items_purged":[],"score":867,"play_id":"7162ff23-6c3f-4543-8758-a38b600068b4","local_time":"20190712172307","is_ascension_mode":true,"campfire_choices":[{"data":"Electrodynamics","floor":6.0,"key":"SMITH"},{"floor":8.0,"key":"REST"},{"data":"Rebound","floor":10.0,"key":"SMITH"},{"floor":15.0,"key":"REST"},{"floor":24.0,"key":"REST"},{"floor":27.0,"key":"REST"},{"floor":32.0,"key":"REST"},{"data":"Defragment","floor":40.0,"key":"SMITH"},{"data":"Consume","floor":42.0,"key":"SMITH"},{"floor":44.0,"key":"REST"},{"data":"Biased Cognition","floor":46.0,"key":"SMITH"},{"data":"Echo Form","floor":49.0,"key":"SMITH"}],"neow_cost":"NONE","seed_source_timestamp":0,"circlet_count":0,"master_deck":["Strike_B","Strike_B","Strike_B","Defend_B","Defend_B","Defend_B","Defend_B","Zap","Dualcast","Rebound+1","Electrodynamics+1","Consume+1","Meteor Strike","Glacier","Defragment+1","Biased Cognition+1","Sunder","Echo Form+1","Self Repair+1","Normality","Consume+1"],"special_seed":0,"relics":["Snecko Eye","Dodecahedron","Pear","Cursed Key","Omamori","Bottled Lightning","Red Mask","Necronomicon","PreservedInsect","Inserter","Gremlin Horn","Shuriken"],"potions_floor_usage":[50,50,50],"damage_taken":[{"damage":7.0,"enemies":"Jaw Worm","floor":1.0,"turns":3.0},{"damage":0.0,"enemies":"Cultist","floor":4.0,"turns":3.0},{"damage":0.0,"enemies":"2 Louse","floor":7.0,"turns":1.0},{"damage":15.0,"enemies":"Lagavulin","floor":12.0,"turns":5.0},{"damage":18.0,"enemies":"Exordium Thugs","floor":13.0,"turns":3.0},{"damage":46.0,"enemies":"The Guardian","floor":16.0,"turns":12.0},{"damage":0.0,"enemies":"Spheric Guardian","floor":18.0,"turns":3.0},{"damage":11.0,"enemies":"Shell Parasite","floor":21.0,"turns":3.0},{"damage":12.0,"enemies":"Gremlin Leader","floor":23.0,"turns":5.0},{"damage":8.0,"enemies":"Chosen and Byrds","floor":25.0,"turns":3.0},{"damage":8.0,"enemies":"Masked Bandits","floor":28.0,"turns":3.0},{"damage":7.0,"enemies":"Collector","floor":33.0,"turns":9.0},{"damage":0.0,"enemies":"3 Shapes","floor":35.0,"turns":4.0},{"damage":16.0,"enemies":"Orb Walker","floor":36.0,"turns":3.0},{"damage":21.0,"enemies":"Maw","floor":37.0,"turns":8.0},{"damage":10.0,"enemies":"Transient","floor":41.0,"turns":5.0},{"damage":0.0,"enemies":"4 Shapes","floor":48.0,"turns":3.0},{"damage":46,"enemies":"Donu and Deca","floor":50,"turns":7}],"seed_played":"-5011276051754492782","potions_obtained":[{"floor":4.0,"key":"SneckoOil"},{"floor":12.0,"key":"LiquidBronze"},{"floor":13.0,"key":"Explosive Potion"},{"floor":18.0,"key":"GamblersBrew"},{"floor":23.0,"key":"Regen Potion"},{"floor":25.0,"key":"SteroidPotion"},{"floor":37.0,"key":"LiquidBronze"},{"floor":41.0,"key":"EssenceOfSteel"},{"floor":48.0,"key":"SkillPotion"}],"is_trial":false,"path_per_floor":["M","?","?","M","$","R","M","R","T","R","$","E","M","?","R","B",null,"M","?","?","M","$","E","R","M","T","R","?","?","?","$","R","B",null,"M","M","M","?","$","R","M","R","T","R","?","R","?","M","R","B",null],"character_chosen":"DEFECT","items_purchased":["Rebound","Electrodynamics","Defragment","Gremlin Horn"],"campfire_rested":6,"item_purchase_floors":[5,5,22,39],"current_hp_per_floor":[61,61,66,66,66,66,66,80,80,80,80,75,57,57,84,38,77,77,59,59,48,48,36,64,56,56,84,76,60,60,60,88,81,92,92,76,65,65,65,65,65,65,65,93,90,90,90,90,90,58],"gold":38,"neow_bonus":"BOSS_RELIC","is_prod":false,"is_daily":false,"chose_seed":false,"campfire_upgraded":6,"win_rate":0,"timestamp":1562944987,"path_taken":["M","?","?","M","$","R","?","R","T","R","?","E","M","?","R","BOSS","M","?","?","?","$","E","R","M","T","R","?","?","?","$","R","BOSS","M","M","M","?","$","R","M","R","T","R","?","R","?","M","R","BOSS"],"build_version":"2019-07-05","purchased_purges":0,"victory":true,"max_hp_per_floor":[75,75,80,80,80,80,80,80,80,80,80,90,90,90,90,90,90,90,95,95,95,95,95,95,95,95,95,95,95,95,95,95,95,95,95,95,95,95,95,95,95,95,95,95,90,90,90,90,90,90],"card_choices":[{"not_picked":["Streamline","Turbo","Stack"],"picked":"SKIP","floor":1.0},{"not_picked":["Beam Cell","Conserve Battery","Go for the Eyes"],"picked":"SKIP","floor":4.0},{"not_picked":["Beam Cell","Electrodynamics","Conserve Battery"],"picked":"SKIP","floor":7.0},{"not_picked":["Self Repair","Barrage"],"picked":"Consume","floor":12.0},{"not_picked":["Turbo","Chaos","Genetic Algorithm"],"picked":"SKIP","floor":13.0},{"not_picked":["Amplify","Hyperbeam"],"picked":"Meteor Strike","floor":16.0},{"not_picked":["Reprogram","Leap","Conserve Battery"],"picked":"SKIP","floor":18.0},{"not_picked":["Self Repair","Leap+1"],"picked":"Glacier","floor":21.0},{"not_picked":["Melter","Leap+1"],"picked":"Biased Cognition","floor":23.0},{"not_picked":["White Noise","Double Energy","Barrage"],"picked":"SKIP","floor":25.0},{"not_picked":["Redo","Cold Snap"],"picked":"Sunder","floor":28.0},{"not_picked":["Machine Learning","All For One"],"picked":"Echo Form","floor":33.0},{"not_picked":["Reprogram+1","Recycle+1","Consume"],"picked":"SKIP","floor":35.0},{"not_picked":["Compile Driver","Blizzard"],"picked":"Self Repair+1","floor":36.0},{"not_picked":["Streamline+1","Redo","Cold Snap"],"picked":"SKIP","floor":37.0},{"not_picked":["Rip and Tear","Compile Driver","Coolheaded+1"],"picked":"SKIP","floor":41.0},{"not_picked":["BootSequence","Cold Snap"],"picked":"Consume+1","floor":48.0}],"player_experience":318856,"relics_obtained":[{"floor":9.0,"key":"Dodecahedron"},{"floor":12.0,"key":"Pear"},{"floor":23.0,"key":"Omamori"},{"floor":26.0,"key":"Bottled Lightning"},{"floor":28.0,"key":"Red Mask"},{"floor":29.0,"key":"Necronomicon"},{"floor":43.0,"key":"Shuriken"}],"event_choices":[{"damage_healed":0.0,"max_hp_gain":0.0,"max_hp_loss":0.0,"gold_gain":0.0,"event_name":"Shining Light","player_choice":"Ignored","floor":2.0,"gold_loss":0.0,"damage_taken":0.0},{"damage_healed":0.0,"max_hp_gain":5.0,"max_hp_loss":0.0,"gold_gain":0.0,"event_name":"Big Fish","player_choice":"Donut","floor":3.0,"gold_loss":0.0,"damage_taken":0.0},{"damage_healed":0.0,"max_hp_gain":0.0,"max_hp_loss":0.0,"gold_gain":0.0,"event_name":"Match and Keep!","player_choice":"0 cards matched","floor":14.0,"gold_loss":0.0,"damage_taken":0.0,"cards_obtained":[]},{"damage_healed":0.0,"max_hp_gain":5.0,"max_hp_loss":0.0,"gold_gain":0.0,"event_name":"Forgotten Altar","player_choice":"Shed Blood","floor":19.0,"gold_loss":0.0,"damage_taken":23.0},{"damage_healed":0.0,"max_hp_gain":0.0,"max_hp_loss":0.0,"gold_gain":0.0,"event_name":"FaceTrader","player_choice":"Leave","floor":20.0,"gold_loss":0.0,"damage_taken":0.0},{"damage_healed":0.0,"max_hp_gain":0.0,"max_hp_loss":0.0,"gold_gain":0.0,"event_name":"Masked Bandits","player_choice":"Fought Bandits","floor":28.0,"gold_loss":0.0,"damage_taken":0.0},{"damage_healed":0.0,"max_hp_gain":0.0,"max_hp_loss":0.0,"gold_gain":0.0,"event_name":"Cursed Tome","player_choice":"Obtained Book","floor":29.0,"gold_loss":0.0,"damage_taken":16.0},{"damage_healed":0.0,"max_hp_gain":0.0,"max_hp_loss":0.0,"gold_gain":0.0,"event_name":"Addict","player_choice":"Obtained Relic","floor":30.0,"gold_loss":85.0,"damage_taken":0.0,"relics_obtained":["PreservedInsect"]},{"cards_removed":["Strike_B"],"damage_healed":0.0,"max_hp_gain":0.0,"max_hp_loss":0.0,"gold_gain":0.0,"event_name":"Falling","player_choice":"Removed Attack","floor":38.0,"gold_loss":0.0,"damage_taken":0.0},{"damage_healed":0.0,"max_hp_gain":0.0,"max_hp_loss":5.0,"gold_gain":0.0,"event_name":"Winding Halls","player_choice":"Max HP","floor":45.0,"gold_loss":0.0,"damage_taken":0.0},{"damage_healed":0.0,"max_hp_gain":0.0,"max_hp_loss":0.0,"gold_gain":0.0,"event_name":"Match and Keep!","player_choice":"0 cards matched","floor":47.0,"gold_loss":0.0,"damage_taken":0.0,"cards_obtained":[]}],"is_beta":false,"boss_relics":[{"not_picked":["Tiny House","Velvet Choker"],"picked":"Cursed Key"},{"not_picked":["Lizard Tail","Coffee Dripper"],"picked":"Inserter"}],"items_purged_floors":[],"is_endless":false,"potions_floor_spawned":[4,12,13,18,23,25,37,41,48],"ascension_level":6}