{"gold_per_floor":[115,129,140,140,215,215,245,263,263,263,243,259,279,86,86,182,182,197,216,216,63,39,68,68,100,168,168,203,203],"floor_reached":29,"playtime":2402,"items_purged":["Defend_G"],"score":281,"play_id":"79bf5905-0055-446e-a6f6-27f112bc5ca0","local_time":"20190529145329","is_ascension_mode":false,"campfire_choices":[{"floor":6,"key":"REST"},{"data":"Bouncing Flask","floor":10,"key":"SMITH"},{"data":"Adrenaline","floor":15,"key":"SMITH"},{"floor":24,"key":"REST"}],"neow_cost":"NONE","seed_source_timestamp":997557916807144,"circlet_count":0,"master_deck":["Defend_G","Defend_G","Defend_G","Defend_G","Strike_G","Strike_G","Strike_G","Strike_G","Strike_G","Survivor","Neutralize","Predator","Riddle With Holes","Acrobatics","Acrobatics","Bouncing Flask+1","Catalyst","Adrenaline+1","Adrenaline","Well Laid Plans+1","Crippling Poison+1","Poisoned Stab","Quick Slash+1","Skewer+1","Flying Knee+1","PiercingWail"],"relics":["HoveringKite","Gambling Chip","FossilizedHelix","Black Star","Happy Flower","Du-Vu Doll","Snake Skull","Omamori","Regal Pillow","Shuriken","Nloth\u0027s Gift","Ancient Tea Set","Whetstone"],"potions_floor_usage":[16,16,16],"damage_taken":[{"damage":1,"enemies":"2 Louse","floor":1,"turns":3},{"damage":0,"enemies":"Jaw Worm","floor":2,"turns":5},{"damage":0,"enemies":"Small Slimes","floor":3,"turns":3},{"damage":33,"enemies":"Gremlin Nob","floor":7,"turns":5},{"damage":0,"enemies":"Red Slaver","floor":8,"turns":3},{"damage":0,"enemies":"Exordium Wildlife","floor":12,"turns":3},{"damage":19,"enemies":"Exordium Thugs","floor":13,"turns":4},{"damage":2,"enemies":"The Guardian","floor":16,"turns":5},{"damage":16,"enemies":"2 Thieves","floor":18,"turns":5},{"damage":4,"enemies":"Shell Parasite","floor":19,"turns":4},{"damage":32,"enemies":"Book of Stabbing","floor":23,"turns":5},{"damage":23,"enemies":"Gremlin Leader","floor":25,"turns":4},{"damage":19,"enemies":"Book of Stabbing","floor":28,"turns":3},{"damage":6,"enemies":"3 Cultists","floor":29,"turns":2}],"seed_played":"3695518297443683045","potions_obtained":[{"floor":3,"key":"AttackPotion"},{"floor":11,"key":"SkillPotion"},{"floor":12,"key":"PowerPotion"},{"floor":19,"key":"Fire Potion"},{"floor":28,"key":"Poison Potion"}],"is_trial":false,"path_per_floor":["M","M","M","?","?","R","E","M","T","R","?","M","M","$","R","B",null,"M","M","?","$","$","E","R","E","T","?","E","M"],"character_chosen":"THE_SILENT","items_purchased":["Adrenaline","PowerPotion","Happy Flower","Quick Slash"],"campfire_rested":2,"item_purchase_floors":[14,14,21,22],"current_hp_per_floor":[69,69,69,57,46,67,34,34,34,34,34,34,15,15,15,17,70,54,52,52,52,52,22,43,22,22,22,3,0],"gold":203,"neow_bonus":"BOSS_RELIC","is_prod":false,"is_daily":false,"chose_seed":false,"campfire_upgraded":2,"win_rate":0.0,"timestamp":1559166809,"path_taken":["M","M","M","?","?","R","E","M","T","R","?","M","?","$","R","BOSS","M","M","?","?","$","E","R","E","T","?","E","M"],"build_version":"2019-01-23","purchased_purges":1,"victory":false,"max_hp_per_floor":[70,70,70,70,70,70,70,70,70,70,70,70,70,70,70,70,70,70,70,70,70,70,70,70,70,70,70,70,70],"card_choices":[{"not_picked":["PiercingWail","All Out Attack"],"picked":"Predator","floor":1},{"not_picked":["Tactician","Prepared"],"picked":"Riddle With Holes","floor":2},{"not_picked":["Endless Agony","Leg Sweep"],"picked":"Acrobatics","floor":3},{"not_picked":["Glass Knife","Underhanded Strike"],"picked":"Acrobatics","floor":7},{"not_picked":["Slice","Caltrops"],"picked":"Bouncing Flask","floor":8},{"not_picked":["Riddle With Holes","Reflex","Flying Knee"],"picked":"SKIP","floor":12},{"not_picked":["Reflex","Prepared"],"picked":"Catalyst","floor":13},{"not_picked":["Phantasmal Killer","Malaise"],"picked":"Adrenaline","floor":16},{"not_picked":["Dagger Throw","Slice"],"picked":"Well Laid Plans+1","floor":18},{"not_picked":["Underhanded Strike","Blade Dance"],"picked":"Crippling Poison+1","floor":19},{"not_picked":["Dagger Spray","Venomology"],"picked":"Skewer","floor":23},{"not_picked":["Endless Agony","Dodge and Roll+1"],"picked":"Flying Knee+1","floor":25},{"not_picked":["Flechettes","Quick Slash"],"picked":"PiercingWail","floor":28}],"player_experience":30781,"relics_obtained":[{"floor":7,"key":"FossilizedHelix"},{"floor":9,"key":"Bird Faced Urn"},{"floor":23,"key":"Du-Vu Doll"},{"floor":23,"key":"Snake Skull"},{"floor":25,"key":"Omamori"},{"floor":25,"key":"Regal Pillow"},{"floor":26,"key":"Shuriken"},{"floor":28,"key":"Ancient Tea Set"},{"floor":28,"key":"Whetstone"}],"event_choices":[{"damage_healed":0,"gold_gain":0,"player_choice":"Success","damage_taken":12,"relics_obtained":["Gambling Chip"],"max_hp_gain":0,"max_hp_loss":0,"event_name":"Scrap Ooze","floor":4,"gold_loss":0},{"damage_healed":0,"gold_gain":75,"player_choice":"Gather Gold","damage_taken":11,"max_hp_gain":0,"max_hp_loss":0,"event_name":"World of Goop","floor":5,"gold_loss":0},{"damage_healed":0,"gold_gain":0,"player_choice":"Bought 1 Potion","damage_taken":0,"max_hp_gain":0,"max_hp_loss":0,"event_name":"The Woman in Blue","floor":11,"gold_loss":0},{"damage_healed":0,"gold_gain":0,"player_choice":"Read","damage_taken":0,"max_hp_gain":0,"max_hp_loss":0,"event_name":"The Library","floor":20,"gold_loss":0,"cards_obtained":["Poisoned Stab"]},{"damage_healed":0,"gold_gain":0,"player_choice":"Traded Relic","damage_taken":0,"relics_obtained":["Nloth\u0027s Gift"],"max_hp_gain":0,"max_hp_loss":0,"event_name":"N\u0027loth","floor":27,"relics_lost":["Bird Faced Urn"],"gold_loss":0}],"is_beta":false,"boss_relics":[{"not_picked":["Calling Bell","Philosopher\u0027s Stone"],"picked":"Black Star"}],"items_purged_floors":[14],"is_endless":false,"potions_floor_spawned":[3,12,13,19,28],"killed_by":"3 Cultists","ascension_level":0}