{"gold_per_floor":[113,63,78,3,13,13,39,39,62,90,101,120,120,220,220,322,322,339,353,34,34,34,59,59,84,84,118,135,135,149,166,166,261,261,277,84,99,28,28,28,62,76,99,21,21,35,53,53,53,53,53,53,53,81,81],"floor_reached":56,"playtime":3918,"items_purged":["Strike_G"],"score":1321,"play_id":"6d2d22f0-f220-48bb-8ece-a2e6784532f2","local_time":"20190718231610","is_ascension_mode":true,"campfire_choices":[{"data":"Caltrops","floor":6,"key":"SMITH"},{"floor":8,"key":"REST"},{"floor":13,"key":"RECALL"},{"data":"Footwork","floor":15,"key":"SMITH"},{"floor":24,"key":"REST"},{"floor":32,"key":"REST"},{"floor":40,"key":"REST"},{"data":"Wraith Form v2","floor":49,"key":"SMITH"},{"data":"Footwork","floor":52,"key":"SMITH"}],"neow_cost":"NONE","seed_source_timestamp":78686182279851,"circlet_count":0,"master_deck":["Strike_G","Strike_G","Defend_G","Defend_G","Defend_G","Defend_G","Defend_G","Survivor","Neutralize","PiercingWail","Dash","Well Laid Plans","Caltrops+1","Backflip","Escape Plan","Dodge and Roll","Noxious Fumes","Footwork+1","Adrenaline","PiercingWail","Noxious Fumes","Backflip","Blur","Noxious Fumes","Wraith Form v2+1","Poisoned Stab","Footwork+1","Bouncing Flask","Backstab","Dash","PiercingWail","Dagger Throw","Decay","A Thousand Cuts","Caltrops","Parasite","Night Terror"],"relics":["Ring of the Snake","Ancient Tea Set","PreservedInsect","Pen Nib","Cursed Key","Snake Skull","Meat on the Bone","Centennial Puzzle","Ornamental Fan","Spirit Poop","Sozu","Dream Catcher","Vajra","Bird Faced Urn"],"potions_floor_usage":[16,16,25,48],"damage_taken":[{"damage":2,"enemies":"Small Slimes","floor":1,"turns":6},{"damage":1,"enemies":"Cultist","floor":3,"turns":4},{"damage":0,"enemies":"2 Louse","floor":5,"turns":3},{"damage":29,"enemies":"Gremlin Nob","floor":7,"turns":6},{"damage":2,"enemies":"3 Sentries","floor":10,"turns":8},{"damage":8,"enemies":"Blue Slaver","floor":11,"turns":4},{"damage":0,"enemies":"Red Slaver","floor":12,"turns":5},{"damage":35,"enemies":"Slime Boss","floor":16,"turns":15},{"damage":0,"enemies":"3 Byrds","floor":18,"turns":4},{"damage":0,"enemies":"Shell Parasite","floor":19,"turns":7},{"damage":27,"enemies":"Gremlin Leader","floor":23,"turns":7},{"damage":21,"enemies":"Slavers","floor":25,"turns":4},{"damage":9,"enemies":"Gremlin Leader","floor":27,"turns":8},{"damage":0,"enemies":"3 Cultists","floor":28,"turns":5},{"damage":2,"enemies":"Sentry and Sphere","floor":30,"turns":7},{"damage":0,"enemies":"Snake Plant","floor":31,"turns":5},{"damage":0,"enemies":"Automaton","floor":33,"turns":12},{"damage":15,"enemies":"3 Darklings","floor":35,"turns":5},{"damage":0,"enemies":"Orb Walker","floor":37,"turns":4},{"damage":0,"enemies":"Reptomancer","floor":41,"turns":7},{"damage":4,"enemies":"Spire Growth","floor":42,"turns":6},{"damage":5,"enemies":"3 Darklings","floor":46,"turns":5},{"damage":1,"enemies":"Writhing Mass","floor":47,"turns":6},{"damage":0,"enemies":"Jaw Worm Horde","floor":48,"turns":1},{"damage":35,"enemies":"Donu and Deca","floor":50,"turns":9},{"damage":37,"enemies":"Shield and Spear","floor":54,"turns":9},{"damage":38,"enemies":"The Heart","floor":55,"turns":11}],"seed_played":"6170947546359482345","potions_obtained":[{"floor":7,"key":"SmokeBomb"},{"floor":10,"key":"Dexterity Potion"},{"floor":11,"key":"SkillPotion"},{"floor":16,"key":"Dexterity Potion"},{"floor":27,"key":"FearPotion"},{"floor":28,"key":"SteroidPotion"}],"is_trial":false,"path_per_floor":["M","?","M","$","M","R","E","R","T","E","M","M","R","?","R","B",null,"M","M","$","$","?","E","R","E","T","E","M","?","M","M","R","B",null,"M","$","M","$","?","R","E","M","T","$","$","M","M","M","R","B",null,"R","$","E","B",null],"character_chosen":"THE_SILENT","items_purchased":["Caltrops","Noxious Fumes","Snake Skull","Backflip","Footwork","Bouncing Flask","Backstab","Dash","A Thousand Cuts"],"campfire_rested":4,"item_purchase_floors":[4,20,20,20,36,36,36,38,44],"current_hp_per_floor":[68,68,67,67,67,67,38,59,59,57,49,49,49,49,49,14,70,70,70,70,70,70,43,64,43,43,46,46,46,44,44,65,65,70,55,55,55,55,55,70,70,66,66,66,66,61,60,60,60,37,70,70,70,45,39],"gold":81,"neow_bonus":"TRANSFORM_CARD","is_prod":false,"is_daily":false,"chose_seed":false,"campfire_upgraded":4,"win_rate":0,"timestamp":1563509770,"path_taken":["M","?","M","$","M","R","E","R","T","E","M","M","R","?","R","BOSS","M","?","?","$","?","E","R","E","T","E","M","?","M","M","R","BOSS","M","$","M","$","?","R","E","M","T","?","$","M","M","M","R","BOSS","R","$","E","BOSS"],"build_version":"2019-07-17","purchased_purges":1,"victory":true,"max_hp_per_floor":[70,70,70,70,70,70,70,70,70,70,70,70,70,70,70,70,70,70,70,70,70,70,70,70,70,70,70,70,70,70,70,70,70,70,70,70,70,70,70,70,70,70,70,70,70,70,70,70,70,70,70,70,70,70,70],"card_choices":[{"not_picked":["Acrobatics","Prepared"],"picked":"Dash","floor":1},{"not_picked":["Underhanded Strike","Poisoned Stab"],"picked":"Well Laid Plans","floor":3},{"not_picked":["Tactician","Dodge and Roll"],"picked":"Backflip","floor":5},{"not_picked":["Prepared","Deadly Poison"],"picked":"Escape Plan","floor":7},{"not_picked":["Choke","Masterful Stab"],"picked":"Dodge and Roll","floor":10},{"not_picked":["Sucker Punch","Night Terror"],"picked":"Noxious Fumes","floor":11},{"not_picked":["Blade Dance","Tactician"],"picked":"Footwork","floor":12},{"not_picked":["Bullet Time","Tools of the Trade"],"picked":"Adrenaline","floor":16},{"not_picked":["Poisoned Stab","Accuracy"],"picked":"PiercingWail","floor":18},{"not_picked":["Deadly Poison","Predator","Dagger Spray"],"picked":"SKIP","floor":19},{"not_picked":["Tactician+1","Calculated Gamble","Sucker Punch"],"picked":"SKIP","floor":23},{"not_picked":["Eviscerate","Prepared","Dagger Throw+1"],"picked":"SKIP","floor":25},{"not_picked":["Dagger Spray+1","Eviscerate","Flying Knee"],"picked":"SKIP","floor":27},{"not_picked":["Deadly Poison","Escape Plan"],"picked":"Blur","floor":28},{"not_picked":["Bane","Acrobatics","Distraction+1"],"picked":"SKIP","floor":30},{"not_picked":["All Out Attack","Sucker Punch"],"picked":"Noxious Fumes","floor":31},{"not_picked":["Die Die Die","Malaise"],"picked":"Wraith Form v2","floor":33},{"not_picked":["Bane+1","Masterful Stab+1"],"picked":"Poisoned Stab","floor":35},{"not_picked":["Backstab","Blade Dance","Dagger Spray+1"],"picked":"SKIP","floor":37},{"not_picked":["Blade Dance+1","Dagger Spray","Eviscerate+1"],"picked":"SKIP","floor":41},{"not_picked":["Heel Hook","Terror+1"],"picked":"Dagger Throw","floor":42},{"not_picked":["Dagger Spray","Dagger Throw+1"],"picked":"Caltrops","floor":46},{"not_picked":["PiercingWail","Masterful Stab"],"picked":"Night Terror","floor":47},{"not_picked":["All Out Attack","Eviscerate","Infinite Blades+1"],"picked":"SKIP","floor":54}],"player_experience":177281,"relics_obtained":[{"floor":7,"key":"Ancient Tea Set"},{"floor":9,"key":"PreservedInsect"},{"floor":10,"key":"Pen Nib"},{"floor":23,"key":"Meat on the Bone"},{"floor":25,"key":"Centennial Puzzle"},{"floor":27,"key":"Ornamental Fan"},{"floor":41,"key":"Dream Catcher"},{"floor":43,"key":"Vajra"},{"floor":54,"key":"Bird Faced Urn"}],"event_choices":[{"cards_removed":["Strike_G"],"damage_healed":0,"gold_gain":0,"player_choice":"Card Removal","damage_taken":0,"max_hp_gain":0,"max_hp_loss":0,"event_name":"The Cleric","floor":2,"gold_loss":50},{"damage_healed":0,"gold_gain":100,"player_choice":"Pray","damage_taken":0,"max_hp_gain":0,"max_hp_loss":0,"event_name":"Golden Shrine","floor":14,"gold_loss":0},{"cards_removed":["Clumsy"],"damage_healed":0,"gold_gain":0,"player_choice":"Offered Curse","damage_taken":0,"relics_obtained":["Spirit Poop"],"max_hp_gain":0,"max_hp_loss":0,"event_name":"Bonfire Elementals","floor":29,"gold_loss":0},{"damage_healed":0,"gold_gain":0,"player_choice":"1 cards matched","damage_taken":0,"max_hp_gain":0,"max_hp_loss":0,"event_name":"Match and Keep!","floor":39,"gold_loss":0,"cards_obtained":["PiercingWail"]}],"is_beta":false,"boss_relics":[{"not_picked":["Lizard Tail","Fusion Hammer"],"picked":"Cursed Key"},{"not_picked":["Runic Pyramid","White Beast Statue"],"picked":"Sozu"}],"items_purged_floors":[20],"is_endless":false,"potions_floor_spawned":[7,10,11,12,16,27,28,33,41,47,48,54],"ascension_level":1}