{"gold_per_floor":[114,188,188,201,151,185,197,210,235,235,235,265,280,315,315,413,413,427,278,278,11,25,25,50,62,85,95,95,108,108,128,128,128],"floor_reached":33,"playtime":2712,"items_purged":["Pain"],"score":337,"play_id":"84ca0a73-c6e0-4406-b39f-0209a7fdb8c8","local_time":"20190528133016","is_ascension_mode":false,"campfire_choices":[{"data":"Poisoned Stab","floor":11,"key":"SMITH"},{"floor":15,"key":"REST"},{"floor":23,"key":"REST"},{"floor":28,"key":"REST"},{"floor":32,"key":"REST"}],"neow_cost":"NONE","seed_source_timestamp":905853139671253,"circlet_count":0,"master_deck":["Defend_G","Defend_G","Defend_G","Defend_G","Strike_G","Strike_G","Strike_G","Strike_G","Strike_G","Survivor","Neutralize+1","Backstab","Flying Knee","Quick Slash","Poisoned Stab+1","Venomology","Quick Slash","Slice","Sucker Punch","Envenom","Dodge and Roll+1","Well Laid Plans","Die Die Die","Poisoned Stab","Backflip","Blade Dance+1","Deadly Poison","Crippling Poison","Dash"],"relics":["Ring of the Snake","NeowsBlessing","Vajra","Strawberry","WarpedTongs","Centennial Puzzle","Bronze Scales","Velvet Choker","Ancient Tea Set","Membership Card","Dodecahedron","Boot","NlothsMask"],"potions_floor_usage":[14,16,18,24,25,29,31,31,33,33],"damage_taken":[{"damage":0,"enemies":"Cultist","floor":1,"turns":1},{"damage":0,"enemies":"Small Slimes","floor":4,"turns":1},{"damage":0,"enemies":"3 Sentries","floor":6,"turns":1},{"damage":0,"enemies":"Jaw Worm","floor":7,"turns":2},{"damage":0,"enemies":"Blue Slaver","floor":8,"turns":2},{"damage":5,"enemies":"Gremlin Nob","floor":12,"turns":3},{"damage":11,"enemies":"Lots of Slimes","floor":13,"turns":2},{"damage":16,"enemies":"Lagavulin","floor":14,"turns":4},{"damage":60,"enemies":"Slime Boss","floor":16,"turns":9},{"damage":12,"enemies":"3 Byrds","floor":18,"turns":4},{"damage":10,"enemies":"2 Thieves","floor":22,"turns":2},{"damage":26,"enemies":"Gremlin Leader","floor":24,"turns":4},{"damage":25,"enemies":"Snake Plant","floor":25,"turns":3},{"damage":19,"enemies":"Sentry and Sphere","floor":27,"turns":4},{"damage":12,"enemies":"Centurion and Healer","floor":29,"turns":3},{"damage":3,"enemies":"Snake Plant","floor":31,"turns":2},{"damage":75,"enemies":"Automaton","floor":33,"turns":6}],"seed_played":"-9099112576241585009","potions_obtained":[{"floor":6,"key":"Weak Potion"},{"floor":7,"key":"Block Potion"},{"floor":12,"key":"PowerPotion"},{"floor":14,"key":"Ancient Potion"},{"floor":16,"key":"Poison Potion"},{"floor":24,"key":"Explosive Potion"}],"is_trial":false,"path_per_floor":["M","?","?","M","?","E","M","M","T","?","R","E","M","E","R","B",null,"M","$","T","$","M","R","E","M","T","M","R","M","?","M","R","B"],"character_chosen":"THE_SILENT","items_purchased":["Well Laid Plans","Membership Card","Die Die Die"],"campfire_rested":4,"item_purchase_floors":[19,21,21],"current_hp_per_floor":[70,70,70,70,70,70,70,70,77,77,77,72,61,45,68,8,77,65,65,65,65,55,77,51,26,26,7,30,18,18,15,38,0],"gold":128,"neow_bonus":"THREE_ENEMY_KILL","is_prod":false,"is_daily":false,"chose_seed":false,"campfire_upgraded":1,"win_rate":0.0,"timestamp":1559075416,"path_taken":["M","?","?","?","?","E","M","M","T","?","R","E","M","E","R","BOSS","M","$","?","$","M","R","E","M","T","M","R","?","?","M","R","BOSS"],"build_version":"2019-01-23","purchased_purges":1,"victory":false,"max_hp_per_floor":[70,70,70,70,70,70,70,70,77,77,77,77,77,77,77,77,77,77,77,77,77,77,77,77,77,77,77,77,77,77,77,77,77],"card_choices":[{"not_picked":["Dodge and Roll","Slice"],"picked":"Backstab","floor":1},{"not_picked":["Backstab","Underhanded Strike"],"picked":"Flying Knee","floor":4},{"not_picked":["Expertise","Leg Sweep"],"picked":"Quick Slash","floor":6},{"not_picked":["Outmaneuver","Dagger Spray"],"picked":"Poisoned Stab","floor":7},{"not_picked":["Prepared","Dagger Spray"],"picked":"Venomology","floor":8},{"not_picked":["Riddle With Holes","Expertise"],"picked":"Quick Slash","floor":12},{"not_picked":["Dodge and Roll","PiercingWail"],"picked":"Slice","floor":13},{"not_picked":["Reflex","Dodge and Roll"],"picked":"Sucker Punch","floor":14},{"not_picked":["Burst","Malaise"],"picked":"Envenom","floor":16},{"not_picked":["Dash","PiercingWail"],"picked":"Dodge and Roll+1","floor":18},{"not_picked":["Quick Slash+1","Eviscerate"],"picked":"Poisoned Stab","floor":22},{"not_picked":["Eviscerate+1","Underhanded Strike"],"picked":"Backflip","floor":24},{"not_picked":["Dash","Prepared"],"picked":"Blade Dance+1","floor":25},{"not_picked":["Acrobatics","Dash"],"picked":"Deadly Poison","floor":27},{"not_picked":["Dagger Throw","Poisoned Stab"],"picked":"Crippling Poison","floor":29},{"not_picked":["Endless Agony","PiercingWail"],"picked":"Dash","floor":31}],"player_experience":5390,"relics_obtained":[{"floor":6,"key":"Vajra"},{"floor":9,"key":"Strawberry"},{"floor":12,"key":"Centennial Puzzle"},{"floor":14,"key":"Bronze Scales"},{"floor":20,"key":"Ancient Tea Set"},{"floor":24,"key":"Dodecahedron"},{"floor":26,"key":"Boot"}],"event_choices":[{"damage_healed":0,"gold_gain":74,"player_choice":"Gained Gold","damage_taken":0,"max_hp_gain":0,"max_hp_loss":0,"event_name":"Golden Wing","floor":2,"gold_loss":0},{"damage_healed":0,"gold_gain":0,"player_choice":"Upgraded","damage_taken":0,"max_hp_gain":0,"max_hp_loss":0,"event_name":"Upgrade Shrine","floor":3,"gold_loss":0,"cards_upgraded":["Neutralize"]},{"cards_removed":["Defend_G"],"damage_healed":0,"gold_gain":0,"player_choice":"Card Removal","damage_taken":0,"max_hp_gain":0,"max_hp_loss":0,"event_name":"The Cleric","floor":5,"gold_loss":50},{"damage_healed":0,"gold_gain":0,"player_choice":"Rummage","damage_taken":0,"relics_obtained":["WarpedTongs"],"max_hp_gain":0,"max_hp_loss":0,"event_name":"Accursed Blacksmith","floor":10,"gold_loss":0,"cards_obtained":["Pain"]},{"damage_healed":0,"gold_gain":0,"player_choice":"Trade","damage_taken":0,"relics_obtained":["NlothsMask"],"max_hp_gain":0,"max_hp_loss":0,"event_name":"FaceTrader","floor":30,"gold_loss":0}],"is_beta":false,"boss_relics":[{"not_picked":["Runic Dome","Orrery"],"picked":"Velvet Choker"}],"items_purged_floors":[19],"is_endless":false,"potions_floor_spawned":[6,7,12,14,16,24,27,29],"killed_by":"Automaton","ascension_level":0}