{"gold_per_floor":[115,115,115,37,212,251,274,293,320,320,320,320,320,338,338,338],"floor_reached":16,"playtime":323,"items_purged":[],"score":200,"play_id":"54194511-5942-45ca-9b25-81014a71ee1a","local_time":"20190719175723","is_ascension_mode":true,"campfire_choices":[{"data":"Gash","floor":13,"key":"SMITH"},{"data":"Dualcast","floor":15,"key":"SMITH"}],"neow_cost":"NONE","seed_source_timestamp":481098000281500,"circlet_count":0,"master_deck":["AscendersBane","Strike_B","Strike_B","Strike_B","Strike_B","Defend_B","Defend_B","Defend_B","Defend_B","Zap+1","Dualcast+1","Gash+1","Self Repair","Doubt","Scrape+1","Rebound","Cold Snap"],"relics":["Cracked Core","NeowsBlessing","Golden Idol","Boot","Pen Nib","Vajra"],"potions_floor_usage":[10],"damage_taken":[{"damage":0,"enemies":"2 Louse","floor":1,"turns":1},{"damage":0,"enemies":"3 Sentries","floor":6,"turns":1},{"damage":0,"enemies":"Small Slimes","floor":7,"turns":1},{"damage":7,"enemies":"Jaw Worm","floor":8,"turns":3},{"damage":0,"enemies":"3 Louse","floor":10,"turns":1},{"damage":11,"enemies":"Looter","floor":14,"turns":2},{"damage":53,"enemies":"The Guardian","floor":16,"turns":13}],"seed_played":"-3520376259550003132","potions_obtained":[{"floor":6,"key":"SmokeBomb"}],"is_trial":false,"path_per_floor":["M","?","?","$","?","E","M","M","T","M","?","?","R","M","R","B"],"character_chosen":"DEFECT","items_purchased":["Self Repair"],"campfire_rested":0,"item_purchase_floors":[4],"current_hp_per_floor":[68,68,65,65,65,69,69,69,69,69,55,55,55,51,51,0],"gold":338,"neow_bonus":"THREE_ENEMY_KILL","is_prod":false,"is_daily":false,"chose_seed":false,"campfire_upgraded":2,"win_rate":0,"timestamp":1563551843,"path_taken":["M","?","?","$","?","E","M","M","T","M","?","?","R","M","R","BOSS"],"build_version":"2019-07-17","purchased_purges":0,"victory":false,"max_hp_per_floor":[75,69,69,69,69,69,69,69,69,69,69,69,69,69,69,69],"card_choices":[{"not_picked":["Rebound","Hello World"],"picked":"Gash","floor":1},{"not_picked":["Ball Lightning","Conserve Battery"],"picked":"Scrape","floor":6},{"not_picked":["Compile Driver","Tempest"],"picked":"Rebound","floor":7},{"not_picked":["Barrage","Amplify"],"picked":"Cold Snap","floor":8},{"not_picked":["Aggregate","Darkness","Cold Snap"],"picked":"SKIP","floor":14}],"player_experience":347215,"relics_obtained":[{"floor":6,"key":"Pen Nib"},{"floor":9,"key":"Vajra"}],"event_choices":[{"damage_healed":0,"gold_gain":0,"player_choice":"Lose Max HP","damage_taken":0,"relics_obtained":["Golden Idol"],"max_hp_gain":0,"max_hp_loss":6,"event_name":"Golden Idol","floor":2,"gold_loss":0},{"damage_healed":0,"gold_gain":0,"player_choice":"Success","damage_taken":3,"relics_obtained":["Boot"],"max_hp_gain":0,"max_hp_loss":0,"event_name":"Scrap Ooze","floor":3,"gold_loss":0},{"damage_healed":0,"gold_gain":175,"player_choice":"AGREE","damage_taken":0,"max_hp_gain":0,"max_hp_loss":0,"event_name":"Liars Game","floor":5,"gold_loss":0,"cards_obtained":["Doubt"]},{"damage_healed":0,"gold_gain":0,"player_choice":"Entered Light","damage_taken":14,"max_hp_gain":0,"max_hp_loss":0,"event_name":"Shining Light","floor":11,"gold_loss":0,"cards_upgraded":["Zap","Scrape"]},{"damage_healed":0,"gold_gain":0,"player_choice":"Searched \u00270\u0027 times","damage_taken":0,"max_hp_gain":0,"max_hp_loss":0,"event_name":"Dead Adventurer","floor":12,"gold_loss":0}],"is_beta":false,"boss_relics":[],"items_purged_floors":[],"is_endless":false,"potions_floor_spawned":[6,10],"killed_by":"The Guardian","ascension_level":12}