{"gold_per_floor":[113,124,89,89,22,22,36,36,106,141,157,157,189,200,200,279,279,291,308,29,29,45,74,74,99,99,99,117,117,149,3,3,81,81,101,101,101,117,117,150,150,169,169,186,186,186,61,94,94,94,94,94,19,53,53],"floor_reached":55,"playtime":3999,"items_purged":["Normality","Strike_G","Writhe"],"score":1341,"play_id":"f4b4b015-36e6-434d-a9ec-0e52cc03eaaf","local_time":"20190216104119","is_ascension_mode":true,"campfire_choices":[{"data":"Footwork","floor":6,"key":"SMITH"},{"data":"Neutralize","floor":8,"key":"SMITH"},{"data":"Skewer","floor":12,"key":"SMITH"},{"floor":15,"key":"REST"},{"floor":24,"key":"REST"},{"data":"Footwork","floor":27,"key":"SMITH"},{"floor":29,"key":"REST"},{"floor":32,"key":"REST"},{"floor":41,"key":"REST"},{"data":"Catalyst","floor":46,"key":"SMITH"},{"floor":49,"key":"RECALL"},{"data":"Burst","floor":52,"key":"SMITH"}],"neow_cost":"NONE","seed_source_timestamp":99810145952585,"circlet_count":0,"master_deck":["AscendersBane","Defend_G","Defend_G","Defend_G","Defend_G","Strike_G","Strike_G","Strike_G","Survivor","Neutralize+1","Noxious Fumes","Deadly Poison","Footwork+1","Leg Sweep","Skewer+1","Adrenaline","Noxious Fumes","Dash","Crippling Poison","Footwork+1","Acrobatics+1","Blur","Catalyst+1","PiercingWail","Burst+1","Dodge and Roll","Dark Shackles","Blind","PiercingWail"],"relics":["Cursed Key","Bottled Tornado","Blood Vial","Bottled Lightning","Orrery","TwistedFunnel","FaceOfCleric","Snake Skull","Pear","Runic Pyramid","Art of War","Gremlin Horn","Calipers"],"potions_floor_usage":[23,25,40,50,55,55],"damage_taken":[{"damage":3,"enemies":"Cultist","floor":1,"turns":6},{"damage":10,"enemies":"2 Louse","floor":2,"turns":3},{"damage":0,"enemies":"Jaw Worm","floor":7,"turns":5},{"damage":17,"enemies":"Lagavulin","floor":10,"turns":7},{"damage":11,"enemies":"Lots of Slimes","floor":11,"turns":4},{"damage":25,"enemies":"Gremlin Nob","floor":13,"turns":6},{"damage":6,"enemies":"2 Fungi Beasts","floor":14,"turns":4},{"damage":9,"enemies":"Slime Boss","floor":16,"turns":8},{"damage":17,"enemies":"3 Byrds","floor":18,"turns":5},{"damage":12,"enemies":"Shell Parasite","floor":19,"turns":6},{"damage":10,"enemies":"Centurion and Healer","floor":22,"turns":7},{"damage":15,"enemies":"Slavers","floor":23,"turns":6},{"damage":21,"enemies":"Gremlin Leader","floor":25,"turns":5},{"damage":12,"enemies":"Shelled Parasite and Fungi","floor":28,"turns":5},{"damage":24,"enemies":"Slavers","floor":30,"turns":4},{"damage":15,"enemies":"Automaton","floor":33,"turns":9},{"damage":0,"enemies":"Orb Walker","floor":35,"turns":5},{"damage":9,"enemies":"3 Shapes","floor":38,"turns":5},{"damage":54,"enemies":"Reptomancer","floor":40,"turns":6},{"damage":1,"enemies":"3 Darklings","floor":42,"turns":6},{"damage":3,"enemies":"Maw","floor":44,"turns":7},{"damage":1,"enemies":"Nemesis","floor":48,"turns":3},{"damage":26,"enemies":"Awakened One","floor":50,"turns":17},{"damage":13,"enemies":"Shield and Spear","floor":54,"turns":9},{"damage":63,"enemies":"The Heart","floor":55,"turns":3}],"seed_played":"2786049529545887404","potions_obtained":[{"floor":7,"key":"Dexterity Potion"},{"floor":14,"key":"Swift Potion"},{"floor":16,"key":"Poison Potion"},{"floor":23,"key":"AttackPotion"},{"floor":25,"key":"SmokeBomb"},{"floor":42,"key":"Poison Potion"},{"floor":54,"key":"Poison Potion"}],"is_trial":false,"path_per_floor":["M","M","?","?","$","R","M","R","T","E","M","R","E","M","R","B",null,"M","M","$","?","M","E","R","E","T","R","M","R","E","$","R","B",null,"M","?","$","M","?","E","R","M","T","M","?","R","$","E","R","B",null,"R","$","E","B"],"character_chosen":"THE_SILENT","items_purchased":["Footwork","TwistedFunnel","PiercingWail","LiquidBronze"],"campfire_rested":5,"item_purchase_floors":[5,20,31,53],"current_hp_per_floor":[56,46,62,62,62,62,62,62,62,45,36,36,13,9,28,21,55,40,30,30,30,23,11,31,23,23,23,14,38,17,17,41,29,69,72,72,72,66,56,5,30,32,32,32,71,71,71,71,71,47,67,67,67,57,0],"gold":53,"neow_bonus":"BOSS_RELIC","is_prod":false,"is_daily":false,"chose_seed":false,"campfire_upgraded":6,"win_rate":0,"timestamp":1550281279,"path_taken":["M","M","?","?","$","R","M","R","T","E","M","R","E","M","R","BOSS","M","?","$","?","M","E","R","E","T","R","?","R","E","?","R","BOSS","M","?","$","M","?","E","R","M","T","M","?","R","$","E","R","BOSS","R","$","E","BOSS"],"build_version":"2019-01-23","purchased_purges":3,"victory":false,"max_hp_per_floor":[66,66,66,66,66,66,66,66,66,66,66,66,66,66,66,66,66,66,66,66,66,67,68,68,79,79,79,80,80,81,81,81,82,82,83,83,83,84,84,85,85,86,86,87,71,71,71,72,72,73,73,73,73,74,74],"card_choices":[{"not_picked":["Deadly Poison","Flying Knee"],"picked":"Noxious Fumes","floor":1},{"not_picked":["Dodge and Roll","Prepared"],"picked":"Deadly Poison","floor":2},{"not_picked":["Flechettes","Deflect","Deadly Poison"],"picked":"SKIP","floor":7},{"not_picked":["Quick Slash","Blur"],"picked":"Leg Sweep","floor":10},{"not_picked":["Slice","Endless Agony"],"picked":"Skewer","floor":11},{"not_picked":["Dagger Spray","Concentrate"],"picked":"Adrenaline","floor":13},{"not_picked":["Quick Slash","Slice"],"picked":"Noxious Fumes","floor":14},{"not_picked":["Deflect","Dagger Throw"],"picked":"Dash","floor":17},{"not_picked":["Skewer","Blade Dance"],"picked":"Crippling Poison","floor":17},{"not_picked":["Acrobatics","Slice"],"picked":"Footwork","floor":18},{"not_picked":["Crippling Poison","Skewer","Blade Dance"],"picked":"SKIP","floor":19},{"not_picked":["Masterful Stab","Storm of Steel"],"picked":"Acrobatics+1","floor":22},{"not_picked":["Heel Hook","Calculated Gamble+1","Accuracy"],"picked":"SKIP","floor":23},{"not_picked":["Backflip","Poisoned Stab"],"picked":"Blur","floor":25},{"not_picked":["Sucker Punch","Dagger Throw"],"picked":"Catalyst","floor":28},{"not_picked":["Blade Dance","Dash","Accuracy"],"picked":"SKIP","floor":30},{"not_picked":["Envenom","Adrenaline"],"picked":"Burst","floor":33},{"not_picked":["Infinite Blades+1","Leg Sweep"],"picked":"Dodge and Roll","floor":35},{"not_picked":["Outmaneuver","Quick Slash","Accuracy"],"picked":"SKIP","floor":38},{"not_picked":["Purity","Bandage Up"],"picked":"Dark Shackles","floor":39},{"not_picked":["Jack Of All Trades","Swift Strike"],"picked":"Blind","floor":39},{"not_picked":["Night Terror","Slice"],"picked":"PiercingWail","floor":40},{"not_picked":["Blade Dance","Sucker Punch","Flying Knee"],"picked":"SKIP","floor":42},{"not_picked":["Poisoned Stab+1","Bane+1","Choke"],"picked":"SKIP","floor":44},{"not_picked":["Terror","Caltrops","Prepared"],"picked":"SKIP","floor":48},{"not_picked":["Venomology","Bane","Blade Dance"],"picked":"SKIP","floor":54}],"player_experience":489833,"relics_obtained":[{"floor":9,"key":"Bottled Tornado"},{"floor":10,"key":"Blood Vial"},{"floor":13,"key":"Bottled Lightning"},{"floor":23,"key":"Snake Skull"},{"floor":25,"key":"Pear"},{"floor":40,"key":"Art of War"},{"floor":48,"key":"Gremlin Horn"},{"floor":54,"key":"Calipers"}],"event_choices":[{"damage_healed":16,"gold_gain":0,"player_choice":"Healed","damage_taken":0,"max_hp_gain":0,"max_hp_loss":0,"event_name":"The Cleric","floor":3,"gold_loss":35},{"cards_removed":["Strike_G"],"damage_healed":0,"gold_gain":0,"player_choice":"Purged","damage_taken":0,"max_hp_gain":0,"max_hp_loss":0,"event_name":"Purifier","floor":4,"gold_loss":0},{"damage_healed":0,"gold_gain":0,"player_choice":"Trade","damage_taken":0,"relics_obtained":["FaceOfCleric"],"max_hp_gain":0,"max_hp_loss":0,"event_name":"FaceTrader","floor":21,"gold_loss":0},{"cards_removed":["Defend_G"],"damage_healed":0,"gold_gain":0,"player_choice":"Removed Skill","damage_taken":0,"max_hp_gain":0,"max_hp_loss":0,"event_name":"Falling","floor":36,"gold_loss":0},{"damage_healed":0,"gold_gain":0,"player_choice":"Memory 3","damage_taken":10,"max_hp_gain":0,"max_hp_loss":0,"event_name":"SensoryStone","floor":39,"gold_loss":0},{"damage_healed":71,"gold_gain":0,"player_choice":"Heal","damage_taken":0,"max_hp_gain":0,"max_hp_loss":16,"event_name":"The Moai Head","floor":45,"gold_loss":0}],"is_beta":false,"boss_relics":[{"not_picked":["HoveringKite","WristBlade"],"picked":"Orrery"},{"not_picked":["Fusion Hammer","Tiny House"],"picked":"Runic Pyramid"}],"items_purged_floors":[20,31,47],"is_endless":false,"potions_floor_spawned":[7,14,16,19,23,25,28,35,38,42,54],"killed_by":"The Heart","ascension_level":15}