{"gold_per_floor":[99,99,110,37,37,37,70,85,85,85,114,114,114],"floor_reached":13,"playtime":654,"items_purged":[],"score":96,"play_id":"e1837126-f7a0-4db2-bd0a-de7c6da13454","local_time":"20190718211345","is_ascension_mode":true,"campfire_choices":[{"data":"Neutralize","floor":6,"key":"SMITH"},{"data":"Footwork","floor":10,"key":"SMITH"}],"neow_cost":"TEN_PERCENT_HP_LOSS","seed_source_timestamp":74634758646303,"circlet_count":0,"master_deck":["Strike_G","Strike_G","Strike_G","Strike_G","Defend_G","Defend_G","Defend_G","Defend_G","Defend_G","Survivor","Neutralize+1","Dagger Spray","Dagger Throw","Footwork+1","Caltrops","Footwork","Backstab"],"relics":["Ring of the Snake","Gambling Chip","Du-Vu Doll","Regal Pillow","CultistMask"],"potions_floor_usage":[],"damage_taken":[{"damage":0,"enemies":"Small Slimes","floor":1,"turns":4},{"damage":1,"enemies":"Cultist","floor":3,"turns":5},{"damage":29,"enemies":"Lagavulin","floor":7,"turns":11},{"damage":0,"enemies":"Jaw Worm","floor":8,"turns":6},{"damage":26,"enemies":"3 Sentries","floor":11,"turns":8},{"damage":22,"enemies":"Gremlin Nob","floor":13,"turns":4}],"seed_played":"-7901986951169949529","potions_obtained":[{"floor":3,"key":"Ancient Potion"},{"floor":7,"key":"Dexterity Potion"}],"is_trial":false,"path_per_floor":["M","?","M","$","?","R","E","M","T","R","E","?","E"],"character_chosen":"THE_SILENT","items_purchased":["Footwork"],"campfire_rested":0,"item_purchase_floors":[4],"current_hp_per_floor":[63,63,62,62,62,62,33,33,33,33,7,7,0],"gold":114,"neow_bonus":"ONE_RARE_RELIC","is_prod":false,"is_daily":false,"chose_seed":false,"campfire_upgraded":2,"win_rate":0,"timestamp":1563502425,"path_taken":["M","?","M","$","?","R","E","M","T","R","E","?","E"],"build_version":"2019-07-17","purchased_purges":0,"victory":false,"max_hp_per_floor":[63,63,63,63,63,63,63,63,63,63,63,63,63],"card_choices":[{"not_picked":["Quick Slash","Choke"],"picked":"Dagger Spray","floor":1},{"not_picked":["Deflect","Slice"],"picked":"Dagger Throw","floor":3},{"not_picked":["Accuracy","Deflect"],"picked":"Caltrops","floor":7},{"not_picked":["Acrobatics","Infinite Blades"],"picked":"Footwork","floor":8},{"not_picked":["All Out Attack","Dagger Spray"],"picked":"Backstab","floor":11}],"player_experience":173271,"relics_obtained":[{"floor":7,"key":"Du-Vu Doll"},{"floor":11,"key":"Regal Pillow"}],"event_choices":[{"cards_removed":["Strike_G"],"damage_healed":0,"gold_gain":0,"player_choice":"Forget","damage_taken":0,"max_hp_gain":0,"max_hp_loss":0,"event_name":"Living Wall","floor":2,"gold_loss":0},{"damage_healed":0,"gold_gain":0,"player_choice":"Ignored","damage_taken":0,"max_hp_gain":0,"max_hp_loss":0,"event_name":"Shining Light","floor":5,"gold_loss":0},{"damage_healed":0,"gold_gain":0,"player_choice":"Trade","damage_taken":0,"relics_obtained":["CultistMask"],"max_hp_gain":0,"max_hp_loss":0,"event_name":"FaceTrader","floor":12,"gold_loss":0}],"is_beta":false,"boss_relics":[],"items_purged_floors":[],"is_endless":false,"potions_floor_spawned":[3,7],"killed_by":"Gremlin Nob","ascension_level":1}