{"gold_per_floor":[117,42,54,54,72,72,107,107,160,179,197,270,296,306,306,407,407,421,439,456,371,371,371,471,471,471,491,63,81,81,81,81,81],"floor_reached":33,"playtime":1593,"items_purged":["Strike_G","Strike_G"],"score":285,"play_id":"8e4ae1cc-944d-4de2-979c-729b9c203a56","local_time":"20190717021744","is_ascension_mode":true,"campfire_choices":[{"data":"Dash","floor":6,"key":"SMITH"},{"floor":8,"key":"REST"},{"data":"Noxious Fumes","floor":15,"key":"SMITH"},{"floor":23,"key":"REST"},{"floor":25,"key":"REST"},{"floor":32,"key":"REST"}],"neow_cost":"NONE","seed_source_timestamp":34705274732883,"circlet_count":0,"master_deck":["Strike_G","Strike_G","Strike_G","Defend_G","Defend_G","Defend_G","Defend_G","Defend_G","Survivor","Neutralize","Escape Plan","Dash+1","Noxious Fumes+1","Noxious Fumes","Backflip","Dagger Throw","Phantasmal Killer","Footwork","Footwork","Dash","Catalyst","Dodge and Roll","Dagger Spray","Decay"],"relics":["Ring of the Serpent","Juzu Bracelet","Ancient Tea Set","Letter Opener","Strawberry","Dodecahedron","PreservedInsect"],"potions_floor_usage":[33],"damage_taken":[{"damage":2,"enemies":"Small Slimes","floor":1,"turns":4},{"damage":0,"enemies":"2 Louse","floor":3,"turns":3},{"damage":3,"enemies":"Jaw Worm","floor":5,"turns":5},{"damage":25,"enemies":"Lagavulin","floor":7,"turns":9},{"damage":7,"enemies":"2 Fungi Beasts","floor":10,"turns":5},{"damage":16,"enemies":"Lots of Slimes","floor":11,"turns":4},{"damage":3,"enemies":"3 Sentries","floor":13,"turns":6},{"damage":0,"enemies":"3 Louse","floor":14,"turns":4},{"damage":17,"enemies":"The Guardian","floor":16,"turns":9},{"damage":23,"enemies":"2 Thieves","floor":18,"turns":5},{"damage":20,"enemies":"Shell Parasite","floor":19,"turns":8},{"damage":21,"enemies":"Centurion and Healer","floor":20,"turns":8},{"damage":13,"enemies":"3 Cultists","floor":27,"turns":6},{"damage":30,"enemies":"Sentry and Sphere","floor":29,"turns":8},{"damage":17,"enemies":"Snake Plant","floor":31,"turns":9},{"damage":29,"enemies":"Collector","floor":33,"turns":7}],"seed_played":"7510161286309768563","potions_obtained":[{"floor":1,"key":"Ancient Potion"},{"floor":10,"key":"SteroidPotion"},{"floor":13,"key":"FearPotion"}],"is_trial":false,"path_per_floor":["M","$","M","?","M","R","E","R","T","M","M","?","E","M","R","B",null,"M","M","M","?","?","R","?","R","T","M","$","M","?","M","R","B"],"character_chosen":"THE_SILENT","items_purchased":["Dash","Catalyst","PreservedInsect","Dodge and Roll"],"campfire_rested":4,"item_purchase_floors":[28,28,28,28],"current_hp_per_floor":[75,75,75,75,72,72,47,70,70,63,47,47,44,44,44,27,77,54,34,13,20,20,45,45,70,70,57,57,27,27,10,35,6],"gold":81,"neow_bonus":"TEN_PERCENT_HP_BONUS","is_prod":false,"is_daily":false,"chose_seed":false,"campfire_upgraded":2,"win_rate":0,"timestamp":1563347864,"path_taken":["M","$","M","?","M","R","E","R","T","M","M","?","E","M","R","BOSS","M","M","M","?","?","R","?","R","T","M","$","M","?","M","R","BOSS"],"build_version":"2019-07-05","purchased_purges":2,"victory":false,"max_hp_per_floor":[77,77,77,77,77,77,77,77,77,77,77,77,77,77,77,77,77,77,77,77,84,84,84,84,84,84,84,84,84,84,84,84,84],"card_choices":[{"not_picked":["Eviscerate","Prepared"],"picked":"Escape Plan","floor":1},{"not_picked":["Underhanded Strike","Outmaneuver"],"picked":"Dash","floor":3},{"not_picked":["Heel Hook","Prepared","Bane"],"picked":"SKIP","floor":5},{"not_picked":["Flechettes","Blade Dance","Deadly Poison"],"picked":"SKIP","floor":7},{"not_picked":["Backflip","Underhanded Strike"],"picked":"Noxious Fumes","floor":10},{"not_picked":["Expertise","Underhanded Strike"],"picked":"Noxious Fumes","floor":11},{"not_picked":["Prepared","Quick Slash"],"picked":"Backflip","floor":13},{"not_picked":["Choke","Prepared"],"picked":"Dagger Throw","floor":14},{"not_picked":["Glass Knife","Storm of Steel"],"picked":"Phantasmal Killer","floor":16},{"not_picked":["Prepared","Underhanded Strike","Concentrate"],"picked":"SKIP","floor":18},{"not_picked":["Blur","Acrobatics"],"picked":"Footwork","floor":19},{"not_picked":["Deflect","Bane","Well Laid Plans"],"picked":"SKIP","floor":20},{"not_picked":["Poisoned Stab","Storm of Steel","Deflect"],"picked":"SKIP","floor":27},{"not_picked":["Blade Dance","Dagger Throw+1"],"picked":"Dagger Spray","floor":29},{"not_picked":["Concentrate","Deflect","Distraction"],"picked":"SKIP","floor":31}],"player_experience":110925,"relics_obtained":[{"floor":7,"key":"Juzu Bracelet"},{"floor":9,"key":"Ancient Tea Set"},{"floor":13,"key":"Letter Opener"},{"floor":26,"key":"Dodecahedron"}],"event_choices":[{"damage_healed":0,"gold_gain":0,"player_choice":"Ignored","damage_taken":0,"max_hp_gain":0,"max_hp_loss":0,"event_name":"Shining Light","floor":4,"gold_loss":0},{"damage_healed":0,"gold_gain":73,"player_choice":"Gained Gold","damage_taken":0,"max_hp_gain":0,"max_hp_loss":0,"event_name":"Golden Wing","floor":12,"gold_loss":0},{"damage_healed":0,"gold_gain":0,"player_choice":"Obtained Relic","damage_taken":0,"relics_obtained":["Strawberry"],"max_hp_gain":0,"max_hp_loss":0,"event_name":"Addict","floor":21,"gold_loss":85},{"damage_healed":0,"gold_gain":0,"player_choice":"Copied","damage_taken":0,"max_hp_gain":0,"max_hp_loss":0,"event_name":"Duplicator","floor":22,"gold_loss":0,"cards_obtained":["Footwork"]},{"damage_healed":0,"gold_gain":100,"player_choice":"Pray","damage_taken":0,"max_hp_gain":0,"max_hp_loss":0,"event_name":"Golden Shrine","floor":24,"gold_loss":0},{"damage_healed":0,"gold_gain":0,"player_choice":"Smashed Altar","damage_taken":0,"max_hp_gain":0,"max_hp_loss":0,"event_name":"Forgotten Altar","floor":30,"gold_loss":0,"cards_obtained":["Decay"]}],"is_beta":false,"boss_relics":[{"not_picked":["Black Star","Orrery"],"picked":"Ring of the Serpent"}],"items_purged_floors":[2,28],"is_endless":false,"potions_floor_spawned":[1,10,13,14,19,20],"killed_by":"Collector","ascension_level":2}