{"gold_per_floor":[118,118,118,128,128,128,188,188,188,188,13,37,51,64,64,195,195,208,5,23,47,47,81,81,105,105,170,135,135],"floor_reached":29,"playtime":4028,"items_purged":[],"score":270,"play_id":"4b09641a-52a7-4c74-a64d-52648a2aba18","local_time":"20190628022233","is_ascension_mode":true,"campfire_choices":[{"data":"Cleave","floor":6,"key":"SMITH"},{"data":"Barricade","floor":8,"key":"SMITH"},{"data":"Defend_R","floor":10,"key":"SMITH"},{"data":"Metallicize","floor":15,"key":"SMITH"},{"floor":24,"key":"REST"}],"neow_cost":"NONE","seed_source_timestamp":891263956575200,"circlet_count":0,"master_deck":["Strike_R","Strike_R","Strike_R","Strike_R","Strike_R","Defend_R+1","Defend_R","Defend_R","Defend_R","Bash","Cleave+1","Barricade+1","Armaments","Disarm","Metallicize+1","Metallicize","Offering","Battle Trance+1","Cleave+1","Thunderclap+1","Warcry+1","Warcry+1","Shrug It Off+1"],"relics":["Burning Blood","Orichalcum","Pear","Golden Idol","Bottled Lightning","Oddly Smooth Stone","Black Star","OrangePellets","SsserpentHead","Toxic Egg 2","Blood Vial","Smiling Mask","Regal Pillow"],"potions_floor_usage":[16,16,23,23,29,29],"damage_taken":[{"damage":1,"enemies":"Cultist","floor":1,"turns":3},{"damage":6,"enemies":"Small Slimes","floor":4,"turns":3},{"damage":4,"enemies":"2 Louse","floor":12,"turns":4},{"damage":0,"enemies":"Blue Slaver","floor":13,"turns":4},{"damage":14,"enemies":"Lots of Slimes","floor":14,"turns":4},{"damage":16,"enemies":"Slime Boss","floor":16,"turns":59},{"damage":6,"enemies":"Chosen","floor":18,"turns":8},{"damage":9,"enemies":"Shell Parasite","floor":20,"turns":11},{"damage":19,"enemies":"Sentry and Sphere","floor":21,"turns":12},{"damage":54,"enemies":"Gremlin Leader","floor":23,"turns":10},{"damage":6,"enemies":"Centurion and Healer","floor":25,"turns":9},{"damage":16,"enemies":"Snecko","floor":27,"turns":9},{"damage":49,"enemies":"Book of Stabbing","floor":29,"turns":11}],"seed_played":"-3793953895448746218","potions_obtained":[{"floor":1,"key":"SteroidPotion"},{"floor":4,"key":"Dexterity Potion"},{"floor":14,"key":"Dexterity Potion"},{"floor":20,"key":"Dexterity Potion"},{"floor":21,"key":"Energy Potion"},{"floor":27,"key":"Block Potion"}],"is_trial":false,"path_per_floor":["M","T","$","M","?","R","?","R","T","R","$","M","M","M","R","B",null,"M","$","M","M","?","E","R","M","T","M","?","E"],"character_chosen":"IRONCLAD","items_purchased":["Oddly Smooth Stone","Armaments","OrangePellets"],"campfire_rested":1,"item_purchase_floors":[11,11,19],"current_hp_per_floor":[80,90,90,90,68,68,68,68,68,68,68,70,76,68,68,58,90,90,90,87,74,74,26,53,55,55,47,47,0],"gold":135,"neow_bonus":"RANDOM_COMMON_RELIC","is_prod":false,"is_daily":false,"chose_seed":false,"campfire_upgraded":4,"win_rate":0,"timestamp":1561681353,"path_taken":["M","?","$","M","?","R","?","R","T","R","$","M","M","?","R","BOSS","M","$","M","M","?","E","R","M","T","?","?","E"],"build_version":"2019-01-23","purchased_purges":0,"victory":false,"max_hp_per_floor":[80,90,90,90,90,90,90,90,90,90,90,90,90,90,90,90,90,90,90,90,90,90,90,90,90,90,90,90,90],"card_choices":[{"not_picked":["Perfected Strike","Sword Boomerang"],"picked":"Cleave","floor":1},{"not_picked":["Clash","Shrug It Off"],"picked":"Barricade","floor":4},{"not_picked":["Shrug It Off","Sword Boomerang"],"picked":"Disarm","floor":12},{"not_picked":["Headbutt","Sentinel"],"picked":"Metallicize","floor":13},{"not_picked":["True Grit","Thunderclap"],"picked":"Metallicize","floor":14},{"not_picked":["Immolate","Exhume"],"picked":"Offering","floor":16},{"not_picked":["Wild Strike+1","Twin Strike"],"picked":"Battle Trance+1","floor":18},{"not_picked":["Perfected Strike+1","Shrug It Off"],"picked":"Cleave+1","floor":20},{"not_picked":["Sentinel","Whirlwind"],"picked":"Thunderclap+1","floor":21},{"not_picked":["Clothesline","Barricade"],"picked":"Warcry","floor":23},{"not_picked":["Twin Strike+1","Iron Wave"],"picked":"Warcry+1","floor":25},{"not_picked":["Perfected Strike","Iron Wave"],"picked":"Shrug It Off+1","floor":27}],"player_experience":47713,"relics_obtained":[{"floor":2,"key":"Pear"},{"floor":9,"key":"Bottled Lightning"},{"floor":23,"key":"Toxic Egg 2"},{"floor":23,"key":"Blood Vial"},{"floor":26,"key":"Smiling Mask"}],"event_choices":[{"damage_healed":0,"gold_gain":0,"player_choice":"Take Damage","damage_taken":22,"relics_obtained":["Golden Idol"],"max_hp_gain":0,"max_hp_loss":0,"event_name":"Golden Idol","floor":5,"gold_loss":0},{"damage_healed":0,"gold_gain":60,"player_choice":"Gained Gold","damage_taken":0,"max_hp_gain":0,"max_hp_loss":0,"event_name":"Golden Wing","floor":7,"gold_loss":0},{"damage_healed":0,"gold_gain":0,"player_choice":"Trade","damage_taken":0,"relics_obtained":["SsserpentHead"],"max_hp_gain":0,"max_hp_loss":0,"event_name":"FaceTrader","floor":22,"gold_loss":0},{"damage_healed":0,"gold_gain":0,"player_choice":"Obtained Relic","damage_taken":0,"relics_obtained":["Regal Pillow"],"max_hp_gain":0,"max_hp_loss":0,"event_name":"Addict","floor":28,"gold_loss":85}],"is_beta":false,"boss_relics":[{"not_picked":["Cursed Key","Velvet Choker"],"picked":"Black Star"}],"items_purged_floors":[],"is_endless":false,"potions_floor_spawned":[1,4,14,20,21,27],"killed_by":"Book of Stabbing","ascension_level":3}