{"path_per_floor":["M","?","?","?","?","E","R","M","T","M","R","M","$","E","R","B",null,"M","M","?","M","?","E","R","?","T","M","E","M","R","M","R","B",null,"M","M","?","M","$","R","E","R","T","?"],"character_chosen":"IRONCLAD","items_purchased":["Heavy Blade","Whetstone"],"gold_per_floor":[111,111,111,111,111,140,140,155,155,174,174,185,61,91,91,188,188,203,220,145,164,64,95,95,95,95,110,168,179,179,198,198,303,303,317,328,328,340,92,92,118,118,418,473],"floor_reached":45,"campfire_rested":3,"playtime":3903,"current_hp_per_floor":[80,80,80,64,69,57,57,60,60,66,66,68,68,59,59,35,85,85,85,85,71,71,54,54,54,54,50,29,25,50,42,67,10,85,88,83,83,55,55,55,33,63,63,20],"items_purged":["Strike_R","Defend_R"],"gold":473,"score":466,"play_id":"5b4c380b-269f-4238-b381-d43eaec0a679","is_prod":false,"is_daily":false,"is_ascension_mode":false,"campfire_upgraded":5,"path_taken":["M","?","?","?","?","E","R","M","T","M","R","?","$","E","R","BOSS","M","M","?","?","?","E","R","?","T","M","E","M","R","M","R","BOSS","M","M","?","M","$","R","E","R","T","?","E"],"build_version":"2018-02-15-PROD1","purchased_purges":2,"victory":false,"master_deck":["Strike_R+1","Strike_R+1","Defend_R+1","Defend_R+1","Defend_R+1","Bash","Uppercut","Bloodletting+1","Inflame+1","Heavy Blade+1","Headbutt","Heavy Blade+1","Offering","Seeing Red+1","Clothesline+1","J.A.X.","Feed","Spot Weakness+1","Headbutt","Intimidate+1"],"max_hp_per_floor":[80,80,80,80,85,85,85,85,85,85,85,85,85,85,85,85,85,85,85,85,85,85,85,85,85,85,85,85,85,85,85,85,85,85,88,91,91,94,94,94,101,101,101,101],"relics":["Burning Blood","Mercury Hourglass","War Paint","Bottled Tornado","Lizard Tail","Bronze Scales","Centennial Puzzle","Tiny Chest","Black Star","Whetstone","Strawberry","Lantern","Old Coin","Shovel"],"card_choices":[{"not_picked":["Perfected Strike","Armaments"],"picked":"Uppercut"},{"not_picked":["Fiend Fire","Infernal Blade"],"picked":"Bloodletting"},{"not_picked":["Armaments","Corruption"],"picked":"Inflame"},{"not_picked":["Iron Wave","Thunderclap"],"picked":"Heavy Blade"},{"not_picked":["Iron Wave","Fire Breathing"],"picked":"Headbutt"},{"not_picked":["Bludgeon","Double Tap"],"picked":"Offering"},{"not_picked":["Blood for Blood","Heavy Blade"],"picked":"Seeing Red"},{"not_picked":["Pommel Strike","Heavy Blade"],"picked":"Clothesline"},{"not_picked":["Brutality","Fiend Fire"],"picked":"Feed"},{"not_picked":["Iron Wave","Seeing Red"],"picked":"Spot Weakness"},{"not_picked":["Anger","Feel No Pain"],"picked":"Headbutt"},{"not_picked":["Hemokinesis","True Grit"],"picked":"Intimidate"}],"player_experience":31431,"potions_floor_usage":[27,33,38,41,41],"damage_taken":[{"damage":6,"enemies":"Jaw Worm","floor":1,"turns":3},{"damage":18,"enemies":"Gremlin Nob","floor":6,"turns":4},{"damage":3,"enemies":"Small Slimes","floor":8,"turns":2},{"damage":0,"enemies":"2 Louse","floor":10,"turns":2},{"damage":4,"enemies":"Exordium Thugs","floor":12,"turns":3},{"damage":15,"enemies":"Lagavulin","floor":14,"turns":5},{"damage":30,"enemies":"The Guardian","floor":16,"turns":6},{"damage":6,"enemies":"Spheric Guardian","floor":18,"turns":3},{"damage":4,"enemies":"Chosen","floor":19,"turns":2},{"damage":20,"enemies":"Snake Plant","floor":21,"turns":3},{"damage":23,"enemies":"Book of Stabbing","floor":23,"turns":3},{"damage":10,"enemies":"3 Cultists","floor":27,"turns":2},{"damage":27,"enemies":"Gremlin Leader","floor":28,"turns":3},{"damage":10,"enemies":"Cultist and Chosen","floor":29,"turns":3},{"damage":14,"enemies":"Slaver and Parasite","floor":31,"turns":3},{"damage":63,"enemies":"Champ","floor":33,"turns":9},{"damage":5,"enemies":"Orb Walker","floor":35,"turns":2},{"damage":14,"enemies":"3 Shapes","floor":36,"turns":3},{"damage":37,"enemies":"Maw","floor":38,"turns":6},{"damage":35,"enemies":"2 Orb Walkers","floor":41,"turns":3},{"damage":49,"enemies":"Mysterious Sphere","floor":44,"turns":5},{"damage":89,"enemies":"Giant Head","floor":45,"turns":7}],"event_choices":[{"event_name":"Living Wall","player_choice":"Forget","floor":2,"damage_taken":0},{"event_name":"Liars Game","player_choice":"disagreed","floor":3,"damage_taken":0},{"event_name":"Shining Light","player_choice":"Entered Light","floor":4,"damage_taken":0},{"event_name":"Big Fish","player_choice":"Donut","floor":5,"damage_taken":0},{"event_name":"Beggar","player_choice":"Gave Gold","floor":20,"damage_taken":0},{"event_name":"Drug Dealer","player_choice":"Got JAXXED","floor":22,"damage_taken":0},{"event_name":"Vampires","player_choice":"Ignored","floor":25,"damage_taken":0},{"event_name":"The Lab","player_choice":"Got Potions","floor":37,"damage_taken":0},{"event_name":"Mysterious Sphere","player_choice":"Fight","floor":44,"damage_taken":0}],"boss_relics":[{"not_picked":["Orrery","White Beast Statue"],"picked":"Lizard Tail"},{"not_picked":["Black Blood","Runic Pyramid"],"picked":"Black Star"}],"potions_floor_spawned":[10,14,16,18,28,29,31,33,36,44],"seed_played":"-5141035522955234926","killed_by":"Giant Head","ascension_level":0,"is_trial":false}