{"gold_per_floor":[142,142,160,175,175,200,200],"floor_reached":7,"playtime":230,"items_purged":[],"score":64,"play_id":"1d012a26-676a-4f95-b906-cafa105e9391","local_time":"20190623150458","is_ascension_mode":true,"campfire_choices":[],"neow_cost":"NONE","seed_source_timestamp":0,"circlet_count":0,"master_deck":["Strike_R","Strike_R","Strike_R","Strike_R","Defend_R","Defend_R","Defend_R","Defend_R","Bash","Seeing Red","Shrug It Off"],"special_seed":0,"relics":["Burning Blood","Tiny Chest","SsserpentHead","Dream Catcher"],"potions_floor_usage":[],"damage_taken":[{"damage":14.0,"enemies":"Jaw Worm","floor":1.0,"turns":3.0},{"damage":6.0,"enemies":"Cultist","floor":3.0,"turns":3.0},{"damage":2.0,"enemies":"2 Louse","floor":4.0,"turns":4.0},{"damage":45.0,"enemies":"Lagavulin","floor":6.0,"turns":8.0},{"damage":21,"enemies":"Exordium Wildlife","floor":7,"turns":7}],"seed_played":"-4313281487027558023","potions_obtained":[{"floor":1.0,"key":"SpeedPotion"},{"floor":4.0,"key":"PowerPotion"}],"is_trial":false,"path_per_floor":["M","?","M","M","?","E","M"],"character_chosen":"IRONCLAD","items_purchased":[],"campfire_rested":0,"item_purchase_floors":[],"current_hp_per_floor":[72,72,72,76,76,37,16],"gold":200,"neow_bonus":"RANDOM_COMMON_RELIC","is_prod":false,"is_daily":false,"chose_seed":false,"campfire_upgraded":0,"win_rate":0,"timestamp":1561295098,"path_taken":["M","?","?","M","?","E","M"],"build_version":"2019-01-23","purchased_purges":0,"victory":false,"max_hp_per_floor":[80,80,80,80,80,80,80],"card_choices":[{"not_picked":["Pummel","Cleave","Flex"],"picked":"SKIP","floor":1.0},{"not_picked":["Second Wind","Sword Boomerang"],"picked":"Shrug It Off","floor":3.0},{"not_picked":["Warcry","Second Wind","Flex"],"picked":"SKIP","floor":4.0},{"not_picked":["Clash","Havoc","Perfected Strike"],"picked":"SKIP","floor":6.0}],"player_experience":304685,"relics_obtained":[{"floor":6.0,"key":"Dream Catcher"}],"event_choices":[{"damage_healed":0.0,"max_hp_gain":0.0,"max_hp_loss":0.0,"gold_gain":0.0,"cards_transformed":["Strike_R"],"event_name":"Transmorgrifier","player_choice":"Transformed","floor":2.0,"gold_loss":0.0,"damage_taken":0.0,"cards_obtained":["Seeing Red"]},{"damage_healed":0.0,"max_hp_gain":0.0,"max_hp_loss":0.0,"gold_gain":0.0,"event_name":"FaceTrader","player_choice":"Trade","floor":5.0,"gold_loss":0.0,"damage_taken":0.0,"relics_obtained":["SsserpentHead"]}],"is_beta":false,"boss_relics":[],"items_purged_floors":[],"is_endless":false,"potions_floor_spawned":[1,4],"killed_by":"Exordium Wildlife","ascension_level":5}