{"gold_per_floor":[116,116,36,36,48,83,83,83,83,83,101,120,20,44,44,144,144,163,163,27,43,43,43,58,82,108,108,108,142,42,102,102,197,197,212,87,100,100,120,120,147,147],"floor_reached":42,"playtime":2192,"items_purged":["Regret","Strike_G","Strike_G"],"score":501,"play_id":"a60142ae-5a2f-4be0-b14e-635d0b6285ce","local_time":"20190717194511","is_ascension_mode":true,"campfire_choices":[{"floor":7,"key":"REST"},{"data":"Noxious Fumes","floor":10,"key":"SMITH"},{"floor":15,"key":"REST"},{"floor":23,"key":"REST"},{"floor":28,"key":"REST"},{"floor":32,"key":"REST"},{"data":"Glass Knife","floor":40,"key":"SMITH"}],"neow_cost":"NONE","seed_source_timestamp":96962911764932,"circlet_count":0,"master_deck":["Strike_G","Strike_G+1","Defend_G","Defend_G","Defend_G","Defend_G","Defend_G","Survivor","Neutralize+1","After Image","Blade Dance","Noxious Fumes+1","Dagger Spray","Adrenaline","Terror","Blur","Sucker Punch","Blade Dance","Glass Knife+1","Bane+1","Die Die Die","Outmaneuver+1","Cloak And Dagger","Adrenaline","Backstab","Adrenaline","Cloak And Dagger+1","Cloak And Dagger"],"relics":["Ring of the Snake","Letter Opener","Art of War","Kunai","Odd Mushroom","Black Star","Pen Nib","Anchor","Incense Burner","Whetstone","Bag of Preparation","Tiny Chest","Eternal Feather","Pear","Bronze Scales"],"potions_floor_usage":[14,18,24,37,39,42,42],"damage_taken":[{"damage":2,"enemies":"Small Slimes","floor":1,"turns":3},{"damage":6,"enemies":"2 Louse","floor":5,"turns":4},{"damage":34,"enemies":"Gremlin Nob","floor":6,"turns":5},{"damage":0,"enemies":"Cultist","floor":11,"turns":3},{"damage":10,"enemies":"Exordium Thugs","floor":12,"turns":5},{"damage":2,"enemies":"The Mushroom Lair","floor":14,"turns":3},{"damage":39,"enemies":"Slime Boss","floor":16,"turns":11},{"damage":4,"enemies":"Spheric Guardian","floor":18,"turns":4},{"damage":11,"enemies":"Chosen","floor":21,"turns":4},{"damage":14,"enemies":"Centurion and Healer","floor":24,"turns":5},{"damage":0,"enemies":"Gremlin Leader","floor":29,"turns":5},{"damage":17,"enemies":"Book of Stabbing","floor":31,"turns":5},{"damage":35,"enemies":"Collector","floor":33,"turns":11},{"damage":1,"enemies":"3 Shapes","floor":35,"turns":4},{"damage":5,"enemies":"3 Darklings","floor":37,"turns":4},{"damage":17,"enemies":"Spire Growth","floor":39,"turns":5},{"damage":73,"enemies":"Giant Head","floor":42,"turns":12}],"seed_played":"-1923247522591878231","potions_obtained":[{"floor":1,"key":"Dexterity Potion"},{"floor":11,"key":"Fire Potion"},{"floor":16,"key":"Block Potion"},{"floor":21,"key":"AttackPotion"},{"floor":31,"key":"Explosive Potion"},{"floor":33,"key":"SkillPotion"},{"floor":39,"key":"EssenceOfSteel"}],"is_trial":false,"path_per_floor":["M","?","$","?","M","E","R","?","T","R","M","M","$","?","R","B",null,"M","?","$","M","$","R","M","T","T","?","R","E","$","E","R","B",null,"M","$","M","T","M","R","T","E"],"character_chosen":"THE_SILENT","items_purchased":["Noxious Fumes","Sucker Punch","Die Die Die"],"campfire_rested":5,"item_purchase_floors":[3,13,20],"current_hp_per_floor":[68,68,68,68,62,28,49,49,49,49,49,39,39,37,58,19,70,66,66,66,55,55,70,56,56,56,56,70,70,70,53,70,35,70,69,69,64,74,57,72,72,0],"gold":147,"neow_bonus":"ONE_RANDOM_RARE_CARD","is_prod":false,"is_daily":false,"chose_seed":false,"campfire_upgraded":2,"win_rate":0,"timestamp":1563410711,"path_taken":["M","?","$","?","M","E","R","?","T","R","M","M","$","?","R","BOSS","M","?","?","?","$","R","M","?","T","?","R","E","$","E","R","BOSS","M","$","M","?","?","R","?","E"],"build_version":"2019-07-05","purchased_purges":3,"victory":false,"max_hp_per_floor":[70,70,70,70,70,70,70,70,70,70,70,70,70,70,70,70,70,70,70,70,70,70,70,70,70,70,70,70,70,70,70,70,70,70,70,70,70,80,80,80,80,80],"card_choices":[{"not_picked":["Escape Plan","Underhanded Strike"],"picked":"Blade Dance","floor":1},{"not_picked":["Backflip","Poisoned Stab"],"picked":"Dagger Spray","floor":5},{"not_picked":["Bane","Dagger Throw"],"picked":"Adrenaline","floor":6},{"not_picked":["Heel Hook","Bane"],"picked":"Terror","floor":11},{"not_picked":["Outmaneuver","Flying Knee"],"picked":"Blur","floor":12},{"not_picked":["Poisoned Stab","Sucker Punch"],"picked":"Blade Dance","floor":14},{"not_picked":["Doppelganger","A Thousand Cuts"],"picked":"Glass Knife","floor":16},{"not_picked":["Tactician","Underhanded Strike"],"picked":"Bane+1","floor":18},{"not_picked":["Dagger Spray","Expertise+1"],"picked":"Outmaneuver+1","floor":21},{"not_picked":["Outmaneuver","Dagger Spray"],"picked":"Cloak And Dagger","floor":24},{"not_picked":["Flying Knee","Sucker Punch"],"picked":"Backstab","floor":29},{"not_picked":["Distraction","Endless Agony","Bouncing Flask+1"],"picked":"SKIP","floor":31},{"not_picked":["Envenom","Burst"],"picked":"Adrenaline","floor":33},{"not_picked":["Eviscerate","Deadly Poison+1","PiercingWail+1"],"picked":"SKIP","floor":35},{"not_picked":["Concentrate+1","Dagger Throw"],"picked":"Cloak And Dagger+1","floor":37},{"not_picked":["Choke","Sucker Punch"],"picked":"Cloak And Dagger","floor":39}],"player_experience":129921,"relics_obtained":[{"floor":6,"key":"Art of War"},{"floor":9,"key":"Kunai"},{"floor":14,"key":"Odd Mushroom"},{"floor":25,"key":"Pen Nib"},{"floor":26,"key":"Anchor"},{"floor":29,"key":"Incense Burner"},{"floor":29,"key":"Whetstone"},{"floor":31,"key":"Bag of Preparation"},{"floor":31,"key":"Tiny Chest"},{"floor":38,"key":"Pear"},{"floor":41,"key":"Bronze Scales"}],"event_choices":[{"damage_healed":0,"gold_gain":0,"player_choice":"Box","damage_taken":0,"relics_obtained":["Letter Opener"],"max_hp_gain":0,"max_hp_loss":0,"event_name":"Big Fish","floor":2,"gold_loss":0,"cards_obtained":["Regret"]},{"damage_healed":0,"gold_gain":0,"player_choice":"Ignored","damage_taken":0,"max_hp_gain":0,"max_hp_loss":0,"event_name":"Liars Game","floor":4,"gold_loss":0},{"damage_healed":0,"gold_gain":0,"player_choice":"Fled","damage_taken":0,"max_hp_gain":0,"max_hp_loss":0,"event_name":"Scrap Ooze","floor":8,"gold_loss":0},{"damage_healed":0,"gold_gain":0,"player_choice":"Fought Mushrooms","damage_taken":0,"max_hp_gain":0,"max_hp_loss":0,"event_name":"Mushrooms","floor":14,"gold_loss":0},{"cards_removed":["Strike_G"],"damage_healed":0,"gold_gain":0,"player_choice":"Offered Basic","damage_taken":0,"max_hp_gain":0,"max_hp_loss":0,"event_name":"Bonfire Elementals","floor":19,"gold_loss":0},{"damage_healed":0,"gold_gain":0,"player_choice":"Copied","damage_taken":0,"max_hp_gain":0,"max_hp_loss":0,"event_name":"Duplicator","floor":27,"gold_loss":0,"cards_obtained":["Adrenaline"]}],"is_beta":false,"boss_relics":[{"not_picked":["Orrery","Snecko Eye"],"picked":"Black Star"},{"not_picked":["Ring of the Serpent","Lizard Tail"],"picked":"Eternal Feather"}],"items_purged_floors":[13,30,36],"is_endless":false,"potions_floor_spawned":[1,11,16,21,31,33,35,39],"killed_by":"Giant Head","ascension_level":2}