{"gold_per_floor":[119,134,84,100,8,35,35,53,53,73,98,114,145,157,157,256,256,271,271,28,28,38,369,369,402,402,434,445,445,445,457,457,553,603,613,613,506,522,535,566,666,696,696,729,729,760,760,778,778,778,778,778,218,250,250],"floor_reached":56,"playtime":6536,"items_purged":["Strike_R","Defend_R"],"score":1942,"play_id":"882b19c9-70b8-4ba1-8af0-2eb3425cbcbe","local_time":"20190318133928","is_ascension_mode":true,"campfire_choices":[{"data":"Finesse","floor":7.0,"key":"SMITH"},{"data":"True Grit","floor":15.0,"key":"SMITH"},{"floor":30.0,"key":"RECALL"},{"data":"Metallicize","floor":32.0,"key":"SMITH"},{"data":"Apotheosis","floor":47.0,"key":"SMITH"},{"data":"Pommel Strike","floor":49.0,"key":"SMITH"},{"data":"Battle Trance","floor":52.0,"key":"SMITH"}],"neow_cost":"NONE","seed_source_timestamp":0,"circlet_count":0,"master_deck":["AscendersBane","Defend_R","Defend_R","Defend_R+1","Bash","Pommel Strike+1","Demon Form","Finesse+1","Limit Break","True Grit+1","Metallicize+1","Feed+1","Reaper","Apotheosis+1","theJungle:PetSnecko+1","Spot Weakness","Battle Trance+1","Flame Barrier+1","Shrug It Off+1","Metallicize+1","Heavy Blade+1","Madness","Master of Strategy","Madness"],"special_seed":0,"relics":["Burning Blood","Ornamental Fan","Shuriken","Red Skull","Black Star","theJungle:SpiritDisease","Happy Flower","Old Coin","Oddly Smooth Stone","Magic Flower","Spirit Poop","War Paint","Bronze Scales","theJungle:BirthdayCakeSlice","Tiny House","Pear","Blue Candle","Darkstone Periapt","Thread and Needle","Letter Opener","Bottled Flame","Frozen Egg 2","Molten Egg 2","Ancient Tea Set","Pantograph","Champion Belt","Sling","Paper Frog","Centennial Puzzle","Bag of Preparation"],"potions_floor_usage":[55,55,55,55,55],"damage_taken":[{"damage":1.0,"enemies":"Cultist","floor":1.0,"turns":3.0},{"damage":7.0,"enemies":"Small Slimes","floor":2.0,"turns":4.0},{"damage":7.0,"enemies":"Jaw Worm","floor":4.0,"turns":3.0},{"damage":43.0,"enemies":"3 Sentries","floor":6.0,"turns":8.0},{"damage":7.0,"enemies":"3 Louse","floor":8.0,"turns":5.0},{"damage":9.0,"enemies":"Blue Slaver","floor":10.0,"turns":3.0},{"damage":3.0,"enemies":"Lagavulin","floor":11.0,"turns":8.0},{"damage":17.0,"enemies":"Looter","floor":12.0,"turns":4.0},{"damage":29.0,"enemies":"3 Sentries","floor":13.0,"turns":8.0},{"damage":0.0,"enemies":"2 Fungi Beasts","floor":14.0,"turns":5.0},{"damage":20.0,"enemies":"Hexaghost","floor":16.0,"turns":9.0},{"damage":33.0,"enemies":"theJungle:GiantWrat","floor":18.0,"turns":6.0},{"damage":34.0,"enemies":"theJungle:5_Spyders","floor":22.0,"turns":10.0},{"damage":78.0,"enemies":"theJungle:MamaSnecko","floor":23.0,"turns":7.0},{"damage":29.0,"enemies":"theJungle:2_Phrogs","floor":25.0,"turns":7.0},{"damage":56.0,"enemies":"theJungle:Cassacara","floor":27.0,"turns":8.0},{"damage":27.0,"enemies":"theJungle:2_Snecko_Cultists","floor":28.0,"turns":6.0},{"damage":23.0,"enemies":"theJungle:Lyon","floor":31.0,"turns":6.0},{"damage":68.0,"enemies":"theJungle:FunGuy","floor":33.0,"turns":12.0},{"damage":63.0,"enemies":"3 Shapes","floor":35.0,"turns":5.0},{"damage":52.0,"enemies":"3 Darklings","floor":38.0,"turns":5.0},{"damage":47.0,"enemies":"4 Shapes","floor":39.0,"turns":13.0},{"damage":135.0,"enemies":"Nemesis","floor":40.0,"turns":13.0},{"damage":35.0,"enemies":"Mind Bloom Boss Battle","floor":41.0,"turns":9.0},{"damage":77.0,"enemies":"Giant Head","floor":42.0,"turns":9.0},{"damage":123.0,"enemies":"Reptomancer","floor":44.0,"turns":11.0},{"damage":49.0,"enemies":"Nemesis","floor":46.0,"turns":11.0},{"damage":24.0,"enemies":"Jaw Worm Horde","floor":48.0,"turns":7.0},{"damage":84.0,"enemies":"Donu and Deca","floor":50.0,"turns":12.0},{"damage":89.0,"enemies":"Shield and Spear","floor":54.0,"turns":8.0},{"damage":94,"enemies":"The Heart","floor":55,"turns":10}],"seed_played":"5815684530005027655","potions_obtained":[{"floor":2.0,"key":"Regen Potion"},{"floor":4.0,"key":"Explosive Potion"},{"floor":10.0,"key":"Weak Potion"},{"floor":12.0,"key":"SkillPotion"},{"floor":16.0,"key":"FearPotion"},{"floor":23.0,"key":"Swift Potion"},{"floor":27.0,"key":"Dexterity Potion"},{"floor":28.0,"key":"AttackPotion"},{"floor":31.0,"key":"Fruit Juice"},{"floor":33.0,"key":"Energy Potion"},{"floor":34.0,"key":"Dexterity Potion"},{"floor":41.0,"key":"EntropicBrew"}],"is_trial":false,"path_per_floor":["M","M","?","M","$","E","R","M","T","M","E","M","E","M","R","B",null,"M","?","$","?","M","E","?","E","T","E","M","?","R","M","R","B",null,"M","?","?","M","M","E","?","E","T","E","?","E","R","M","R","B",null,"R","$","E","B",null],"character_chosen":"IRONCLAD","items_purchased":["Finesse","Apotheosis","Sling","Paper Frog"],"campfire_rested":0,"item_purchase_floors":[5,20,53,53],"current_hp_per_floor":[85,84,84,83,83,46,46,45,45,42,57,46,23,32,32,18,73,49,49,49,49,90,97,97,96,96,76,91,96,96,110,110,119,124,96,96,106,134,138,138,142,146,146,146,136,146,146,137,137,154,154,154,154,92,62],"gold":250,"neow_bonus":"TEN_PERCENT_HP_BONUS","is_prod":false,"is_daily":false,"chose_seed":false,"campfire_upgraded":6,"win_rate":0,"timestamp":1552930768,"path_taken":["M","M","?","M","$","E","R","M","T","M","E","M","E","M","R","BOSS","M","?","$","?","M","E","?","E","T","E","M","?","R","M","R","BOSS","M","?","?","M","?","E","?","E","T","E","?","E","R","M","R","BOSS","R","$","E","BOSS"],"build_version":"2019-01-23","purchased_purges":2,"victory":true,"max_hp_per_floor":[88,88,88,88,88,88,88,88,88,88,88,88,88,91,91,91,91,94,94,94,94,97,97,97,97,97,97,101,106,106,110,110,119,124,124,124,134,134,138,138,142,146,146,146,146,146,146,150,150,154,154,154,154,154,154],"card_choices":[{"not_picked":["Clothesline","Headbutt"],"picked":"Pommel Strike","floor":1.0},{"not_picked":["Rage","Reckless Charge","Headbutt"],"picked":"SKIP","floor":2.0},{"not_picked":["Clash","Headbutt"],"picked":"Demon Form","floor":4.0},{"not_picked":["Corruption","Sentinel"],"picked":"Limit Break","floor":6.0},{"not_picked":["Clothesline","Warcry"],"picked":"True Grit","floor":8.0},{"not_picked":["Anger","Clash"],"picked":"Metallicize","floor":10.0},{"not_picked":["Bludgeon","Warcry","Burning Pact"],"picked":"SKIP","floor":11.0},{"not_picked":["Headbutt","Second Wind","True Grit"],"picked":"SKIP","floor":12.0},{"not_picked":["Evolve","Burning Pact"],"picked":"Feed","floor":13.0},{"not_picked":["Bloodletting","Sever Soul","Warcry"],"picked":"SKIP","floor":14.0},{"not_picked":["Barricade","Bludgeon"],"picked":"Reaper","floor":16.0},{"not_picked":["Body Slam","Wild Strike","Burning Pact"],"picked":"SKIP","floor":18.0},{"not_picked":["Sword Boomerang+1","Corruption","Seeing Red"],"picked":"SKIP","floor":22.0},{"not_picked":["Sword Boomerang","Blood for Blood+1","Flex"],"picked":"SKIP","floor":23.0},{"not_picked":["Clothesline","Pummel+1"],"picked":"Spot Weakness","floor":25.0},{"not_picked":["Anger+1","Wild Strike+1"],"picked":"Battle Trance","floor":27.0},{"not_picked":["Second Wind","Seeing Red","Wild Strike"],"picked":"SKIP","floor":28.0},{"not_picked":["Pommel Strike","Armaments","Flex"],"picked":"SKIP","floor":31.0},{"not_picked":["Infernal Blade","Armaments"],"picked":"Flame Barrier+1","floor":35.0},{"not_picked":["True Grit+1","Twin Strike"],"picked":"Shrug It Off+1","floor":38.0},{"not_picked":["Fire Breathing","Body Slam","Limit Break"],"picked":"SKIP","floor":39.0},{"not_picked":["Flex","Battle Trance+1","Havoc"],"picked":"SKIP","floor":40.0},{"not_picked":["Armaments","Iron Wave+1"],"picked":"Metallicize+1","floor":41.0},{"not_picked":["Corruption","Intimidate","Sentinel+1"],"picked":"SKIP","floor":42.0},{"not_picked":["Cleave+1","True Grit"],"picked":"Heavy Blade","floor":44.0},{"not_picked":["Swift Strike+1","Trip"],"picked":"Madness","floor":45.0},{"not_picked":["Mayhem+1","Good Instincts"],"picked":"Master of Strategy","floor":45.0},{"not_picked":["Apotheosis","Blind"],"picked":"Madness","floor":45.0},{"not_picked":["Headbutt+1","Flame Barrier","Entrench+1"],"picked":"SKIP","floor":46.0},{"not_picked":["Entrench+1","Armaments+1","Anger+1"],"picked":"SKIP","floor":48.0},{"not_picked":["Whirlwind+1","Anger+1","Battle Trance"],"picked":"SKIP","floor":54.0}],"player_experience":340755,"relics_obtained":[{"floor":6.0,"key":"Ornamental Fan"},{"floor":11.0,"key":"Shuriken"},{"floor":13.0,"key":"Red Skull"},{"floor":23.0,"key":"Happy Flower"},{"floor":23.0,"key":"Old Coin"},{"floor":25.0,"key":"Oddly Smooth Stone"},{"floor":25.0,"key":"Magic Flower"},{"floor":26.0,"key":"Spirit Poop"},{"floor":27.0,"key":"War Paint"},{"floor":27.0,"key":"Bronze Scales"},{"floor":40.0,"key":"Blue Candle"},{"floor":40.0,"key":"Darkstone Periapt"},{"floor":41.0,"key":"Thread and Needle"},{"floor":42.0,"key":"Letter Opener"},{"floor":42.0,"key":"Bottled Flame"},{"floor":43.0,"key":"Frozen Egg 2"},{"floor":44.0,"key":"Molten Egg 2"},{"floor":44.0,"key":"Ancient Tea Set"},{"floor":46.0,"key":"Pantograph"},{"floor":46.0,"key":"Champion Belt"},{"floor":54.0,"key":"Centennial Puzzle"},{"floor":54.0,"key":"Bag of Preparation"}],"event_choices":[{"cards_removed":["Strike_R"],"damage_healed":0.0,"max_hp_gain":0.0,"max_hp_loss":0.0,"gold_gain":0.0,"event_name":"The Cleric","player_choice":"Card Removal","floor":3.0,"gold_loss":50.0,"damage_taken":0.0},{"damage_healed":0.0,"max_hp_gain":0.0,"max_hp_loss":0.0,"gold_gain":0.0,"event_name":"Tomb of Lord Red Mask","player_choice":"Ignored","floor":36.0,"gold_loss":0.0,"damage_taken":0.0},{"damage_healed":0.0,"max_hp_gain":0.0,"max_hp_loss":0.0,"gold_gain":0.0,"event_name":"WeMeetAgain","player_choice":"Paid Gold","floor":37.0,"gold_loss":107.0,"damage_taken":0.0,"relics_obtained":["Pear"]},{"damage_healed":0.0,"max_hp_gain":0.0,"max_hp_loss":0.0,"gold_gain":0.0,"event_name":"MindBloom","player_choice":"Fight","floor":41.0,"gold_loss":0.0,"damage_taken":0.0},{"damage_healed":0.0,"max_hp_gain":0.0,"max_hp_loss":0.0,"gold_gain":0.0,"event_name":"SensoryStone","player_choice":"Memory 3","floor":45.0,"gold_loss":0.0,"damage_taken":10.0}],"is_beta":false,"boss_relics":[{"not_picked":["Fusion Hammer","Empty Cage"],"picked":"Black Star"},{"not_picked":["Calling Bell","Eternal Feather"],"picked":"Tiny House"}],"items_purged_floors":[20,53],"is_endless":false,"potions_floor_spawned":[2,4,10,12,16,23,27,28,31,33,35,38,39,41,46,54],"ascension_level":10}