{"gold_per_floor":[114,129,204,204,204,234,264,264,264,294,624,654,654,684,684,784,784,799,799,898,389,389,419,449,479,491,203,233,263,293,323,323,423,423,438,438,438,439,389,419,369,399,449,479,479,509,609,639,639,639],"floor_reached":51,"playtime":7226,"items_purged":["Dodge and Roll","Shame","PiercingWail+1","Cloak And Dagger+1"],"score":1688,"play_id":"104e1068-5991-4180-bb78-0d482bb7ed37","local_time":"20190716194647","daily_mods":["SealedDeck","Flight","Elite Swarm"],"is_ascension_mode":false,"campfire_choices":[{"data":"Noxious Fumes","floor":8.0,"key":"SMITH"},{"data":"Adrenaline","floor":13.0,"key":"SMITH"},{"data":"Adrenaline","floor":15.0,"key":"SMITH"},{"data":"Burst","floor":32,"key":"SMITH"},{"data":"Adrenaline","floor":49,"key":"SMITH"}],"neow_cost":"","seed_source_timestamp":0,"circlet_count":0,"master_deck":["Slice+1","Acrobatics+1","Acrobatics+1","Acrobatics+1","Deflect+1","Backflip+1","Noxious Fumes+1","Deadly Poison+1","Escape Plan+1","Adrenaline+1","Tools of the Trade+1","After Image+1","After Image+1","Adrenaline+1","Burst+1","Blur+1","Ghostly+1","Ghostly+1","Ghostly+1","Ghostly+1","Ghostly+1","Secret Technique+1","Well Laid Plans+1","Bullet Time+1","Burst+1","A Thousand Cuts+1","Adrenaline+1","Adrenaline+1","Adrenaline+1","Burst+1","Setup+1","Well Laid Plans+1","Adrenaline+1","Adrenaline","Night Terror","A Thousand Cuts+1"],"special_seed":18093,"relics":["Ring of the Snake","Gambling Chip","Dead Branch","Snake Skull","Smiling Mask","Old Coin","Blue Candle","Gremlin Horn","Black Star","TwistedFunnel","Darkstone Periapt","Tingsha","Torii","Mercury Hourglass","StoneCalendar","MawBank","Question Card","Letter Opener","Ninja Scroll","Juzu Bracelet","Bottled Tornado","Strawberry","Boot","FossilizedHelix","The Specimen","Frozen Egg 2","Thread and Needle","HoveringKite","Mark of the Bloom","Ornamental Fan","Mango","Molten Egg 2","Blood Vial","Kunai","Nunchaku","Pen Nib","Anchor","Pantograph","Oddly Smooth Stone","Mummified Hand","Ginger","Paper Crane"],"potions_floor_usage":[18,33],"damage_taken":[{"damage":0.0,"enemies":"2 Louse","floor":1.0,"turns":3.0},{"damage":0.0,"enemies":"Small Slimes","floor":2.0,"turns":3.0},{"damage":2.0,"enemies":"Lagavulin","floor":6.0,"turns":7.0},{"damage":0.0,"enemies":"3 Sentries","floor":7.0,"turns":6.0},{"damage":0.0,"enemies":"Lagavulin","floor":10.0,"turns":4.0},{"damage":0.0,"enemies":"Gremlin Nob","floor":11.0,"turns":3.0},{"damage":9.0,"enemies":"3 Sentries","floor":12.0,"turns":4.0},{"damage":0.0,"enemies":"Gremlin Nob","floor":14.0,"turns":3.0},{"damage":0.0,"enemies":"Slime Boss","floor":16.0,"turns":7.0},{"damage":0,"enemies":"2 Thieves","floor":18,"turns":2},{"damage":2,"enemies":"Book of Stabbing","floor":23,"turns":5},{"damage":0,"enemies":"Slavers","floor":24,"turns":3},{"damage":0,"enemies":"Gremlin Leader","floor":25,"turns":4},{"damage":0,"enemies":"Slavers","floor":28,"turns":2},{"damage":0,"enemies":"Book of Stabbing","floor":29,"turns":2},{"damage":0,"enemies":"Slavers","floor":30,"turns":2},{"damage":0,"enemies":"Gremlin Leader","floor":31,"turns":2},{"damage":0,"enemies":"Automaton","floor":33,"turns":3},{"damage":0,"enemies":"Orb Walker","floor":35,"turns":1},{"damage":0,"enemies":"2 Orb Walkers","floor":38,"turns":1},{"damage":0,"enemies":"Giant Head","floor":40,"turns":1},{"damage":0,"enemies":"Nemesis","floor":42,"turns":1},{"damage":0,"enemies":"Reptomancer","floor":44,"turns":1},{"damage":0,"enemies":"Nemesis","floor":46,"turns":1},{"damage":0,"enemies":"Reptomancer","floor":48,"turns":1},{"damage":0,"enemies":"Donu and Deca","floor":50,"turns":1}],"seed_played":"8395703785008640868","potions_obtained":[{"floor":1.0,"key":"Block Potion"},{"floor":2.0,"key":"GhostInAJar"},{"floor":5.0,"key":"Dexterity Potion"},{"floor":5.0,"key":"AttackPotion"},{"floor":11.0,"key":"Strength Potion"},{"floor":12.0,"key":"Ancient Potion"},{"floor":18,"key":"Strength Potion"},{"floor":29,"key":"Weak Potion"},{"floor":31,"key":"PowerPotion"},{"floor":33,"key":"SpeedPotion"},{"floor":38,"key":"GhostInAJar"}],"is_trial":false,"path_per_floor":["M","M","?","?","?","E","E","R","T","E","E","E","R","E","R","B",null,"M","?","?","$","?","E","E","E","T","$","E","E","E","E","R","B",null,"M","?","T","?","$","E","$","E","T","E","?","E","?","E","R","B",null],"character_chosen":"THE_SILENT","items_purchased":["TwistedFunnel","Secret Technique","Well Laid Plans","Ninja Scroll"],"campfire_rested":0,"item_purchase_floors":[21,21,21,27],"current_hp_per_floor":[70,70,59,45,45,43,43,43,43,43,43,34,34,34,34,34,70,70,35,35,35,41,39,39,39,39,39,39,46,46,46,46,46,48,48,48,48,48,48,48,48,48,48,48,48,48,48,48,48,48],"gold":639,"neow_bonus":"","is_prod":false,"is_daily":true,"chose_seed":false,"campfire_upgraded":5,"win_rate":0,"timestamp":1563299207,"path_taken":["M","M","?","?","?","E","E","R","T","E","E","E","R","E","R","BOSS","M","?","?","$","?","E","E","E","T","$","E","E","E","E","R","BOSS","M","?","?","?","$","E","$","E","T","E","?","E","?","E","R","BOSS"],"build_version":"2019-07-05","purchased_purges":4,"victory":true,"max_hp_per_floor":[70,70,70,70,70,70,70,70,70,70,70,70,70,70,70,70,70,70,35,35,35,41,41,41,41,41,41,41,48,48,48,48,48,48,48,48,48,62,62,62,62,62,62,62,62,62,62,62,62,62],"card_choices":[{"not_picked":["Expertise","Flying Knee"],"picked":"PiercingWail","floor":1.0},{"not_picked":["Outmaneuver","Endless Agony"],"picked":"Escape Plan","floor":2.0},{"not_picked":["Corpse Explosion","Grand Finale"],"picked":"Die Die Die","floor":6.0},{"not_picked":["Night Terror","Envenom"],"picked":"Adrenaline","floor":7.0},{"not_picked":["Envenom","Glass Knife"],"picked":"Tools of the Trade","floor":10.0},{"not_picked":["Bullet Time","Die Die Die"],"picked":"After Image","floor":11.0},{"not_picked":["Bullet Time","Unload"],"picked":"After Image","floor":12.0},{"not_picked":["Grand Finale","Glass Knife"],"picked":"Adrenaline","floor":14.0},{"not_picked":["Storm of Steel","A Thousand Cuts"],"picked":"Burst","floor":16.0},{"not_picked":["Poisoned Stab+1","Infinite Blades+1"],"picked":"Blur","floor":18},{"not_picked":["Night Terror","Glass Knife"],"picked":"Bullet Time","floor":23},{"not_picked":["Bullet Time","Glass Knife"],"picked":"Burst","floor":24},{"not_picked":["Corpse Explosion","Burst"],"picked":"A Thousand Cuts","floor":25},{"not_picked":["Tools of the Trade","Storm of Steel","Grand Finale"],"picked":"Adrenaline","floor":28},{"not_picked":["Glass Knife","Unload","Tools of the Trade"],"picked":"Adrenaline","floor":29},{"not_picked":["Wraith Form v2","Doppelganger","Tools of the Trade"],"picked":"Adrenaline","floor":30},{"not_picked":["Envenom","Malaise","Night Terror"],"picked":"Burst","floor":31},{"not_picked":["Dodge and Roll+1","Poisoned Stab","Expertise"],"picked":"Setup+1","floor":35},{"not_picked":["Distraction","Terror+1","Blade Dance"],"picked":"Well Laid Plans+1","floor":38},{"not_picked":["Phantasmal Killer","Envenom+1","Malaise"],"picked":"Adrenaline","floor":40},{"not_picked":["Corpse Explosion","Malaise","Die Die Die+1"],"picked":"Adrenaline","floor":42},{"not_picked":["Bullet Time","Unload+1","Storm of Steel"],"picked":"Night Terror","floor":44},{"not_picked":["Grand Finale+1","Corpse Explosion","Night Terror","Wraith Form v2+1"],"picked":"SKIP","floor":46},{"not_picked":["Malaise","Unload+1","Glass Knife+1"],"picked":"A Thousand Cuts+1","floor":48}],"player_experience":141444,"relics_obtained":[{"floor":6.0,"key":"Gambling Chip"},{"floor":7.0,"key":"Dead Branch"},{"floor":9.0,"key":"Snake Skull"},{"floor":10.0,"key":"Smiling Mask"},{"floor":11.0,"key":"Old Coin"},{"floor":12.0,"key":"Blue Candle"},{"floor":14.0,"key":"Gremlin Horn"},{"floor":23,"key":"Tingsha"},{"floor":23,"key":"Torii"},{"floor":24,"key":"Mercury Hourglass"},{"floor":24,"key":"StoneCalendar"},{"floor":25,"key":"MawBank"},{"floor":25,"key":"Question Card"},{"floor":26,"key":"Letter Opener"},{"floor":28,"key":"Juzu Bracelet"},{"floor":28,"key":"Bottled Tornado"},{"floor":29,"key":"Strawberry"},{"floor":29,"key":"Boot"},{"floor":30,"key":"FossilizedHelix"},{"floor":30,"key":"The Specimen"},{"floor":31,"key":"Frozen Egg 2"},{"floor":31,"key":"Thread and Needle"},{"floor":37,"key":"Ornamental Fan"},{"floor":38,"key":"Mango"},{"floor":40,"key":"Molten Egg 2"},{"floor":40,"key":"Blood Vial"},{"floor":42,"key":"Kunai"},{"floor":42,"key":"Nunchaku"},{"floor":43,"key":"Pen Nib"},{"floor":44,"key":"Anchor"},{"floor":44,"key":"Pantograph"},{"floor":46,"key":"Oddly Smooth Stone"},{"floor":46,"key":"Mummified Hand"},{"floor":48,"key":"Ginger"},{"floor":48,"key":"Paper Crane"}],"event_choices":[{"damage_healed":0.0,"max_hp_gain":0.0,"max_hp_loss":0.0,"gold_gain":75.0,"event_name":"World of Goop","player_choice":"Gather Gold","floor":3.0,"gold_loss":0.0,"damage_taken":11.0},{"damage_healed":0.0,"max_hp_gain":0.0,"max_hp_loss":0.0,"gold_gain":0.0,"event_name":"Shining Light","player_choice":"Entered Light","floor":4.0,"gold_loss":0.0,"damage_taken":14.0,"cards_upgraded":["Backflip","Slice"]},{"damage_healed":0.0,"max_hp_gain":0.0,"max_hp_loss":0.0,"gold_gain":0.0,"event_name":"Lab","player_choice":"Got Potions","floor":5.0,"gold_loss":0.0,"damage_taken":0.0},{"damage_healed":0,"gold_gain":0,"player_choice":"Became a Ghost","damage_taken":0,"max_hp_gain":0,"max_hp_loss":35,"event_name":"Ghosts","floor":19,"gold_loss":0,"cards_obtained":["Ghostly","Ghostly","Ghostly","Ghostly","Ghostly"]},{"damage_healed":0,"gold_gain":99,"player_choice":"Stole From Cult","damage_taken":0,"max_hp_gain":0,"max_hp_loss":0,"event_name":"Nest","floor":20,"gold_loss":0},{"damage_healed":0,"gold_gain":0,"player_choice":"Stole Relic","damage_taken":0,"relics_obtained":["Darkstone Periapt"],"max_hp_gain":0,"max_hp_loss":0,"event_name":"Addict","floor":22,"gold_loss":0,"cards_obtained":["Shame"]},{"damage_healed":0,"gold_gain":0,"player_choice":"Upgrade","damage_taken":0,"relics_obtained":["Mark of the Bloom"],"max_hp_gain":0,"max_hp_loss":0,"event_name":"MindBloom","floor":36,"gold_loss":0,"cards_upgraded":["Cloak And Dagger","Acrobatics","Acrobatics","Acrobatics","Deflect","Deadly Poison","PiercingWail","Escape Plan","Die Die Die","Tools of the Trade","After Image","After Image","Burst","Blur","Ghostly","Ghostly","Ghostly","Ghostly","Ghostly","Secret Technique","Well Laid Plans","Bullet Time","Burst","A Thousand Cuts","Adrenaline","Adrenaline","Adrenaline"]},{"damage_healed":0,"gold_gain":0,"player_choice":"Fight","damage_taken":0,"max_hp_gain":0,"max_hp_loss":0,"event_name":"Mysterious Sphere","floor":38,"gold_loss":0},{"cards_removed":["Die Die Die"],"damage_healed":0,"gold_gain":0,"player_choice":"Removed Attack","damage_taken":0,"max_hp_gain":0,"max_hp_loss":0,"event_name":"Falling","floor":45,"gold_loss":0},{"damage_healed":0,"gold_gain":100,"player_choice":"Pray","damage_taken":0,"max_hp_gain":0,"max_hp_loss":0,"event_name":"Golden Shrine","floor":47,"gold_loss":0}],"is_beta":false,"boss_relics":[{"not_picked":["Cursed Key","Empty Cage"],"picked":"Black Star"},{"not_picked":["Tiny House","Orrery"],"picked":"HoveringKite"}],"items_purged_floors":[21,27,39,41],"is_endless":false,"potions_floor_spawned":[1,2,11,12,18,29,31,33,38,42,44],"ascension_level":0}