{"gold_per_floor":[110,125,141,66,66,66,78,113,113,142,159,59,77,94,94,94],"floor_reached":16,"playtime":1110,"items_purged":["Defend_R","Strike_R"],"score":114,"play_id":"577daab0-4997-46ae-b576-372c215ed4a7","local_time":"20180707222350","is_ascension_mode":false,"campfire_choices":[{"data":"Ghostly Armor","floor":6,"key":"SMITH"},{"floor":15,"key":"REST"}],"neow_cost":"","seed_source_timestamp":43872301977368,"circlet_count":0,"master_deck":["Strike_R","Strike_R","Strike_R","Strike_R","Defend_R","Defend_R","Defend_R","Bash+1","Ghostly Armor+1","Offering","Shrug It Off","Seeing Red"],"relics":["Burning Blood","Pen Nib","Ancient Tea Set","Mercury Hourglass"],"potions_floor_usage":[10,11],"damage_taken":[{"damage":6,"enemies":"Jaw Worm","floor":1,"turns":5},{"damage":1,"enemies":"Cultist","floor":2,"turns":3},{"damage":2,"enemies":"Small Slimes","floor":3,"turns":4},{"damage":27,"enemies":"Exordium Wildlife","floor":7,"turns":6},{"damage":33,"enemies":"3 Sentries","floor":8,"turns":11},{"damage":26,"enemies":"Gremlin Nob","floor":10,"turns":4},{"damage":13,"enemies":"Gremlin Gang","floor":11,"turns":3},{"damage":4,"enemies":"2 Fungi Beasts","floor":13,"turns":3},{"damage":2,"enemies":"3 Louse","floor":14,"turns":2},{"damage":44,"enemies":"Hexaghost","floor":16,"turns":9}],"seed_played":"-168025091983727444","potions_obtained":[{"floor":3,"key":"Ancient Potion"},{"floor":8,"key":"BloodPotion"},{"floor":10,"key":"Fire Potion"}],"is_trial":false,"path_per_floor":["M","M","M","$","?","R","M","E","T","E","M","$","M","M","R"],"character_chosen":"IRONCLAD","items_purchased":[],"campfire_rested":1,"item_purchase_floors":[],"current_hp_per_floor":[80,80,80,80,80,80,59,32,32,20,13,13,15,19,43,0],"gold":94,"neow_bonus":"","is_prod":false,"is_daily":false,"chose_seed":false,"campfire_upgraded":1,"win_rate":0,"timestamp":1530995030,"path_taken":["M","M","M","$","?","R","M","E","T","E","M","$","M","M","R","BOSS"],"build_version":"2018-07-05","purchased_purges":2,"victory":false,"max_hp_per_floor":[80,80,80,80,80,80,80,80,80,80,80,80,80,80,80,80],"card_choices":[{"not_picked":["Cleave","Clothesline"],"picked":"Ghostly Armor","floor":1},{"not_picked":["Pommel Strike","Twin Strike","Havoc"],"picked":"SKIP","floor":2},{"not_picked":["Pommel Strike","Havoc","Pummel"],"picked":"SKIP","floor":3},{"not_picked":["Clash","Fire Breathing","Corruption"],"picked":"SKIP","floor":7},{"not_picked":["Clash","Fire Breathing","Corruption"],"picked":"SKIP","floor":7},{"not_picked":["Clash","Fire Breathing","Corruption"],"picked":"SKIP","floor":7},{"not_picked":["Dual Wield","Heavy Blade"],"picked":"Offering","floor":8},{"not_picked":["Perfected Strike","Searing Blow","Cleave"],"picked":"SKIP","floor":10},{"not_picked":["Clash","Sentinel"],"picked":"Shrug It Off","floor":11},{"not_picked":["Heavy Blade","Pommel Strike"],"picked":"Seeing Red","floor":13},{"not_picked":["Uppercut","Pommel Strike","Bloodletting"],"picked":"SKIP","floor":14}],"player_experience":301918,"relics_obtained":[{"floor":8,"key":"Pen Nib"},{"floor":9,"key":"Ancient Tea Set"},{"floor":10,"key":"Mercury Hourglass"}],"event_choices":[{"event_name":"Accursed Blacksmith","player_choice":"Forge","floor":5,"damage_taken":0}],"boss_relics":[],"items_purged_floors":[4,12],"is_endless":false,"potions_floor_spawned":[3,8,10],"killed_by":"Hexaghost","ascension_level":0}