{"gold_per_floor":[115,115,115,65,140,140,200,200,276,296,59,72,90,102,102,198,198,209,35,35,35,52,52,52,64,113,125,143,143,161,161,161,161],"floor_reached":33,"playtime":1169,"items_purged":["Strike_B"],"score":358,"play_id":"8c579782-b7ad-49f4-82eb-f5f0a1223a55","local_time":"20190714220904","is_ascension_mode":true,"campfire_choices":[{"data":"Gash","floor":6,"key":"SMITH"},{"floor":8,"key":"REST"},{"floor":15,"key":"REST"},{"floor":23,"key":"REST"},{"floor":29,"key":"REST"},{"floor":32,"key":"REST"}],"neow_cost":"TEN_PERCENT_HP_LOSS","seed_source_timestamp":63355633154100,"circlet_count":0,"master_deck":["Strike_B","Strike_B","Defend_B","Defend_B","Defend_B","Defend_B","Zap+1","Dualcast","Gash+1","Cold Snap","Loop","Ball Lightning","Seek","Rip and Tear+1","Self Repair","Necronomicurse","Defragment","Glacier","Glacier"],"relics":["Cracked Core","Mango","Tiny Chest","Mummified Hand","Membership Card","White Beast Statue","StoneCalendar","Necronomicon","MutagenicStrength","Potion Belt","Ancient Tea Set"],"potions_floor_usage":[13,18,22,25,28,28,33],"damage_taken":[{"damage":4,"enemies":"2 Louse","floor":1,"turns":2},{"damage":28,"enemies":"Lagavulin","floor":7,"turns":8},{"damage":0,"enemies":"Small Slimes","floor":10,"turns":2},{"damage":0,"enemies":"Jaw Worm","floor":12,"turns":3},{"damage":0,"enemies":"Blue Slaver","floor":13,"turns":4},{"damage":11,"enemies":"Exordium Thugs","floor":14,"turns":4},{"damage":52,"enemies":"Slime Boss","floor":16,"turns":10},{"damage":7,"enemies":"Shell Parasite","floor":18,"turns":6},{"damage":24,"enemies":"3 Byrds","floor":22,"turns":4},{"damage":14,"enemies":"Cultist and Chosen","floor":25,"turns":5},{"damage":39,"enemies":"Chosen and Byrds","floor":27,"turns":6},{"damage":1,"enemies":"Snecko","floor":28,"turns":5},{"damage":32,"enemies":"Snake Plant","floor":30,"turns":5},{"damage":62,"enemies":"Automaton","floor":33,"turns":6}],"seed_played":"5813024575368723838","potions_obtained":[{"floor":7,"key":"EssenceOfSteel"},{"floor":16,"key":"Weak Potion"},{"floor":18,"key":"Block Potion"},{"floor":22,"key":"AttackPotion"},{"floor":25,"key":"PowerPotion"},{"floor":27,"key":"Energy Potion"},{"floor":28,"key":"Poison Potion"},{"floor":30,"key":"GamblersBrew"}],"is_trial":false,"path_per_floor":["M","?","?","?","?","R","E","R","T","M","$","M","M","M","R","B",null,"M","$","?","$","M","R","?","M","T","M","M","R","M","T","R","B"],"character_chosen":"DEFECT","items_purchased":["Membership Card","StoneCalendar","Self Repair"],"campfire_rested":5,"item_purchase_floors":[11,19,19],"current_hp_per_floor":[78,83,83,83,72,72,44,70,70,70,70,70,70,59,85,33,74,67,67,51,51,34,60,60,53,53,21,34,60,35,35,61,0],"gold":161,"neow_bonus":"ONE_RARE_RELIC","is_prod":false,"is_daily":false,"chose_seed":false,"campfire_upgraded":1,"win_rate":0,"timestamp":1563134944,"path_taken":["M","?","?","?","?","R","E","R","T","M","?","?","M","M","R","BOSS","M","$","?","?","M","R","?","M","T","M","M","R","M","?","R","BOSS"],"build_version":"2019-07-05","purchased_purges":1,"victory":false,"max_hp_per_floor":[82,87,87,87,87,87,87,87,87,87,87,87,87,87,87,87,87,87,87,87,87,87,87,87,87,87,87,87,87,87,87,87,87],"card_choices":[{"not_picked":["Ball Lightning","Rebound"],"picked":"Gash","floor":1},{"not_picked":["Hologram","Melter"],"picked":"Cold Snap","floor":7},{"not_picked":["Barrage","Ball Lightning"],"picked":"Loop","floor":10},{"not_picked":["Compile Driver","Consume","Steam"],"picked":"SKIP","floor":12},{"not_picked":["Consume","Sunder","Steam"],"picked":"SKIP","floor":13},{"not_picked":["Rebound","Recycle"],"picked":"Ball Lightning","floor":14},{"not_picked":["Hyperbeam","Amplify"],"picked":"Seek","floor":16},{"not_picked":["Steam+1","Turbo"],"picked":"Rip and Tear+1","floor":18},{"not_picked":["Glacier","Steam"],"picked":"Defragment","floor":22},{"not_picked":["Cold Snap","Reinforced Body","Redo"],"picked":"SKIP","floor":25},{"not_picked":["Stack","Sweeping Beam"],"picked":"Glacier","floor":27},{"not_picked":["Hologram","Reprogram+1","Redo"],"picked":"SKIP","floor":28},{"not_picked":["Streamline+1","BootSequence"],"picked":"Glacier","floor":30}],"player_experience":331743,"relics_obtained":[{"floor":7,"key":"Tiny Chest"},{"floor":9,"key":"Mummified Hand"},{"floor":20,"key":"Necronomicon"},{"floor":26,"key":"Potion Belt"},{"floor":31,"key":"Ancient Tea Set"}],"event_choices":[{"damage_healed":0,"gold_gain":0,"player_choice":"Donut","damage_taken":0,"max_hp_gain":5,"max_hp_loss":0,"event_name":"Big Fish","floor":2,"gold_loss":0},{"damage_healed":0,"gold_gain":0,"player_choice":"Grow","damage_taken":0,"max_hp_gain":0,"max_hp_loss":0,"event_name":"Living Wall","floor":3,"gold_loss":0,"cards_upgraded":["Zap"]},{"cards_removed":["Strike_B"],"damage_healed":0,"gold_gain":0,"player_choice":"Card Removal","damage_taken":0,"max_hp_gain":0,"max_hp_loss":0,"event_name":"The Cleric","floor":4,"gold_loss":50},{"damage_healed":0,"gold_gain":75,"player_choice":"Gather Gold","damage_taken":11,"max_hp_gain":0,"max_hp_loss":0,"event_name":"World of Goop","floor":5,"gold_loss":0},{"damage_healed":0,"gold_gain":0,"player_choice":"Obtained Book","damage_taken":16,"max_hp_gain":0,"max_hp_loss":0,"event_name":"Cursed Tome","floor":20,"gold_loss":0},{"damage_healed":0,"gold_gain":0,"player_choice":"Inject Mutagens","damage_taken":0,"relics_obtained":["MutagenicStrength"],"max_hp_gain":0,"max_hp_loss":0,"event_name":"Drug Dealer","floor":24,"gold_loss":0}],"is_beta":false,"boss_relics":[{"not_picked":["Runic Dome","FrozenCore"],"picked":"White Beast Statue"}],"items_purged_floors":[11],"is_endless":false,"potions_floor_spawned":[7,16,18,22,25,27,28,30],"killed_by":"Automaton","ascension_level":9}