{"gold_per_floor":[118,118,142,142,158,189,189,229,253,253],"floor_reached":10,"playtime":829,"items_purged":[],"score":84,"play_id":"7f80f958-4383-4022-b822-1c90eb1f9458","local_time":"20190703005434","is_ascension_mode":true,"campfire_choices":[{"floor":7,"key":"REST"}],"neow_cost":"NONE","seed_source_timestamp":301565214112400,"circlet_count":0,"master_deck":["Strike_G","Strike_G","Strike_G","Strike_G","Strike_G","Defend_G","Defend_G","Defend_G","Defend_G","Defend_G","Survivor","Neutralize","Accuracy","Choke","Decay","Dagger Throw","Flying Knee","Reflex"],"relics":["Eternal Feather","Golden Idol","Blood Vial","Bronze Scales","Strawberry"],"potions_floor_usage":[6,6],"damage_taken":[{"damage":4,"enemies":"Jaw Worm","floor":1,"turns":6},{"damage":0,"enemies":"2 Louse","floor":3,"turns":3},{"damage":1,"enemies":"Cultist","floor":5,"turns":5},{"damage":17,"enemies":"Lagavulin","floor":6,"turns":9},{"damage":46,"enemies":"3 Sentries","floor":8,"turns":11},{"damage":30,"enemies":"Gremlin Nob","floor":10,"turns":4}],"seed_played":"-7957950341674905974","potions_obtained":[{"floor":1,"key":"Fire Potion"},{"floor":5,"key":"Weak Potion"}],"is_trial":false,"path_per_floor":["M","?","M","?","M","E","R","E","T","E"],"character_chosen":"THE_SILENT","items_purchased":[],"campfire_rested":1,"item_purchase_floors":[],"current_hp_per_floor":[66,49,49,49,48,31,61,17,24,0],"gold":253,"neow_bonus":"BOSS_RELIC","is_prod":false,"is_daily":false,"chose_seed":false,"campfire_upgraded":0,"win_rate":0,"timestamp":1562108074,"path_taken":["M","?","M","?","?","E","R","E","T","E"],"build_version":"2019-07-01","purchased_purges":0,"victory":false,"max_hp_per_floor":[70,70,70,70,70,70,70,70,77,77],"card_choices":[{"not_picked":["Distraction","Deadly Poison"],"picked":"Accuracy","floor":1},{"not_picked":["Sucker Punch","Footwork"],"picked":"Choke","floor":3},{"not_picked":["Expertise","Sucker Punch"],"picked":"Dagger Throw","floor":5},{"not_picked":["Catalyst","Dagger Throw"],"picked":"Flying Knee","floor":6},{"not_picked":["Phantasmal Killer","Noxious Fumes"],"picked":"Reflex","floor":8}],"player_experience":86064,"relics_obtained":[{"floor":6,"key":"Blood Vial"},{"floor":8,"key":"Bronze Scales"},{"floor":9,"key":"Strawberry"}],"event_choices":[{"damage_healed":0,"gold_gain":0,"player_choice":"Take Damage","damage_taken":17,"relics_obtained":["Golden Idol"],"max_hp_gain":0,"max_hp_loss":0,"event_name":"Golden Idol","floor":2,"gold_loss":0},{"damage_healed":0,"gold_gain":0,"player_choice":"Cursed","damage_taken":0,"max_hp_gain":0,"max_hp_loss":0,"event_name":"Wheel of Change","floor":4,"gold_loss":0,"cards_obtained":["Decay"]}],"is_beta":false,"boss_relics":[],"items_purged_floors":[],"is_endless":false,"potions_floor_spawned":[1,5],"killed_by":"Gremlin Nob","ascension_level":2}