{"gold_per_floor":[112,124,144,161,118,143,143,113,192,205,205],"floor_reached":11,"playtime":519,"items_purged":[],"score":150,"play_id":"f6ed694d-7184-463a-beba-b5a87e61117f","local_time":"20181127014858","is_ascension_mode":true,"campfire_choices":[{"data":"Noxious Fumes","floor":7,"key":"SMITH"}],"neow_cost":"NONE","seed_source_timestamp":635438123556598,"circlet_count":0,"master_deck":["AscendersBane","Defend_G","Defend_G","Defend_G","Defend_G","Defend_G","Strike_G","Strike_G","Strike_G","Strike_G","Strike_G","Survivor","Neutralize","Noxious Fumes+1","Well Laid Plans","Backflip","Leg Sweep","Crippling Poison","Caltrops","Dagger Throw"],"relics":["Sozu","Nunchaku","Singing Bowl"],"potions_floor_usage":[],"damage_taken":[{"damage":7,"enemies":"Jaw Worm","floor":1,"turns":4},{"damage":1,"enemies":"Cultist","floor":2,"turns":4},{"damage":4,"enemies":"2 Louse","floor":3,"turns":4},{"damage":13,"enemies":"Large Slime","floor":4,"turns":8},{"damage":7,"enemies":"3 Sentries","floor":6,"turns":7},{"damage":15,"enemies":"Exordium Thugs","floor":10,"turns":6},{"damage":18,"enemies":"Gremlin Nob","floor":11,"turns":3}],"seed_played":"326837372623559755","potions_obtained":[],"is_trial":false,"path_per_floor":["M","M","M","M","$","E","R","?","T","M","E"],"character_chosen":"THE_SILENT","items_purchased":["Crippling Poison"],"campfire_rested":0,"item_purchase_floors":[5],"current_hp_per_floor":[52,51,47,34,34,27,27,27,27,12,0],"gold":205,"neow_bonus":"BOSS_RELIC","is_prod":false,"is_daily":false,"chose_seed":false,"campfire_upgraded":1,"win_rate":0,"timestamp":1543250938,"path_taken":["M","M","M","M","$","E","R","?","T","?","E"],"build_version":"2018-11-15","purchased_purges":0,"victory":false,"max_hp_per_floor":[66,66,66,66,66,66,66,66,66,66,66],"card_choices":[{"not_picked":["Acrobatics","Terror"],"picked":"Noxious Fumes","floor":1},{"not_picked":["Calculated Gamble","Prepared"],"picked":"Well Laid Plans","floor":2},{"not_picked":["Distraction","Bane"],"picked":"Backflip","floor":3},{"not_picked":["Accuracy","Outmaneuver"],"picked":"Leg Sweep","floor":4},{"not_picked":["Underhanded Strike","Predator"],"picked":"Caltrops","floor":6},{"not_picked":["PiercingWail","Prepared"],"picked":"Dagger Throw","floor":10}],"player_experience":449002,"relics_obtained":[{"floor":6,"key":"Nunchaku"},{"floor":9,"key":"Singing Bowl"}],"event_choices":[{"damage_healed":0,"gold_gain":0,"player_choice":"Bought 2 Potions","damage_taken":0,"max_hp_gain":0,"max_hp_loss":0,"event_name":"The Woman in Blue","floor":8,"gold_loss":0}],"is_beta":false,"boss_relics":[],"items_purged_floors":[],"is_endless":false,"potions_floor_spawned":[3],"killed_by":"Gremlin Nob","ascension_level":20}