{"gold_per_floor":[118,118,5,15,15,56,71,71,122,136,161,182,252,252,252,252],"floor_reached":16,"playtime":596,"items_purged":["Shame"],"score":179,"play_id":"c0a57316-ae4b-424b-9e9e-8fbdc8ec8ada","local_time":"20190719174310","is_ascension_mode":true,"campfire_choices":[{"floor":8.0,"key":"REST"},{"floor":15.0,"key":"REST"}],"neow_cost":"CURSE","seed_source_timestamp":0,"circlet_count":0,"master_deck":["AscendersBane","Strike_B","Strike_B","Strike_B","Defend_B","Defend_B","Defend_B","Defend_B","Zap","Dualcast","Cold Snap","White Noise","Chill","Consume","Ball Lightning"],"special_seed":0,"relics":["Cracked Core","Pocketwatch","Art of War","Golden Idol","Vajra","Smiling Mask","Tiny Chest"],"potions_floor_usage":[16],"damage_taken":[{"damage":7.0,"enemies":"Jaw Worm","floor":1.0,"turns":3.0},{"damage":0.0,"enemies":"2 Louse","floor":4.0,"turns":3.0},{"damage":16.0,"enemies":"3 Sentries","floor":6.0,"turns":9.0},{"damage":5.0,"enemies":"Small Slimes","floor":7.0,"turns":3.0},{"damage":10.0,"enemies":"Blue Slaver","floor":10.0,"turns":4.0},{"damage":0.0,"enemies":"3 Louse","floor":11.0,"turns":1.0},{"damage":0.0,"enemies":"Exordium Wildlife","floor":12.0,"turns":5.0},{"damage":2.0,"enemies":"Lagavulin","floor":13.0,"turns":6.0},{"damage":55,"enemies":"Hexaghost","floor":16,"turns":12}],"seed_played":"-6086493027682892363","potions_obtained":[{"floor":4.0,"key":"SkillPotion"},{"floor":7.0,"key":"Explosive Potion"},{"floor":10.0,"key":"Explosive Potion"},{"floor":12.0,"key":"EssenceOfSteel"}],"is_trial":false,"path_per_floor":["M","?","$","M","?","E","M","R","T","M","M","M","E","?","R","B"],"character_chosen":"DEFECT","items_purchased":["White Noise"],"campfire_rested":2,"item_purchase_floors":[3],"current_hp_per_floor":[61,54,54,54,54,38,33,53,53,43,43,43,41,34,54,0],"gold":252,"neow_bonus":"ONE_RARE_RELIC","is_prod":false,"is_daily":false,"chose_seed":false,"campfire_upgraded":0,"win_rate":0,"timestamp":1563550990,"path_taken":["M","?","$","M","?","E","M","R","T","M","M","M","E","?","R","BOSS"],"build_version":"2019-07-17","purchased_purges":1,"victory":false,"max_hp_per_floor":[75,75,75,75,69,69,69,69,69,69,69,69,69,69,69,69],"card_choices":[{"not_picked":["Conserve Battery","Self Repair"],"picked":"Cold Snap","floor":1.0},{"not_picked":["Leap","Tempest","Gash"],"picked":"SKIP","floor":4.0},{"not_picked":["Gash","Go for the Eyes"],"picked":"Chill","floor":6.0},{"not_picked":["Turbo","Coolheaded"],"picked":"Consume","floor":7.0},{"not_picked":["Compile Driver","Turbo","Rip and Tear"],"picked":"SKIP","floor":10.0},{"not_picked":["Conserve Battery","Hello World","Sunder"],"picked":"SKIP","floor":11.0},{"not_picked":["Force Field","Redo","Coolheaded"],"picked":"SKIP","floor":12.0},{"not_picked":["BootSequence","Loop"],"picked":"Ball Lightning","floor":13.0}],"player_experience":346124,"relics_obtained":[{"floor":6.0,"key":"Vajra"},{"floor":9.0,"key":"Smiling Mask"},{"floor":13.0,"key":"Tiny Chest"}],"event_choices":[{"damage_healed":0.0,"max_hp_gain":0.0,"max_hp_loss":0.0,"gold_gain":0.0,"event_name":"Scrap Ooze","player_choice":"Success","floor":2.0,"gold_loss":0.0,"damage_taken":7.0,"relics_obtained":["Art of War"]},{"damage_healed":0.0,"max_hp_gain":0.0,"max_hp_loss":6.0,"gold_gain":0.0,"event_name":"Golden Idol","player_choice":"Lose Max HP","floor":5.0,"gold_loss":0.0,"damage_taken":0.0,"relics_obtained":["Golden Idol"]},{"cards_removed":["Strike_B"],"damage_healed":0.0,"max_hp_gain":0.0,"max_hp_loss":0.0,"gold_gain":0.0,"event_name":"Golden Wing","player_choice":"Card Removal","floor":14.0,"gold_loss":0.0,"damage_taken":7.0}],"is_beta":false,"boss_relics":[],"items_purged_floors":[3],"is_endless":false,"potions_floor_spawned":[4,7,10,12],"killed_by":"Hexaghost","ascension_level":12}