{"gold_per_floor":[113,113,38,38,53,53,88,88,88,88,103,103,121,154,154,279,279,294,294,294,47,60,96,96,76,76,76,109,123,142,142,142,270,270,291,311,311,64,83,83,139,164,212,256,256,275,400,400,400,400],"floor_reached":50,"playtime":2327,"items_purged":["Defend_R","Regret","Strike_R+1"],"score":666,"play_id":"b430ad64-fb67-4842-836a-37723568463b","local_time":"20190530033413","is_ascension_mode":false,"campfire_choices":[{"data":"Pommel Strike","floor":6,"key":"SMITH"},{"data":"Pommel Strike","floor":10,"key":"SMITH"},{"data":"Bash","floor":12,"key":"SMITH"},{"floor":15,"key":"REST"},{"floor":24,"key":"REST"},{"floor":27,"key":"REST"},{"floor":32,"key":"REST"},{"floor":40,"key":"REST"},{"data":"Madness","floor":49,"key":"SMITH"}],"neow_cost":"NONE","seed_source_timestamp":1043275860052203,"circlet_count":0,"master_deck":["Strike_R+1","Strike_R+1","Strike_R+1","Strike_R+1","Defend_R+1","Defend_R+1","Defend_R+1","Bash+1","Pommel Strike+1","Pommel Strike+1","Perfected Strike+1","Cleave+1","Perfected Strike+1","Wild Strike+1","Berserk+1","Pommel Strike+1","Headbutt+1","Wild Strike+1","Perfected Strike+1","Wild Strike+1","Wild Strike+1","Perfected Strike+1","Perfected Strike+1","Thunderclap+1","Offering+1","Pommel Strike+1","Blood for Blood+1","Inflame+1","Thunderclap+1","Spot Weakness+1","Twin Strike+1","Clothesline+1","Disarm+1","Madness+1","Madness","Evolve+1","Intimidate+1"],"relics":["Burning Blood","NeowsBlessing","Golden Idol","Shuriken","Molten Egg 2","Frozen Egg 2","Self Forming Clay","Runic Cube","Dream Catcher","Mummified Hand","Paper Frog","Mercury Hourglass","Potion Belt","Black Star","Torii","Smiling Mask","Happy Flower","Question Card","Nunchaku"],"potions_floor_usage":[23,25,33],"damage_taken":[{"damage":0,"enemies":"Jaw Worm","floor":1,"turns":1},{"damage":0,"enemies":"Small Slimes","floor":5,"turns":1},{"damage":0,"enemies":"Gremlin Nob","floor":7,"turns":1},{"damage":0,"enemies":"Cultist","floor":11,"turns":2},{"damage":9,"enemies":"3 Louse","floor":13,"turns":3},{"damage":18,"enemies":"Lagavulin","floor":14,"turns":3},{"damage":42,"enemies":"The Guardian","floor":16,"turns":7},{"damage":43,"enemies":"Shell Parasite","floor":18,"turns":3},{"damage":19,"enemies":"3 Byrds","floor":22,"turns":3},{"damage":37,"enemies":"Book of Stabbing","floor":23,"turns":4},{"damage":21,"enemies":"Slavers","floor":28,"turns":3},{"damage":12,"enemies":"Centurion and Healer","floor":29,"turns":2},{"damage":0,"enemies":"Snecko","floor":30,"turns":2},{"damage":56,"enemies":"Champ","floor":33,"turns":5},{"damage":0,"enemies":"Orb Walker","floor":35,"turns":1},{"damage":6,"enemies":"3 Darklings","floor":36,"turns":2},{"damage":21,"enemies":"Writhing Mass","floor":39,"turns":2},{"damage":16,"enemies":"2 Orb Walkers","floor":41,"turns":2},{"damage":6,"enemies":"Sphere and 2 Shapes","floor":42,"turns":1},{"damage":15,"enemies":"Reptomancer","floor":44,"turns":2},{"damage":26,"enemies":"Spire Growth","floor":46,"turns":3},{"damage":14,"enemies":"Mind Bloom Boss Battle","floor":47,"turns":4},{"damage":106,"enemies":"Awakened One","floor":50,"turns":4}],"seed_played":"-9220106942325116131","potions_obtained":[{"floor":5,"key":"FairyPotion"},{"floor":14,"key":"Energy Potion"},{"floor":16,"key":"Dexterity Potion"},{"floor":22,"key":"Explosive Potion"},{"floor":25,"key":"Fruit Juice"},{"floor":29,"key":"LiquidBronze"},{"floor":33,"key":"Dexterity Potion"},{"floor":36,"key":"Dexterity Potion"},{"floor":39,"key":"SpeedPotion"},{"floor":46,"key":"BloodPotion"},{"floor":47,"key":"Energy Potion"}],"is_trial":false,"path_per_floor":["M","?","$","?","M","R","E","?","T","R","M","R","M","E","R","B",null,"M","?","?","$","M","E","R","?","T","R","E","M","M","?","R","B",null,"M","M","?","$","M","R","?","M","T","E","?","M","?","?","R","B"],"character_chosen":"IRONCLAD","items_purchased":["Dream Catcher","Inflame+1","Thunderclap+1"],"campfire_rested":5,"item_purchase_floors":[21,38,38],"current_hp_per_floor":[80,60,60,60,66,66,72,72,72,72,78,78,75,63,80,44,80,43,43,43,43,30,8,32,37,37,62,47,41,47,47,72,22,85,85,85,85,85,70,85,75,75,75,66,55,35,27,74,74,0],"gold":400,"neow_bonus":"THREE_ENEMY_KILL","is_prod":false,"is_daily":false,"chose_seed":false,"campfire_upgraded":4,"win_rate":0.0,"timestamp":1559212453,"path_taken":["M","?","$","?","M","R","E","?","T","R","M","R","M","E","R","BOSS","M","?","?","$","M","E","R","?","T","R","E","M","?","?","R","BOSS","M","M","?","$","?","R","?","M","T","E","?","M","?","?","R","BOSS"],"build_version":"2019-01-23","purchased_purges":3,"victory":false,"max_hp_per_floor":[80,80,80,80,80,80,80,80,80,80,80,80,80,80,80,80,80,80,80,80,80,80,80,80,85,85,85,85,85,85,85,85,85,85,85,85,85,85,85,85,85,85,85,85,85,85,85,74,74,74],"card_choices":[{"not_picked":["Clash","Cleave"],"picked":"Pommel Strike","floor":1},{"not_picked":["Rage","Cleave"],"picked":"Pommel Strike","floor":5},{"not_picked":["Fire Breathing","Cleave"],"picked":"Perfected Strike","floor":7},{"not_picked":["Iron Wave+1","Bloodletting"],"picked":"Cleave+1","floor":11},{"not_picked":["Pommel Strike+1","Wild Strike+1"],"picked":"Perfected Strike+1","floor":13},{"not_picked":["Heavy Blade+1","Armaments"],"picked":"Wild Strike+1","floor":14},{"not_picked":["Demon Form+1","Double Tap"],"picked":"Berserk+1","floor":16},{"not_picked":["Heavy Blade+1","Anger+1"],"picked":"Pommel Strike+1","floor":18},{"not_picked":["Flame Barrier","Sentinel"],"picked":"Headbutt+1","floor":22},{"not_picked":["Sword Boomerang+1","Metallicize+1"],"picked":"Wild Strike+1","floor":23},{"not_picked":["Shockwave","Anger+1"],"picked":"Perfected Strike+1","floor":24},{"not_picked":["Juggernaut+1","Anger+1"],"picked":"Wild Strike+1","floor":27},{"not_picked":["Heavy Blade+1","Shockwave"],"picked":"Wild Strike+1","floor":28},{"not_picked":["Flame Barrier","Evolve+1"],"picked":"Perfected Strike+1","floor":29},{"not_picked":["Shockwave","Anger+1"],"picked":"Perfected Strike+1","floor":30},{"not_picked":["Pummel+1","Hemokinesis+1"],"picked":"Thunderclap+1","floor":32},{"not_picked":["Exhume","Barricade+1"],"picked":"Offering","floor":33},{"not_picked":["Armaments+1","True Grit"],"picked":"Pommel Strike+1","floor":35},{"not_picked":["Shrug It Off","Body Slam+1"],"picked":"Blood for Blood+1","floor":36},{"not_picked":["Perfected Strike+1","Thunderclap+1"],"picked":"Spot Weakness+1","floor":39},{"not_picked":["Anger+1","Uppercut+1"],"picked":"Twin Strike+1","floor":40},{"not_picked":["Cleave+1","Sever Soul+1"],"picked":"Clothesline+1","floor":41},{"not_picked":["Clash+1","True Grit+1","Havoc+1"],"picked":"SKIP","floor":42},{"not_picked":["Cleave+1","True Grit+1"],"picked":"Disarm+1","floor":44},{"not_picked":["Dark Embrace+1","Corruption+1","Armaments+1"],"picked":"Evolve+1","floor":46},{"not_picked":["Pommel Strike+1","Shrug It Off","Spot Weakness+1"],"picked":"Intimidate+1","floor":47}],"player_experience":36910,"relics_obtained":[{"floor":7,"key":"Molten Egg 2"},{"floor":9,"key":"Frozen Egg 2"},{"floor":14,"key":"Self Forming Clay"},{"floor":23,"key":"Mummified Hand"},{"floor":26,"key":"Paper Frog"},{"floor":28,"key":"Mercury Hourglass"},{"floor":41,"key":"Torii"},{"floor":43,"key":"Smiling Mask"},{"floor":44,"key":"Happy Flower"},{"floor":44,"key":"Question Card"},{"floor":47,"key":"Nunchaku"}],"event_choices":[{"damage_healed":0,"gold_gain":0,"player_choice":"Take Damage","damage_taken":20,"relics_obtained":["Golden Idol"],"max_hp_gain":0,"max_hp_loss":0,"event_name":"Golden Idol","floor":2,"gold_loss":0},{"damage_healed":0,"gold_gain":0,"player_choice":"Box","damage_taken":0,"relics_obtained":["Shuriken"],"max_hp_gain":0,"max_hp_loss":0,"event_name":"Big Fish","floor":4,"gold_loss":0,"cards_obtained":["Regret"]},{"damage_healed":0,"gold_gain":0,"player_choice":"Ignored","damage_taken":0,"max_hp_gain":0,"max_hp_loss":0,"event_name":"Liars Game","floor":8,"gold_loss":0},{"damage_healed":0,"gold_gain":0,"player_choice":"Simplicity","damage_taken":0,"max_hp_gain":0,"max_hp_loss":0,"event_name":"Back to Basics","floor":19,"gold_loss":0,"cards_upgraded":["Strike_R","Strike_R","Strike_R","Strike_R","Strike_R","Defend_R","Defend_R","Defend_R"]},{"damage_healed":0,"gold_gain":0,"player_choice":"Ignored","damage_taken":0,"max_hp_gain":0,"max_hp_loss":0,"event_name":"Vampires","floor":20,"gold_loss":0},{"damage_healed":0,"gold_gain":0,"player_choice":"Bought 1 Potion","damage_taken":0,"max_hp_gain":0,"max_hp_loss":0,"event_name":"The Woman in Blue","floor":25,"gold_loss":0},{"damage_healed":0,"gold_gain":0,"player_choice":"Gave Potion","damage_taken":0,"relics_obtained":["Potion Belt"],"max_hp_gain":0,"max_hp_loss":0,"event_name":"WeMeetAgain","floor":31,"gold_loss":0},{"damage_healed":0,"gold_gain":0,"player_choice":"Upgraded","damage_taken":0,"max_hp_gain":0,"max_hp_loss":0,"event_name":"Upgrade Shrine","floor":37,"gold_loss":0,"cards_upgraded":["Offering"]},{"damage_healed":0,"gold_gain":0,"player_choice":"Fight","damage_taken":0,"max_hp_gain":0,"max_hp_loss":0,"event_name":"Mysterious Sphere","floor":41,"gold_loss":0},{"damage_healed":0,"gold_gain":0,"player_choice":"Embrace Madness","damage_taken":11,"max_hp_gain":0,"max_hp_loss":0,"event_name":"Winding Halls","floor":45,"gold_loss":0,"cards_obtained":["Madness","Madness"]},{"damage_healed":0,"gold_gain":0,"player_choice":"Fight","damage_taken":0,"max_hp_gain":0,"max_hp_loss":0,"event_name":"MindBloom","floor":47,"gold_loss":0},{"damage_healed":74,"gold_gain":0,"player_choice":"Heal","damage_taken":0,"max_hp_gain":0,"max_hp_loss":11,"event_name":"The Moai Head","floor":48,"gold_loss":0}],"is_beta":false,"boss_relics":[{"not_picked":["Philosopher\u0027s Stone","Black Blood"],"picked":"Runic Cube"},{"not_picked":["Coffee Dripper","Empty Cage"],"picked":"Black Star"}],"items_purged_floors":[3,21,38],"is_endless":false,"potions_floor_spawned":[5,14,16,22,29,33,36,39,46,47],"killed_by":"Awakened One","ascension_level":0}