{"gold_per_floor":[116,116,134,234,248,260,260,292,316,326,326,181,214,227,227,322,322,336,353,72,72,87,87,115,115,138,168,168,201,201,217,217,217],"floor_reached":33,"playtime":3423,"items_purged":[],"score":345,"play_id":"aac2f6e7-093d-41bd-8a82-ccb87e2e715d","local_time":"20190527162029","is_ascension_mode":false,"campfire_choices":[{"data":"Whirlwind","floor":7,"key":"SMITH"},{"data":"Shrug It Off","floor":11,"key":"SMITH"},{"data":"Feed","floor":15,"key":"SMITH"},{"data":"Body Slam","floor":23,"key":"SMITH"},{"floor":25,"key":"REST"},{"data":"Entrench","floor":28,"key":"SMITH"},{"data":"Shrug It Off","floor":30,"key":"SMITH"},{"data":"Second Wind","floor":32,"key":"SMITH"}],"neow_cost":"NONE","seed_source_timestamp":828950860079067,"circlet_count":0,"master_deck":["Strike_R","Strike_R","Strike_R","Strike_R","Strike_R","Defend_R+1","Defend_R","Defend_R","Defend_R","Shrug It Off+1","Second Wind+1","Whirlwind+1","Headbutt","Impervious+1","Body Slam+1","Feed+1","Offering","Carnage","Juggernaut","Combust+1","Shrug It Off+1","Iron Wave","Entrench+1","Body Slam+1","Rampage","Rage","Body Slam+1"],"relics":["Burning Blood","NeowsBlessing","Oddly Smooth Stone","Anchor","Red Skull","Runic Pyramid","Mercury Hourglass","Bag of Preparation","War Paint","Question Card","Red Mask"],"potions_floor_usage":[],"damage_taken":[{"damage":0,"enemies":"Small Slimes","floor":1,"turns":1},{"damage":0,"enemies":"Jaw Worm","floor":3,"turns":1},{"damage":0,"enemies":"Cultist","floor":5,"turns":1},{"damage":2,"enemies":"Blue Slaver","floor":6,"turns":5},{"damage":31,"enemies":"Gremlin Nob","floor":8,"turns":5},{"damage":0,"enemies":"3 Louse","floor":10,"turns":3},{"damage":0,"enemies":"3 Sentries","floor":13,"turns":4},{"damage":0,"enemies":"2 Fungi Beasts","floor":14,"turns":1},{"damage":70,"enemies":"Hexaghost","floor":16,"turns":11},{"damage":12,"enemies":"2 Thieves","floor":18,"turns":3},{"damage":7,"enemies":"3 Byrds","floor":19,"turns":2},{"damage":30,"enemies":"Shelled Parasite and Fungi","floor":22,"turns":5},{"damage":34,"enemies":"Gremlin Leader","floor":24,"turns":6},{"damage":19,"enemies":"Slavers","floor":27,"turns":3},{"damage":10,"enemies":"Masked Bandits","floor":29,"turns":5},{"damage":15,"enemies":"Snake Plant","floor":31,"turns":3},{"damage":54,"enemies":"Champ","floor":33,"turns":9}],"seed_played":"-908658828516624406","potions_obtained":[{"floor":1,"key":"LiquidBronze"},{"floor":6,"key":"Swift Potion"},{"floor":8,"key":"SpeedPotion"},{"floor":10,"key":"Energy Potion"},{"floor":13,"key":"LiquidBronze"},{"floor":14,"key":"Energy Potion"},{"floor":22,"key":"Explosive Potion"},{"floor":27,"key":"Ancient Potion"}],"is_trial":false,"path_per_floor":["M","?","M","?","M","M","R","E","T","M","R","$","E","M","R","B",null,"M","M","$","?","M","R","E","R","T","E","R","?","R","M","R","B"],"character_chosen":"IRONCLAD","items_purchased":["Feed","Iron Wave","Mercury Hourglass"],"campfire_rested":1,"item_purchase_floors":[12,20,20],"current_hp_per_floor":[80,80,80,80,80,80,80,55,55,61,61,61,70,76,76,12,83,77,80,80,80,60,60,36,64,64,51,51,51,51,42,42,0],"gold":217,"neow_bonus":"THREE_ENEMY_KILL","is_prod":false,"is_daily":false,"chose_seed":false,"campfire_upgraded":7,"win_rate":0.0,"timestamp":1558999229,"path_taken":["M","?","M","?","M","M","R","E","T","M","R","$","E","M","R","BOSS","M","?","$","?","M","R","E","R","T","E","R","?","R","M","R","BOSS"],"build_version":"2019-01-23","purchased_purges":0,"victory":false,"max_hp_per_floor":[80,80,80,80,80,80,80,80,80,80,80,80,83,83,83,83,83,83,87,87,87,91,91,95,95,95,95,95,99,99,99,99,99],"card_choices":[{"not_picked":["Flame Barrier","Searing Blow"],"picked":"Shrug It Off","floor":1},{"not_picked":["True Grit","Blood for Blood"],"picked":"Second Wind","floor":3},{"not_picked":["Shrug It Off","Thunderclap"],"picked":"Whirlwind","floor":5},{"not_picked":["Uppercut","True Grit"],"picked":"Headbutt","floor":6},{"not_picked":["Uppercut","Flex"],"picked":"Impervious","floor":8},{"not_picked":["Fire Breathing","True Grit"],"picked":"Body Slam","floor":10},{"not_picked":["Clash","Rupture"],"picked":"Offering","floor":13},{"not_picked":["Armaments","Blood for Blood"],"picked":"Carnage","floor":14},{"not_picked":["Dark Embrace","Berserk"],"picked":"Juggernaut","floor":16},{"not_picked":["Twin Strike","Warcry"],"picked":"Combust+1","floor":18},{"not_picked":["Infernal Blade","Sword Boomerang+1"],"picked":"Shrug It Off","floor":19},{"not_picked":["Warcry","Intimidate"],"picked":"Entrench","floor":22},{"not_picked":["Flame Barrier","Juggernaut"],"picked":"Body Slam+1","floor":24},{"not_picked":["Thunderclap","Fire Breathing"],"picked":"Rampage","floor":27},{"not_picked":["Iron Wave","Perfected Strike","Infernal Blade"],"picked":"Rage","floor":29},{"not_picked":["Sword Boomerang","Perfected Strike","Headbutt+1"],"picked":"Body Slam+1","floor":31}],"player_experience":1967,"relics_obtained":[{"floor":8,"key":"Oddly Smooth Stone"},{"floor":9,"key":"Anchor"},{"floor":13,"key":"Red Skull"},{"floor":24,"key":"Bag of Preparation"},{"floor":26,"key":"War Paint"},{"floor":27,"key":"Question Card"},{"floor":29,"key":"Red Mask"}],"event_choices":[{"cards_removed":["Bash"],"damage_healed":0,"gold_gain":0,"player_choice":"Forget","damage_taken":0,"max_hp_gain":0,"max_hp_loss":0,"event_name":"Living Wall","floor":2,"gold_loss":0},{"damage_healed":0,"gold_gain":100,"player_choice":"Gold","damage_taken":0,"max_hp_gain":0,"max_hp_loss":0,"event_name":"Wheel of Change","floor":4,"gold_loss":0},{"damage_healed":0,"gold_gain":0,"player_choice":"Fought Bandits","damage_taken":0,"max_hp_gain":0,"max_hp_loss":0,"event_name":"Masked Bandits","floor":29,"gold_loss":0}],"is_beta":false,"boss_relics":[{"not_picked":["Black Star","Snecko Eye"],"picked":"Runic Pyramid"}],"items_purged_floors":[],"is_endless":false,"potions_floor_spawned":[1,6,8,10,13,14,22,24,27],"killed_by":"Champ","ascension_level":0}