{"gold_per_floor":[114,189,189,207,221,265,265],"floor_reached":7,"playtime":296,"items_purged":[],"score":51,"play_id":"e8660a74-eb9b-4ebc-8861-a860c45b4a9c","local_time":"20190529020936","is_ascension_mode":false,"campfire_choices":[],"neow_cost":"NONE","seed_source_timestamp":953830887493575,"circlet_count":0,"master_deck":["Strike_R","Strike_R","Strike_R","Strike_R","Strike_R","Defend_R","Defend_R","Defend_R","Defend_R","Bash","Perfected Strike","Flex","Shrug It Off","Dual Wield"],"relics":["Cursed Key","Golden Idol","Centennial Puzzle"],"potions_floor_usage":[],"damage_taken":[{"damage":2,"enemies":"2 Louse","floor":1,"turns":3},{"damage":3,"enemies":"Small Slimes","floor":4,"turns":2},{"damage":6,"enemies":"Jaw Worm","floor":5,"turns":2},{"damage":19,"enemies":"Gremlin Nob","floor":6,"turns":4},{"damage":1,"enemies":"The Mushroom Lair","floor":7,"turns":2}],"seed_played":"3852554518612844625","potions_obtained":[{"floor":4,"key":"BloodPotion"},{"floor":6,"key":"Energy Potion"}],"is_trial":false,"path_per_floor":["M","?","?","M","M","E","?"],"character_chosen":"IRONCLAD","items_purchased":[],"campfire_rested":0,"item_purchase_floors":[],"current_hp_per_floor":[78,67,47,44,38,19,18],"gold":265,"neow_bonus":"BOSS_RELIC","is_prod":false,"is_daily":false,"chose_seed":false,"campfire_upgraded":0,"win_rate":0.0,"timestamp":1559120976,"path_taken":["M","?","?","M","M","E","?"],"build_version":"2019-01-23","purchased_purges":0,"victory":false,"max_hp_per_floor":[80,80,80,80,80,80,80],"card_choices":[{"not_picked":["Headbutt","Sword Boomerang"],"picked":"Perfected Strike","floor":1},{"not_picked":["Sword Boomerang","Seeing Red"],"picked":"Flex","floor":4},{"not_picked":["Second Wind","Intimidate"],"picked":"Shrug It Off","floor":5},{"not_picked":["Shockwave","Clothesline"],"picked":"Dual Wield","floor":6}],"player_experience":16693,"relics_obtained":[{"floor":6,"key":"Centennial Puzzle"}],"event_choices":[{"damage_healed":0,"gold_gain":75,"player_choice":"Gather Gold","damage_taken":11,"max_hp_gain":0,"max_hp_loss":0,"event_name":"World of Goop","floor":2,"gold_loss":0},{"damage_healed":0,"gold_gain":0,"player_choice":"Take Damage","damage_taken":20,"relics_obtained":["Golden Idol"],"max_hp_gain":0,"max_hp_loss":0,"event_name":"Golden Idol","floor":3,"gold_loss":0},{"damage_healed":0,"gold_gain":0,"player_choice":"Fought Mushrooms","damage_taken":0,"max_hp_gain":0,"max_hp_loss":0,"event_name":"Mushrooms","floor":7,"gold_loss":0}],"is_beta":false,"boss_relics":[],"items_purged_floors":[],"is_endless":false,"potions_floor_spawned":[4,6],"killed_by":"The Mushroom Lair","ascension_level":0}