{"gold_per_floor":[113,123,123,123,123,123,164,182,182,213,213,236,112,126,126,250,250,275,275,175,175,164,164,164],"floor_reached":24,"playtime":1573,"items_purged":["Strike_R","Hemokinesis"],"score":214,"play_id":"3b64a4d6-7171-43b2-9e9d-59567a7a33b5","local_time":"20190703231318","is_ascension_mode":true,"campfire_choices":[{"data":"Bash","floor":6,"key":"SMITH"},{"floor":11,"key":"REST"},{"data":"Armaments","floor":15,"key":"SMITH"},{"data":"Shrug It Off","floor":23,"key":"SMITH"}],"neow_cost":"NONE","seed_source_timestamp":51755776767187,"circlet_count":0,"master_deck":["Bash+1","Pommel Strike","Sword Boomerang","Shrug It Off+1","Disarm","Clothesline","Cleave","Armaments+1","Feed","Demon Form+1","Hemokinesis","Shockwave","Feed","Inflame","Headbutt","Flame Barrier"],"relics":["Burning Blood","Regal Pillow","Golden Idol","Kunai","Matryoshka","Sundial","Boot","Question Card","Pandora\u0027s Box"],"potions_floor_usage":[7,24],"damage_taken":[{"damage":2,"enemies":"Small Slimes","floor":1,"turns":4},{"damage":1,"enemies":"Jaw Worm","floor":2,"turns":3},{"damage":41,"enemies":"Lagavulin","floor":7,"turns":6},{"damage":0,"enemies":"Cultist","floor":8,"turns":3},{"damage":31,"enemies":"3 Sentries","floor":10,"turns":11},{"damage":0,"enemies":"Exordium Thugs","floor":12,"turns":4},{"damage":4,"enemies":"Looter","floor":14,"turns":4},{"damage":53,"enemies":"Slime Boss","floor":16,"turns":12},{"damage":15,"enemies":"Chosen","floor":18,"turns":5},{"damage":32,"enemies":"2 Thieves","floor":22,"turns":4},{"damage":56,"enemies":"Book of Stabbing","floor":24,"turns":5}],"seed_played":"868109240526246934","potions_obtained":[{"floor":1,"key":"BloodPotion"},{"floor":12,"key":"SpeedPotion"},{"floor":14,"key":"Strength Potion"}],"is_trial":false,"path_per_floor":["M","M","?","?","T","R","E","M","T","E","R","M","$","M","R","B",null,"M","?","$","?","M","R","E"],"character_chosen":"IRONCLAD","items_purchased":["Armaments"],"campfire_rested":1,"item_purchase_floors":[13],"current_hp_per_floor":[80,80,73,53,53,53,38,44,44,19,58,64,64,66,66,22,83,77,77,77,77,54,54,0],"gold":164,"neow_bonus":"RANDOM_COMMON_RELIC","is_prod":false,"is_daily":false,"chose_seed":false,"campfire_upgraded":3,"win_rate":0,"timestamp":1562188398,"path_taken":["M","M","?","?","?","R","E","M","T","E","R","?","$","M","R","BOSS","M","?","?","?","M","R","E"],"build_version":"2019-07-01","purchased_purges":2,"victory":false,"max_hp_per_floor":[80,80,80,80,80,80,80,80,80,80,80,80,80,80,80,83,83,86,86,86,86,89,89,89],"card_choices":[{"not_picked":["Dual Wield","Warcry"],"picked":"Pommel Strike","floor":1},{"not_picked":["Evolve","Warcry"],"picked":"Sword Boomerang","floor":2},{"not_picked":["Perfected Strike","True Grit"],"picked":"Shrug It Off","floor":7},{"not_picked":["Flex","Heavy Blade"],"picked":"Disarm","floor":8},{"not_picked":["Flame Barrier","Heavy Blade"],"picked":"Clothesline","floor":10},{"not_picked":["Flex","Burning Pact","Body Slam"],"picked":"Cleave","floor":12},{"not_picked":["True Grit","Body Slam","Wild Strike"],"picked":"Feed","floor":14},{"not_picked":["Feed","Impervious","Fiend Fire"],"picked":"Demon Form","floor":16},{"not_picked":["Anger+1","Clothesline","Wild Strike","Pommel Strike+1"],"picked":"SKIP","floor":18},{"not_picked":["Anger","Fire Breathing","Headbutt+1"],"picked":"Flame Barrier","floor":22}],"player_experience":408618,"relics_obtained":[{"floor":5,"key":"Kunai"},{"floor":7,"key":"Matryoshka"},{"floor":9,"key":"Sundial"},{"floor":9,"key":"Boot"},{"floor":10,"key":"Question Card"}],"event_choices":[{"cards_removed":["Strike_R"],"damage_healed":0,"gold_gain":0,"player_choice":"Card Removal","damage_taken":7,"max_hp_gain":0,"max_hp_loss":0,"event_name":"Golden Wing","floor":3,"gold_loss":0},{"damage_healed":0,"gold_gain":0,"player_choice":"Take Damage","damage_taken":20,"relics_obtained":["Golden Idol"],"max_hp_gain":0,"max_hp_loss":0,"event_name":"Golden Idol","floor":4,"gold_loss":0},{"damage_healed":0,"gold_gain":0,"player_choice":"Upgraded","damage_taken":0,"max_hp_gain":0,"max_hp_loss":0,"event_name":"Upgrade Shrine","floor":19,"gold_loss":0,"cards_upgraded":["Demon Form"]},{"cards_removed":["Entrench"],"damage_healed":0,"gold_gain":0,"player_choice":"Purged","damage_taken":0,"max_hp_gain":0,"max_hp_loss":0,"event_name":"Purifier","floor":21,"gold_loss":0}],"is_beta":false,"boss_relics":[{"not_picked":["Runic Pyramid","Lizard Tail"],"picked":"Pandora\u0027s Box"}],"items_purged_floors":[13,20],"is_endless":false,"potions_floor_spawned":[1,12,14],"killed_by":"Book of Stabbing","ascension_level":1}