{"gold_per_floor":[111,123,8,28,28,54,54,77,100,118,118,118,118,132,132,236,236,255,155,155,30,50,50,64,64,64,82,82,82,92,109,109,209,209,224,74,93,93,93],"floor_reached":39,"playtime":2585,"items_purged":["Strike_R","Strike_R","Defend_R","Sever Soul"],"score":381,"play_id":"b3a50dd5-40ce-4aff-b068-0bcf5b789a87","local_time":"20180723000151","is_ascension_mode":false,"campfire_choices":[{"data":"Rampage","floor":7,"key":"SMITH"},{"data":"Bash","floor":13,"key":"SMITH"},{"data":"Offering","floor":15,"key":"SMITH"},{"data":"Double Tap","floor":23,"key":"SMITH"},{"floor":25,"key":"REST"},{"floor":29,"key":"REST"},{"floor":32,"key":"REST"}],"neow_cost":"NONE","seed_source_timestamp":51024056454745,"circlet_count":0,"master_deck":["Bash+1","Offering+1","Ghostly Armor","Rampage+1","Shrug It Off","Double Tap+1","Headbutt","Exhume+1","Pommel Strike","Warcry+1","Sever Soul","Thunderclap","Wild Strike","Body Slam+1","Madness+1","Madness+1"],"relics":["Burning Blood","Lantern","Odd Mushroom","Omamori","Lizard Tail","Toxic Egg 2","Pandora\u0027s Box"],"potions_floor_usage":[6,8,24,24,30],"damage_taken":[{"damage":5,"enemies":"Small Slimes","floor":1,"turns":2},{"damage":5,"enemies":"Cultist","floor":2,"turns":2},{"damage":5,"enemies":"2 Louse","floor":4,"turns":2},{"damage":26,"enemies":"Lagavulin","floor":6,"turns":6},{"damage":23,"floor":8,"turns":5},{"damage":3,"enemies":"2 Fungi Beasts","floor":10,"turns":4},{"damage":13,"enemies":"Large Slime","floor":14,"turns":5},{"damage":45,"enemies":"The Guardian","floor":16,"turns":9},{"damage":30,"enemies":"Spheric Guardian","floor":18,"turns":6},{"damage":11,"enemies":"Shell Parasite","floor":22,"turns":5},{"damage":48,"enemies":"Snake Plant","floor":24,"turns":5},{"damage":30,"enemies":"Centurion and Healer","floor":27,"turns":4},{"damage":20,"enemies":"Snecko","floor":30,"turns":3},{"damage":38,"enemies":"Snake Plant","floor":31,"turns":4},{"damage":58,"enemies":"Champ","floor":33,"turns":8},{"damage":53,"enemies":"3 Darklings","floor":35,"turns":4},{"damage":14,"enemies":"Flame Bruiser 1 Orb","floor":37,"turns":5},{"damage":21,"enemies":"Spire Growth","floor":39,"turns":2}],"seed_played":"-5171069026914872562","potions_obtained":[{"floor":2,"key":"GamblersBrew"},{"floor":5,"key":"Fruit Juice"},{"floor":5,"key":"Regen Potion"},{"floor":6,"key":"BloodPotion"},{"floor":18,"key":"FearPotion"},{"floor":22,"key":"BloodPotion"},{"floor":33,"key":"Ancient Potion"},{"floor":35,"key":"SteroidPotion"}],"is_trial":false,"path_per_floor":["M","M","$","M","?","E","R","?","T","M","?","?","R","M","R","B",null,"M","$","?","$","M","R","M","R","T","M","?","R","M","M","R","B",null,"M","$","M","?"],"character_chosen":"IRONCLAD","items_purchased":["Rampage"],"campfire_rested":3,"item_purchase_floors":[3],"current_hp_per_floor":[80,80,80,80,80,65,65,60,60,63,63,63,63,56,56,17,85,61,61,61,61,56,56,30,55,55,31,31,56,42,10,35,33,85,38,38,30,19,0],"gold":93,"neow_bonus":"ONE_RANDOM_RARE_CARD","is_prod":false,"is_daily":false,"chose_seed":false,"campfire_upgraded":4,"win_rate":0,"timestamp":1532296911,"path_taken":["M","M","$","M","?","E","R","?","T","?","?","?","R","M","R","BOSS","M","?","?","$","M","R","M","R","T","M","?","R","M","M","R","BOSS","M","$","M","?","?"],"build_version":"2018-07-19v2","purchased_purges":4,"victory":false,"max_hp_per_floor":[80,80,80,80,80,85,85,85,85,85,85,85,85,85,85,85,85,85,85,85,85,85,85,85,85,85,85,85,85,85,85,85,85,85,85,85,85,85,85],"card_choices":[{"not_picked":["Armaments","Clothesline"],"picked":"Ghostly Armor","floor":1},{"not_picked":["Flame Barrier","Wild Strike","Flex"],"picked":"SKIP","floor":2},{"not_picked":["Clash","Pommel Strike","Uppercut"],"picked":"SKIP","floor":4},{"not_picked":["Limit Break","True Grit","Evolve"],"picked":"SKIP","floor":6},{"not_picked":["True Grit","Pommel Strike"],"picked":"Shrug It Off","floor":10},{"not_picked":["Flex","Wild Strike","Twin Strike"],"picked":"SKIP","floor":14},{"not_picked":["Sword Boomerang","Pommel Strike","Cleave"],"picked":"SKIP","floor":18},{"not_picked":["Seeing Red","Fire Breathing"],"picked":"Headbutt","floor":22},{"not_picked":["Combust+1","Flex","Dual Wield"],"picked":"SKIP","floor":24},{"not_picked":["Thunderclap","Heavy Blade+1","Headbutt"],"picked":"SKIP","floor":27},{"not_picked":["Pummel","Uppercut","Second Wind+1"],"picked":"SKIP","floor":30},{"not_picked":["Uppercut","Flex+1","Twin Strike"],"picked":"SKIP","floor":31},{"not_picked":["Limit Break+1","Fiend Fire"],"picked":"Exhume+1","floor":33},{"not_picked":["Clothesline+1","Rage+1"],"picked":"Body Slam+1","floor":35},{"not_picked":["Shockwave+1","Corruption+1","Anger"],"picked":"SKIP","floor":37}],"player_experience":327357,"relics_obtained":[{"floor":6,"key":"Lantern"},{"floor":8,"key":"Odd Mushroom"},{"floor":9,"key":"Omamori"},{"floor":26,"key":"Toxic Egg 2"}],"event_choices":[{"event_name":"The Lab","player_choice":"Got Potions","floor":5,"damage_taken":0},{"event_name":"Mushrooms","player_choice":"Fought Mushrooms","floor":8,"damage_taken":0},{"event_name":"The Woman in Blue","player_choice":"Bought 0 Potions","floor":11,"damage_taken":0},{"event_name":"Match and Keep!","player_choice":"0 cards matched","floor":12,"damage_taken":0},{"event_name":"The Library","player_choice":"Read","floor":20,"damage_taken":0},{"event_name":"Drug Dealer","player_choice":"Ignored","floor":28,"damage_taken":0},{"event_name":"Winding Halls","player_choice":"Embrace Madness","floor":38,"damage_taken":0}],"is_beta":false,"boss_relics":[{"not_picked":["Fusion Hammer","Velvet Choker"],"picked":"Lizard Tail"},{"not_picked":["Sozu","Black Star"],"picked":"Pandora\u0027s Box"}],"items_purged_floors":[3,19,21,36],"is_endless":false,"potions_floor_spawned":[2,6,18,22,33,35],"killed_by":"Spire Growth","ascension_level":0}