{"gold_per_floor":[119,119,137,137,137,137,172,172,172,182,198,198,51,51,51,51],"floor_reached":16,"playtime":246,"items_purged":[],"score":178,"play_id":"c6fc8728-a3a4-4fae-b5a0-855f16b9b2be","local_time":"20190714221711","is_ascension_mode":true,"campfire_choices":[{"data":"Zap","floor":6,"key":"SMITH"},{"data":"Gash","floor":8,"key":"SMITH"},{"floor":15,"key":"REST"}],"neow_cost":"NONE","seed_source_timestamp":64767357269600,"circlet_count":0,"master_deck":["Strike_B","Strike_B","Strike_B","Defend_B","Defend_B","Defend_B","Defend_B+1","Zap+1","Dualcast","Gash+1","Go for the Eyes","Gash+1","Self Repair+1"],"relics":["Cracked Core","NeowsBlessing","Juzu Bracelet","Ginger","Shovel","Happy Flower"],"potions_floor_usage":[16],"damage_taken":[{"damage":0,"enemies":"Cultist","floor":1,"turns":1},{"damage":0,"enemies":"Small Slimes","floor":3,"turns":1},{"damage":0,"enemies":"Lagavulin","floor":7,"turns":1},{"damage":0,"enemies":"2 Louse","floor":10,"turns":2},{"damage":3,"enemies":"Blue Slaver","floor":11,"turns":3},{"damage":57,"enemies":"Hexaghost","floor":16,"turns":10}],"seed_played":"-6907040825679127718","potions_obtained":[{"floor":3,"key":"Explosive Potion"}],"is_trial":false,"path_per_floor":["M","?","M","$","?","R","E","R","T","M","M","?","$","?","R","B"],"character_chosen":"DEFECT","items_purchased":["Happy Flower"],"campfire_rested":1,"item_purchase_floors":[13],"current_hp_per_floor":[68,61,61,61,49,49,49,49,49,49,46,46,46,31,53,0],"gold":51,"neow_bonus":"THREE_ENEMY_KILL","is_prod":false,"is_daily":false,"chose_seed":false,"campfire_upgraded":2,"win_rate":0,"timestamp":1563135431,"path_taken":["M","?","M","$","?","R","E","R","T","M","M","?","?","?","R","BOSS"],"build_version":"2019-07-05","purchased_purges":0,"victory":false,"max_hp_per_floor":[75,75,75,75,75,75,75,75,75,75,75,75,75,75,75,75],"card_choices":[{"not_picked":["Streamline","Barrage"],"picked":"Gash","floor":1},{"not_picked":["FTL","Cold Snap"],"picked":"Go for the Eyes","floor":3},{"not_picked":["Melter","Barrage"],"picked":"Gash","floor":7},{"not_picked":["Redo","Reinforced Body","Streamline"],"picked":"SKIP","floor":10},{"not_picked":["Cold Snap","Hello World"],"picked":"Self Repair","floor":11}],"player_experience":332923,"relics_obtained":[{"floor":7,"key":"Ginger"},{"floor":9,"key":"Shovel"}],"event_choices":[{"cards_removed":["Strike_B"],"damage_healed":0,"gold_gain":0,"player_choice":"Card Removal","damage_taken":7,"max_hp_gain":0,"max_hp_loss":0,"event_name":"Golden Wing","floor":2,"gold_loss":0},{"damage_healed":0,"gold_gain":0,"player_choice":"Success","damage_taken":12,"relics_obtained":["Juzu Bracelet"],"max_hp_gain":0,"max_hp_loss":0,"event_name":"Scrap Ooze","floor":5,"gold_loss":0},{"damage_healed":0,"gold_gain":0,"player_choice":"Grow","damage_taken":0,"max_hp_gain":0,"max_hp_loss":0,"event_name":"Living Wall","floor":12,"gold_loss":0,"cards_upgraded":["Self Repair"]},{"damage_healed":0,"gold_gain":0,"player_choice":"Entered Light","damage_taken":15,"max_hp_gain":0,"max_hp_loss":0,"event_name":"Shining Light","floor":14,"gold_loss":0,"cards_upgraded":["Gash","Defend_B"]}],"is_beta":false,"boss_relics":[],"items_purged_floors":[],"is_endless":false,"potions_floor_spawned":[3],"killed_by":"Hexaghost","ascension_level":9}