{"gold_per_floor":[111,36,48,59,77,104,104,120,145,45,59,59,79,101,101,204,204,215,215,226,101,101,101,117,117,194,194,219,232,251,23,23,23],"floor_reached":33,"playtime":2734,"items_purged":["Strike_R","Strike_R","Defend_R","Bite"],"score":344,"play_id":"cda86087-27c3-4c18-9bf8-d4c6d4951e70","local_time":"20180628002101","is_ascension_mode":false,"campfire_choices":[{"data":"Body Slam","floor":7,"key":"SMITH"},{"data":"Feed","floor":12,"key":"SMITH"},{"data":"Armaments","floor":15,"key":"SMITH"},{"data":"Bash","floor":23,"key":"SMITH"},{"data":"Shrug It Off","floor":25,"key":"SMITH"},{"data":"Shrug It Off","floor":27,"key":"SMITH"},{"data":"Entrench","floor":32,"key":"SMITH"}],"neow_cost":"NONE","seed_source_timestamp":55660704382020,"circlet_count":0,"master_deck":["Defend_R","Defend_R","Defend_R","Bash+1","Feed+1","Armaments+1","Body Slam+1","Shrug It Off+1","Shrug It Off+1","Bite","Bite","Bite","Bite","Body Slam","Body Slam","True Grit+1","Entrench+1"],"relics":["Burning Blood","Strawberry","Odd Mushroom","Mark of Pain","Boot","Letter Opener","Art of War"],"potions_floor_usage":[8,14,16,28,30,33],"damage_taken":[{"damage":1,"enemies":"Cultist","floor":1,"turns":4},{"damage":0,"enemies":"2 Louse","floor":3,"turns":3},{"damage":1,"enemies":"Jaw Worm","floor":4,"turns":5},{"damage":6,"enemies":"Blue Slaver","floor":5,"turns":4},{"damage":25,"enemies":"Gremlin Nob","floor":6,"turns":5},{"damage":0,"enemies":"3 Louse","floor":8,"turns":3},{"damage":8,"enemies":"Exordium Thugs","floor":11,"turns":5},{"damage":0,"enemies":"Looter","floor":13,"turns":4},{"damage":12,"floor":14,"turns":4},{"damage":85,"enemies":"Slime Boss","floor":16,"turns":24},{"damage":47,"enemies":"Spheric Guardian","floor":18,"turns":8},{"damage":10,"enemies":"Shell Parasite","floor":20,"turns":9},{"damage":37,"enemies":"Centurion and Healer","floor":24,"turns":7},{"damage":26,"enemies":"Slavers","floor":28,"turns":10},{"damage":36,"enemies":"Snake Plant","floor":29,"turns":4},{"damage":15,"enemies":"Snecko","floor":30,"turns":3},{"damage":105,"enemies":"Collector","floor":33,"turns":8}],"seed_played":"-1876496102198443501","potions_obtained":[{"floor":4,"key":"Ancient Potion"},{"floor":5,"key":"Fire Potion"},{"floor":6,"key":"SkillPotion"},{"floor":13,"key":"Swift Potion"},{"floor":18,"key":"Ancient Potion"},{"floor":24,"key":"Fire Potion"},{"floor":28,"key":"FearPotion"},{"floor":29,"key":"Strength Potion"}],"is_trial":false,"path_per_floor":["M","$","M","M","M","E","R","M","T","$","M","R","M","?","R","B",null,"M","?","M","$","?","R","M","R","T","R","E","M","M","$","R"],"character_chosen":"IRONCLAD","items_purchased":["Entrench"],"campfire_rested":0,"item_purchase_floors":[31],"current_hp_per_floor":[83,83,86,89,92,83,83,92,92,92,95,95,103,103,103,26,112,71,71,102,102,102,102,102,102,102,102,105,90,94,94,94,0],"gold":23,"neow_bonus":"ONE_RANDOM_RARE_CARD","is_prod":false,"is_daily":false,"chose_seed":false,"campfire_upgraded":7,"win_rate":0,"timestamp":1530138061,"path_taken":["M","$","M","M","M","E","R","M","T","$","M","R","?","?","R","BOSS","M","?","M","$","?","R","M","R","T","R","E","M","M","$","R","BOSS"],"build_version":"2018-06-21v2","purchased_purges":4,"victory":false,"max_hp_per_floor":[83,83,86,89,92,102,102,105,105,105,108,108,108,112,112,112,112,112,112,112,112,112,112,116,116,116,116,116,120,124,124,124,124],"card_choices":[{"not_picked":["Clothesline","Combust","Wild Strike"],"picked":"SKIP","floor":1},{"not_picked":["Dropkick","Heavy Blade"],"picked":"Armaments","floor":3},{"not_picked":["Thunderclap","Clash"],"picked":"Body Slam","floor":4},{"not_picked":["Wild Strike","True Grit"],"picked":"Shrug It Off","floor":5},{"not_picked":["Searing Blow","Dropkick","Warcry"],"picked":"SKIP","floor":6},{"not_picked":["Burning Pact","Warcry","Iron Wave"],"picked":"SKIP","floor":8},{"not_picked":["Carnage","Feel No Pain","Rupture"],"picked":"SKIP","floor":11},{"not_picked":["Seeing Red","Intimidate"],"picked":"Shrug It Off","floor":13},{"not_picked":["Perfected Strike","Heavy Blade","Pommel Strike"],"picked":"SKIP","floor":18},{"not_picked":["Cleave","Twin Strike","Anger"],"picked":"SKIP","floor":20},{"not_picked":["Thunderclap","Hemokinesis","Rupture"],"picked":"SKIP","floor":24},{"not_picked":["Flame Barrier+1","Searing Blow"],"picked":"Body Slam","floor":28},{"not_picked":["Iron Wave","Evolve"],"picked":"Body Slam","floor":29},{"not_picked":["Armaments","Cleave+1"],"picked":"True Grit+1","floor":30}],"player_experience":292382,"relics_obtained":[{"floor":6,"key":"Strawberry"},{"floor":9,"key":"Blood Vial"},{"floor":14,"key":"Odd Mushroom"},{"floor":26,"key":"Letter Opener"},{"floor":28,"key":"Art of War"}],"event_choices":[{"event_name":"Mushrooms","player_choice":"Fought Mushrooms","floor":14,"damage_taken":0},{"event_name":"Vampires","player_choice":"Became a vampire (Vial)","floor":19,"damage_taken":0},{"event_name":"The Mausoleum","player_choice":"Yes","floor":22,"damage_taken":0}],"boss_relics":[{"not_picked":["Lizard Tail","Snecko Eye"],"picked":"Mark of Pain"}],"items_purged_floors":[2,10,21,31],"is_endless":false,"potions_floor_spawned":[4,5,6,13,18,24,28,29],"killed_by":"Collector","ascension_level":0}