{"gold_per_floor":[112,131,131,131,81,81,112,112,137,137,137,148,148,163,163,267,267,284,304,318,318,333,333,333,333,357,369,329,28,42,72,72,72],"floor_reached":33,"playtime":1170,"items_purged":[],"score":424,"play_id":"c8b57d5e-3bb2-4355-bedf-9219126561a5","local_time":"20190718193509","is_ascension_mode":true,"campfire_choices":[{"data":"Dualcast","floor":6.0,"key":"SMITH"},{"data":"Glacier","floor":8.0,"key":"SMITH"},{"data":"Chill","floor":10.0,"key":"SMITH"},{"floor":15.0,"key":"REST"},{"data":"Capacitor","floor":23,"key":"SMITH"},{"floor":25,"key":"REST"},{"floor":32,"key":"REST"}],"neow_cost":"NONE","seed_source_timestamp":399538784288500,"circlet_count":0,"master_deck":["AscendersBane","Strike_B","Strike_B","Strike_B","Defend_B","Defend_B","Defend_B","Defend_B","Zap+1","Dualcast+1","Glacier+1","Ball Lightning+1","Chill+1","Core Surge","Capacitor+1","Skim","Lockon+1","Tempest"],"special_seed":0,"relics":["Cracked Core","Anchor","Pen Nib","Busted Crown","Nunchaku","Omamori","Calipers","Matryoshka"],"potions_floor_usage":[16,20,31,33],"damage_taken":[{"damage":1.0,"enemies":"Cultist","floor":1.0,"turns":3.0},{"damage":0.0,"enemies":"Small Slimes","floor":2.0,"turns":4.0},{"damage":12.0,"enemies":"Lagavulin","floor":7.0,"turns":7.0},{"damage":0.0,"enemies":"Jaw Worm","floor":12.0,"turns":3.0},{"damage":0.0,"enemies":"3 Louse","floor":14.0,"turns":3.0},{"damage":43,"enemies":"Slime Boss","floor":16,"turns":16},{"damage":3,"enemies":"Chosen","floor":18,"turns":4},{"damage":1,"enemies":"Spheric Guardian","floor":19,"turns":4},{"damage":0,"enemies":"3 Cultists","floor":20,"turns":7},{"damage":12,"enemies":"Shelled Parasite and Fungi","floor":22,"turns":9},{"damage":19,"enemies":"Snake Plant","floor":27,"turns":6},{"damage":2,"enemies":"Snecko","floor":30,"turns":5},{"damage":26,"enemies":"Book of Stabbing","floor":31,"turns":4},{"damage":100,"enemies":"Automaton","floor":33,"turns":8}],"seed_played":"559891062420265210","potions_obtained":[{"floor":1.0,"key":"Ancient Potion"},{"floor":12.0,"key":"AttackPotion"},{"floor":16,"key":"Weak Potion"},{"floor":27,"key":"EssenceOfSteel"},{"floor":28,"key":"FairyPotion"},{"floor":28,"key":"SkillPotion"},{"floor":31,"key":"Fire Potion"}],"is_trial":false,"path_per_floor":["M","M","?","$","?","R","E","R","T","R","$","M","?","M","R","B",null,"M","M","M","?","M","R","?","R","T","M","?","$","M","E","R","B"],"character_chosen":"DEFECT","items_purchased":["Calipers"],"campfire_rested":3,"item_purchase_floors":[29],"current_hp_per_floor":[67,67,67,67,67,67,55,55,55,55,55,55,55,55,75,32,64,61,60,60,60,48,48,48,70,70,51,51,51,49,23,45,0],"gold":72,"neow_bonus":"UPGRADE_CARD","is_prod":false,"is_daily":false,"chose_seed":false,"campfire_upgraded":4,"win_rate":0,"timestamp":1563471309,"path_taken":["M","?","?","?","?","R","E","R","T","R","$","?","?","M","R","BOSS","M","M","M","?","M","R","?","R","T","M","?","$","M","E","R","BOSS"],"build_version":"2019-07-17","purchased_purges":0,"victory":false,"max_hp_per_floor":[75,75,75,75,75,75,75,75,75,75,75,75,75,75,75,75,75,75,75,75,75,75,75,75,75,75,75,75,75,75,75,75,75],"card_choices":[{"not_picked":["Cold Snap","Steam"],"picked":"Glacier","floor":1.0},{"not_picked":["Turbo","Fusion"],"picked":"Ball Lightning","floor":2.0},{"not_picked":["Steam","Genetic Algorithm"],"picked":"Chill","floor":7.0},{"not_picked":["Tempest","Skim","Barrage"],"picked":"SKIP","floor":12.0},{"not_picked":["Lockon","Hello World","Leap"],"picked":"SKIP","floor":14.0},{"not_picked":["Thunder Strike","Reboot"],"picked":"Core Surge","floor":16},{"not_picked":[],"picked":"Capacitor","floor":18},{"not_picked":["Redo"],"picked":"SKIP","floor":19},{"not_picked":["Lockon"],"picked":"SKIP","floor":20},{"not_picked":[],"picked":"Skim","floor":22},{"not_picked":["Streamline"],"picked":"SKIP","floor":27},{"not_picked":[],"picked":"Lockon+1","floor":30},{"not_picked":[],"picked":"Tempest","floor":31}],"player_experience":343768,"relics_obtained":[{"floor":7.0,"key":"Anchor"},{"floor":9.0,"key":"Pen Nib"},{"floor":26,"key":"Omamori"},{"floor":31,"key":"Matryoshka"}],"event_choices":[{"damage_healed":0.0,"max_hp_gain":0.0,"max_hp_loss":0.0,"gold_gain":0.0,"event_name":"Liars Game","player_choice":"Ignored","floor":3.0,"gold_loss":0.0,"damage_taken":0.0},{"cards_removed":["Strike_B"],"damage_healed":0.0,"max_hp_gain":0.0,"max_hp_loss":0.0,"gold_gain":0.0,"event_name":"The Cleric","player_choice":"Card Removal","floor":5.0,"gold_loss":50.0,"damage_taken":0.0},{"damage_healed":0.0,"max_hp_gain":0.0,"max_hp_loss":0.0,"gold_gain":0.0,"event_name":"Living Wall","player_choice":"Grow","floor":13.0,"gold_loss":0.0,"damage_taken":0.0,"cards_upgraded":["Ball Lightning"]},{"damage_healed":0,"gold_gain":0,"player_choice":"Opened","damage_taken":0,"relics_obtained":["Nunchaku"],"max_hp_gain":0,"max_hp_loss":0,"event_name":"The Mausoleum","floor":21,"gold_loss":0},{"damage_healed":0,"gold_gain":0,"player_choice":"Ignored","damage_taken":0,"max_hp_gain":0,"max_hp_loss":0,"event_name":"Vampires","floor":24,"gold_loss":0},{"damage_healed":0,"gold_gain":0,"player_choice":"Bought 3 Potions","damage_taken":0,"max_hp_gain":0,"max_hp_loss":0,"event_name":"The Woman in Blue","floor":28,"gold_loss":0}],"is_beta":false,"boss_relics":[{"not_picked":["Pandora\u0027s Box","Philosopher\u0027s Stone"],"picked":"Busted Crown"}],"items_purged_floors":[],"is_endless":false,"potions_floor_spawned":[1,12,16,27,31],"killed_by":"Automaton","ascension_level":12}