{"path_per_floor":["M","?","M","$","?","M","M","R","T","R","?","$","?","E","R"],"character_chosen":"THE_SILENT","items_purchased":["Accuracy"],"gold_per_floor":[111,111,125,50,50,69,83,83,83,83,111,37,37,62,62,62],"floor_reached":16,"campfire_rested":1,"playtime":923,"current_hp_per_floor":[70,70,65,65,70,53,43,43,43,43,32,32,25,10,32,0],"items_purged":["Defend_G"],"gold":62,"score":98,"play_id":"43aa749f-8dea-4881-b4ee-1d5ffe665b0c","local_time":"20180417005539","is_prod":false,"is_daily":false,"chose_seed":false,"is_ascension_mode":false,"campfire_upgraded":2,"timestamp":1523919339,"path_taken":["M","?","M","$","?","M","?","R","T","R","?","?","?","E","R","BOSS"],"build_version":"2018-04-12","seed_source_timestamp":55263085076792,"purchased_purges":1,"victory":false,"master_deck":["Defend_G","Defend_G","Defend_G","Defend_G","Strike_G","Strike_G+1","Strike_G+1","Strike_G","Survivor","Neutralize","Prepared","Catalyst+1","Acrobatics","Blade Dance+1","Cloak And Dagger+1","Terror","Accuracy","Noxious Fumes"],"max_hp_per_floor":[70,70,70,70,75,75,75,75,75,75,75,75,75,75,75,75],"relics":["Ring of the Snake","Dodecahedron","Odd Mushroom","Whetstone"],"card_choices":[{"not_picked":["Bane","Acrobatics"],"picked":"Prepared","floor":0},{"not_picked":["Infinite Blades","PiercingWail"],"picked":"Catalyst","floor":1},{"not_picked":["Prepared","Escape Plan"],"picked":"Acrobatics","floor":3},{"not_picked":["Catalyst","Bane"],"picked":"Blade Dance","floor":6},{"not_picked":["Distraction","Deflect"],"picked":"Cloak And Dagger","floor":7},{"not_picked":["Crippling Poison","Blur"],"picked":"Terror","floor":11},{"not_picked":["Dagger Spray","Blur"],"picked":"Noxious Fumes","floor":14}],"player_experience":206055,"potions_floor_usage":[14,16],"damage_taken":[{"damage":0,"enemies":"Small Slimes","floor":1,"turns":3},{"damage":5,"enemies":"Cultist","floor":3,"turns":4},{"damage":17,"enemies":"Jaw Worm","floor":6,"turns":5},{"damage":10,"enemies":"Blue Slaver","floor":7,"turns":4},{"damage":11,"enemies":"The Mushroom Lair","floor":11,"turns":5},{"damage":15,"enemies":"Lagavulin","floor":14,"turns":6},{"damage":32,"enemies":"The Guardian","floor":16,"turns":7}],"event_choices":[{"event_name":"Upgrade Shrine","player_choice":"Upgraded","floor":2,"damage_taken":0},{"event_name":"Big Fish","player_choice":"Donut","floor":5,"damage_taken":0},{"event_name":"Mushrooms","player_choice":"Fought Mushrooms","floor":11,"damage_taken":0},{"event_name":"Golden Wing","player_choice":"Card Removal","floor":13,"damage_taken":0}],"boss_relics":[],"potions_floor_spawned":[1,14],"seed_played":"-6012314842984809894","killed_by":"The Guardian","ascension_level":0,"is_trial":false}