{"gold_per_floor":[110,110,110,64,87,126,126,140,140,178,178,203,203,227,227,350,350,363,363,376,376,476,514,514,528,599,599,612,160,174,208,208,208],"floor_reached":33,"playtime":2172,"items_purged":["Bloodletting"],"score":395,"play_id":"1a5f22d0-3210-44cd-ace8-8b9b2eb8fae7","local_time":"20190531021407","is_ascension_mode":false,"campfire_choices":[{"floor":7,"key":"REST"},{"floor":13,"key":"REST"},{"floor":15,"key":"REST"},{"floor":24,"key":"REST"},{"floor":27,"key":"REST"},{"floor":32,"key":"REST"}],"neow_cost":"NONE","seed_source_timestamp":0,"circlet_count":0,"master_deck":["Strike_R","Strike_R","Strike_R","Strike_R+1","Strike_R","Defend_R","Defend_R","Defend_R+1","Bash","Perfected Strike+1","Shrug It Off+1","Warcry","Wild Strike","Inflame","Reckless Charge","Pommel Strike","Limit Break","Carnage","Infernal Blade","Writhe","Infernal Blade+1","Perfected Strike+1","Evolve","Wild Strike+1","Perfected Strike+1","Ghostly Armor+1"],"special_seed":0,"relics":["Sozu","Golden Idol","Ornamental Fan","Juzu Bracelet","War Paint","Fusion Hammer","Strawberry","Mercury Hourglass","Meat on the Bone","Brimstone","Whetstone","Mummified Hand"],"potions_floor_usage":[],"damage_taken":[{"damage":3,"enemies":"Jaw Worm","floor":1,"turns":3},{"damage":0,"enemies":"Small Slimes","floor":5,"turns":3},{"damage":19,"enemies":"3 Sentries","floor":6,"turns":8},{"damage":0,"enemies":"Cultist","floor":8,"turns":2},{"damage":21,"enemies":"Lagavulin","floor":10,"turns":6},{"damage":5,"enemies":"Exordium Thugs","floor":12,"turns":4},{"damage":14,"enemies":"Gremlin Gang","floor":14,"turns":4},{"damage":29,"enemies":"The Guardian","floor":16,"turns":9},{"damage":15,"enemies":"3 Byrds","floor":18,"turns":5},{"damage":21,"enemies":"2 Thieves","floor":20,"turns":3},{"damage":34,"enemies":"Gremlin Leader","floor":23,"turns":3},{"damage":2,"enemies":"Cultist and Chosen","floor":25,"turns":3},{"damage":2,"enemies":"3 Cultists","floor":28,"turns":3},{"damage":23,"enemies":"Centurion and Healer","floor":30,"turns":3},{"damage":10,"enemies":"Book of Stabbing","floor":31,"turns":2},{"damage":82,"enemies":"Champ","floor":33,"turns":5}],"seed_played":"-3847801549474861851","potions_obtained":[],"is_trial":false,"path_per_floor":["M","?","?","$","M","E","R","M","T","E","?","M","R","M","R","B",null,"M","?","M","?","?","E","R","M","T","R","M","$","M","E","R","B"],"character_chosen":"IRONCLAD","items_purchased":["Shrug It Off","Wild Strike","Brimstone","Whetstone"],"campfire_rested":6,"item_purchase_floors":[4,29,29,29],"current_hp_per_floor":[77,57,57,57,57,38,62,62,62,41,41,36,60,46,70,41,80,65,65,44,51,51,17,43,41,41,67,65,65,54,44,70,0],"gold":208,"neow_bonus":"BOSS_RELIC","is_prod":false,"is_daily":false,"chose_seed":false,"campfire_upgraded":0,"win_rate":0.0,"timestamp":1559294047,"path_taken":["M","?","?","$","M","E","R","M","T","E","?","M","R","M","R","BOSS","M","?","M","?","?","E","R","M","T","R","M","$","M","E","R","BOSS"],"build_version":"2019-01-23","purchased_purges":1,"victory":false,"max_hp_per_floor":[80,80,80,80,80,80,80,80,80,80,80,80,80,80,80,80,80,80,80,80,87,87,87,87,87,87,87,87,87,87,87,87,87],"card_choices":[{"not_picked":["Anger","Power Through"],"picked":"Perfected Strike","floor":1},{"not_picked":["Sword Boomerang","Clash"],"picked":"Warcry","floor":5},{"not_picked":["Sword Boomerang","Flex"],"picked":"Wild Strike","floor":6},{"not_picked":["Reckless Charge","Armaments"],"picked":"Inflame","floor":8},{"not_picked":["Cleave","Iron Wave"],"picked":"Reckless Charge","floor":10},{"not_picked":["Wild Strike","Rampage"],"picked":"Pommel Strike","floor":12},{"not_picked":["True Grit","Dropkick"],"picked":"Bloodletting","floor":14},{"not_picked":["Dark Embrace","Double Tap"],"picked":"Limit Break","floor":16},{"not_picked":["Havoc","Headbutt"],"picked":"Carnage","floor":18},{"not_picked":["Armaments","Body Slam"],"picked":"Infernal Blade","floor":20},{"not_picked":["Shockwave","Headbutt+1"],"picked":"Infernal Blade+1","floor":23},{"not_picked":["Pummel+1","True Grit"],"picked":"Perfected Strike+1","floor":25},{"not_picked":["Sword Boomerang+1","True Grit+1"],"picked":"Evolve","floor":28},{"not_picked":["Spot Weakness","Pummel"],"picked":"Perfected Strike+1","floor":30},{"not_picked":["Iron Wave","Clash"],"picked":"Ghostly Armor+1","floor":31}],"player_experience":39237,"relics_obtained":[{"floor":6,"key":"Ornamental Fan"},{"floor":9,"key":"Juzu Bracelet"},{"floor":10,"key":"War Paint"},{"floor":23,"key":"Mercury Hourglass"},{"floor":26,"key":"Meat on the Bone"},{"floor":31,"key":"Mummified Hand"}],"event_choices":[{"damage_healed":0,"gold_gain":0,"player_choice":"Take Damage","damage_taken":20,"relics_obtained":["Golden Idol"],"max_hp_gain":0,"max_hp_loss":0,"event_name":"Golden Idol","floor":2,"gold_loss":0},{"damage_healed":0,"gold_gain":0,"player_choice":"Got Potions","damage_taken":0,"max_hp_gain":0,"max_hp_loss":0,"event_name":"Lab","floor":3,"gold_loss":0},{"damage_healed":0,"gold_gain":0,"player_choice":"Grow","damage_taken":0,"max_hp_gain":0,"max_hp_loss":0,"event_name":"Living Wall","floor":11,"gold_loss":0,"cards_upgraded":["Perfected Strike"]},{"cards_removed":["Defend_R"],"damage_healed":0,"gold_gain":0,"player_choice":"Purged","damage_taken":0,"max_hp_gain":0,"max_hp_loss":0,"event_name":"Purifier","floor":19,"gold_loss":0},{"damage_healed":0,"gold_gain":0,"player_choice":"Opened","damage_taken":0,"relics_obtained":["Strawberry"],"max_hp_gain":0,"max_hp_loss":0,"event_name":"The Mausoleum","floor":21,"gold_loss":0,"cards_obtained":["Writhe"]},{"damage_healed":0,"gold_gain":100,"player_choice":"Pray","damage_taken":0,"max_hp_gain":0,"max_hp_loss":0,"event_name":"Golden Shrine","floor":22,"gold_loss":0}],"is_beta":false,"boss_relics":[{"not_picked":["Tiny House","Empty Cage"],"picked":"Fusion Hammer"}],"items_purged_floors":[29],"is_endless":false,"potions_floor_spawned":[5,6,23,25,31],"killed_by":"Champ","ascension_level":0}