{"gold_per_floor":[110,126,2,2,2,36,36,66,92,111,44,61,95,60,60,60],"floor_reached":16,"playtime":1181,"items_purged":[],"score":133,"play_id":"053edf46-9beb-4f5a-a7ce-981a52bcca6a","local_time":"20190603154810","is_ascension_mode":false,"campfire_choices":[{"data":"Loop","floor":7,"key":"SMITH"},{"data":"Fusion","floor":15,"key":"SMITH"}],"neow_cost":"NONE","seed_source_timestamp":140763673173986,"circlet_count":0,"master_deck":["Strike_B","Strike_B","Strike_B","Strike_B","Defend_B","Defend_B","Defend_B","Zap","Dualcast","Coolheaded","Self Repair","Fusion+1","Barrage","Loop+1","Ball Lightning","Blizzard","Electrodynamics","Cold Snap","Aggregate"],"relics":["Cracked Core","NeowsBlessing","PreservedInsect","Odd Mushroom","Blood Vial","Dodecahedron"],"potions_floor_usage":[],"damage_taken":[{"damage":0,"enemies":"Cultist","floor":1,"turns":1},{"damage":0,"enemies":"2 Louse","floor":2,"turns":1},{"damage":0,"enemies":"Lagavulin","floor":6,"turns":2},{"damage":27,"enemies":"The Mushroom Lair","floor":8,"turns":5},{"damage":6,"enemies":"Jaw Worm","floor":10,"turns":4},{"damage":12,"enemies":"Blue Slaver","floor":12,"turns":4},{"damage":12,"enemies":"Gremlin Nob","floor":13,"turns":4},{"damage":65,"enemies":"Hexaghost","floor":16,"turns":10}],"seed_played":"-4547330184601530640","potions_obtained":[{"floor":1,"key":"EssenceOfSteel"},{"floor":6,"key":"Dexterity Potion"},{"floor":10,"key":"SteroidPotion"}],"is_trial":false,"path_per_floor":["M","M","$","?","$","E","R","?","T","M","$","M","E","?","R","B"],"character_chosen":"DEFECT","items_purchased":["Fusion","Barrage","Electrodynamics"],"campfire_rested":0,"item_purchase_floors":[3,3,11],"current_hp_per_floor":[75,75,75,68,68,75,75,48,48,51,51,48,45,63,63,0],"gold":60,"neow_bonus":"THREE_ENEMY_KILL","is_prod":false,"is_daily":false,"chose_seed":false,"campfire_upgraded":2,"win_rate":0.0,"timestamp":1559602090,"path_taken":["M","?","$","?","$","E","R","?","T","M","?","M","E","?","R","BOSS"],"build_version":"2019-01-23","purchased_purges":0,"victory":false,"max_hp_per_floor":[75,75,75,75,75,75,75,75,75,75,75,75,75,75,75,75],"card_choices":[{"not_picked":["Tempest","Double Energy"],"picked":"Coolheaded","floor":1},{"not_picked":["Skim","Double Energy"],"picked":"Self Repair","floor":2},{"not_picked":["Lockon","Force Field"],"picked":"Loop","floor":6},{"not_picked":["Steam","Compile Driver"],"picked":"Ball Lightning","floor":8},{"not_picked":["Gash","Steam"],"picked":"Blizzard","floor":10},{"not_picked":["Loop","Stack"],"picked":"Cold Snap","floor":12},{"not_picked":["Compile Driver","Hologram"],"picked":"Aggregate","floor":13}],"player_experience":53237,"relics_obtained":[{"floor":6,"key":"PreservedInsect"},{"floor":8,"key":"Odd Mushroom"},{"floor":9,"key":"Blood Vial"},{"floor":13,"key":"Dodecahedron"}],"event_choices":[{"cards_removed":["Defend_B"],"damage_healed":0,"gold_gain":0,"player_choice":"Card Removal","damage_taken":7,"max_hp_gain":0,"max_hp_loss":0,"event_name":"Golden Wing","floor":4,"gold_loss":0},{"damage_healed":0,"gold_gain":0,"player_choice":"Fought Mushrooms","damage_taken":0,"max_hp_gain":0,"max_hp_loss":0,"event_name":"Mushrooms","floor":8,"gold_loss":0},{"damage_healed":18,"gold_gain":0,"player_choice":"Healed","damage_taken":0,"max_hp_gain":0,"max_hp_loss":0,"event_name":"The Cleric","floor":14,"gold_loss":35}],"is_beta":false,"boss_relics":[],"items_purged_floors":[],"is_endless":false,"potions_floor_spawned":[1,6,10],"killed_by":"Hexaghost","ascension_level":0}