{"gold_per_floor":[219,229,98,113,55,55,73,73,73,83,56,86,102,102,102,102],"floor_reached":16,"playtime":739,"items_purged":[],"score":208,"play_id":"39b4f805-8a3a-4149-b6b8-1d8989192390","local_time":"20181127014008","is_ascension_mode":true,"campfire_choices":[{"data":"Envenom","floor":6,"key":"SMITH"},{"floor":8,"key":"REST"},{"floor":15,"key":"REST"}],"neow_cost":"NONE","seed_source_timestamp":634688473867526,"circlet_count":0,"master_deck":["AscendersBane","Defend_G","Defend_G","Defend_G","Defend_G","Defend_G","Strike_G","Strike_G","Strike_G","Strike_G","Strike_G","Survivor","Neutralize","Cloak And Dagger","Predator","Envenom+1","Cloak And Dagger","Dagger Spray","Leg Sweep"],"relics":["Ring of the Snake","Singing Bowl","Oddly Smooth Stone"],"potions_floor_usage":[12,12,16],"damage_taken":[{"damage":11,"enemies":"Cultist","floor":1,"turns":5},{"damage":0,"enemies":"Jaw Worm","floor":2,"turns":5},{"damage":0,"enemies":"Small Slimes","floor":4,"turns":4},{"damage":41,"enemies":"Exordium Wildlife","floor":7,"turns":6},{"damage":0,"enemies":"Blue Slaver","floor":10,"turns":6},{"damage":3,"enemies":"Exordium Thugs","floor":11,"turns":4},{"damage":16,"enemies":"Gremlin Nob","floor":12,"turns":4},{"damage":0,"enemies":"2 Fungi Beasts","floor":13,"turns":3},{"damage":37,"enemies":"Slime Boss","floor":16,"turns":12}],"seed_played":"145205640337455802","potions_obtained":[{"floor":4,"key":"FearPotion"},{"floor":7,"key":"AttackPotion"},{"floor":11,"key":"Block Potion"},{"floor":13,"key":"Strength Potion"}],"is_trial":false,"path_per_floor":["M","M","$","M","$","R","M","R","T","M","M","E","M","$","R","B"],"character_chosen":"THE_SILENT","items_purchased":["Envenom","Cloak And Dagger","Dagger Spray"],"campfire_rested":2,"item_purchase_floors":[3,3,5],"current_hp_per_floor":[48,48,48,48,48,48,7,26,26,28,27,13,15,15,37,0],"gold":102,"neow_bonus":"HUNDRED_GOLD","is_prod":false,"is_daily":false,"chose_seed":false,"campfire_upgraded":1,"win_rate":0,"timestamp":1543250408,"path_taken":["M","M","?","?","$","R","M","R","T","M","M","E","M","?","R","BOSS"],"build_version":"2018-11-15","purchased_purges":0,"victory":false,"max_hp_per_floor":[66,66,66,66,66,66,66,66,66,68,70,72,74,74,74,74],"card_choices":[{"not_picked":["Blade Dance","Distraction"],"picked":"Cloak And Dagger","floor":1},{"not_picked":["Outmaneuver","Masterful Stab"],"picked":"Predator","floor":2},{"not_picked":["Acrobatics","Backflip","Expertise"],"picked":"SKIP","floor":4},{"not_picked":["Dodge and Roll","Blade Dance"],"picked":"Leg Sweep","floor":7},{"not_picked":["Cloak And Dagger","Sucker Punch","Backflip"],"picked":"Singing Bowl","floor":10},{"not_picked":["Tactician","Dagger Throw","Sucker Punch"],"picked":"Singing Bowl","floor":11},{"not_picked":["Doppelganger","Backflip","Crippling Poison"],"picked":"Singing Bowl","floor":12},{"not_picked":["Blade Dance","Poisoned Stab","Deflect"],"picked":"Singing Bowl","floor":13}],"player_experience":448263,"relics_obtained":[{"floor":9,"key":"Singing Bowl"},{"floor":12,"key":"Oddly Smooth Stone"}],"event_choices":[],"is_beta":false,"boss_relics":[],"items_purged_floors":[],"is_endless":false,"potions_floor_spawned":[4,7,11,13],"killed_by":"Slime Boss","ascension_level":20}