{"gold_per_floor":[117,131,131,147,160,188,188,188,188,188,188,208,239,116,116,212,212,225,325,325,339,351,385,400,462,488,508,528,528,556,567,567,666,666,681,701,801,828,845,845,864,892,972,986,986,1019,1033,1060,1060,1060],"floor_reached":51,"playtime":4527,"items_purged":["Defend_R"],"score":911,"play_id":"d0ecd9c0-d8ce-4ccd-a7d6-9f08031aaefe","local_time":"20190531034822","is_ascension_mode":false,"campfire_choices":[{"data":"Flex","floor":7,"key":"SMITH"},{"floor":10,"key":"REST"},{"data":"Flex","floor":15,"key":"SMITH"},{"floor":29,"key":"REST"},{"data":"Heavy Blade","floor":32,"key":"SMITH"},{"floor":40,"key":"REST"},{"floor":45,"key":"REST"},{"floor":49,"key":"REST"}],"neow_cost":"NONE","seed_source_timestamp":1128285890537919,"circlet_count":0,"master_deck":["Strike_R","Strike_R","Strike_R","Strike_R","Strike_R","Defend_R","Defend_R","Bash","Flex+1","Cleave","Heavy Blade+1","Thunderclap","Reckless Charge","Infernal Blade","Flex+1","Thunderclap","Feed","Armaments","Dual Wield","Flex+1","Pommel Strike+1","Pommel Strike+1","Thunderclap","Pommel Strike+1","Shrug It Off+1","Berserk","Twin Strike+1","Shockwave+1","Fire Breathing+1","Thunderclap+1","Thunderclap+1","Armaments+1"],"relics":["Runic Dome","Centennial Puzzle","FossilizedHelix","Kunai","Bottled Lightning","Velvet Choker","Thread and Needle","Ornamental Fan","Shuriken","Vajra","Tiny Chest","Red Skull","Mercury Hourglass","Fusion Hammer","Dead Branch","Ancient Tea Set","Question Card","Meat on the Bone","Letter Opener","PreservedInsect"],"potions_floor_usage":[4,4,5],"damage_taken":[{"damage":6,"enemies":"Jaw Worm","floor":1,"turns":2},{"damage":0,"enemies":"2 Louse","floor":2,"turns":3},{"damage":0,"enemies":"Small Slimes","floor":4,"turns":2},{"damage":2,"enemies":"Exordium Wildlife","floor":5,"turns":3},{"damage":16,"enemies":"Gremlin Nob","floor":6,"turns":3},{"damage":0,"enemies":"Blue Slaver","floor":12,"turns":2},{"damage":0,"enemies":"Lagavulin","floor":13,"turns":3},{"damage":41,"enemies":"The Guardian","floor":16,"turns":5},{"damage":0,"enemies":"2 Thieves","floor":18,"turns":2},{"damage":13,"enemies":"Colosseum Slavers","floor":19,"turns":2},{"damage":0,"enemies":"Colosseum Nobs","floor":19,"turns":4},{"damage":1,"enemies":"3 Byrds","floor":21,"turns":3},{"damage":0,"enemies":"Snecko","floor":22,"turns":3},{"damage":4,"enemies":"Book of Stabbing","floor":23,"turns":3},{"damage":0,"enemies":"Centurion and Healer","floor":24,"turns":4},{"damage":13,"enemies":"Slavers","floor":25,"turns":2},{"damage":0,"enemies":"Cultist and Chosen","floor":27,"turns":2},{"damage":0,"enemies":"Snecko","floor":28,"turns":3},{"damage":0,"enemies":"Book of Stabbing","floor":30,"turns":3},{"damage":7,"enemies":"Snake Plant","floor":31,"turns":2},{"damage":18,"enemies":"Automaton","floor":33,"turns":5},{"damage":9,"enemies":"3 Darklings","floor":35,"turns":2},{"damage":0,"enemies":"Orb Walker","floor":36,"turns":1},{"damage":13,"enemies":"Mind Bloom Boss Battle","floor":37,"turns":4},{"damage":0,"enemies":"Maw","floor":39,"turns":5},{"damage":0,"enemies":"Jaw Worm Horde","floor":41,"turns":2},{"damage":22,"enemies":"Giant Head","floor":42,"turns":6},{"damage":0,"enemies":"Sphere and 2 Shapes","floor":44,"turns":3},{"damage":0,"enemies":"Nemesis","floor":46,"turns":5},{"damage":0,"enemies":"Maw","floor":47,"turns":5},{"damage":14,"enemies":"Giant Head","floor":48,"turns":6},{"damage":54,"enemies":"Donu and Deca","floor":50,"turns":5}],"seed_played":"2767880951389204139","potions_obtained":[{"floor":2,"key":"EntropicBrew"},{"floor":4,"key":"Fire Potion"},{"floor":5,"key":"EssenceOfSteel"},{"floor":24,"key":"FearPotion"},{"floor":33,"key":"Strength Potion"},{"floor":37,"key":"Swift Potion"},{"floor":39,"key":"AttackPotion"}],"is_trial":false,"path_per_floor":["M","M","?","M","M","E","R","?","T","R","?","M","E","$","R","B",null,"M","?","T","M","M","E","M","E","T","M","M","R","E","M","R","B",null,"M","M","?","T","M","R","M","E","T","M","R","E","M","E","R","B",null],"character_chosen":"IRONCLAD","items_purchased":["Thunderclap"],"campfire_rested":5,"item_purchase_floors":[14],"current_hp_per_floor":[74,74,67,67,65,49,49,42,42,66,66,66,66,66,66,25,80,80,70,70,72,72,68,68,58,58,61,64,92,92,85,85,70,98,89,89,76,76,76,98,98,76,76,76,98,98,101,87,101,59],"gold":1060,"neow_bonus":"BOSS_RELIC","is_prod":false,"is_daily":false,"chose_seed":false,"campfire_upgraded":3,"win_rate":0.0,"timestamp":1559299702,"path_taken":["M","M","?","M","M","E","R","?","T","R","?","M","E","$","R","BOSS","M","?","?","M","M","E","M","E","T","M","M","R","E","M","R","BOSS","M","M","?","?","?","R","M","E","T","M","R","E","M","E","R","BOSS"],"build_version":"2019-01-23","purchased_purges":1,"victory":true,"max_hp_per_floor":[80,80,80,80,80,80,80,80,80,80,80,80,80,80,80,80,80,80,83,83,86,86,86,86,89,89,92,95,95,95,95,95,98,98,98,98,98,98,98,98,98,98,98,98,98,98,101,101,101,101],"card_choices":[{"not_picked":["Clash","Shockwave"],"picked":"Flex","floor":1},{"not_picked":["Corruption","Rupture"],"picked":"Cleave","floor":2},{"not_picked":["Disarm","Clash"],"picked":"Heavy Blade","floor":4},{"not_picked":["Searing Blow","Sword Boomerang"],"picked":"Thunderclap","floor":5},{"not_picked":["Berserk","Dual Wield"],"picked":"Reckless Charge","floor":6},{"not_picked":["Cleave","Flame Barrier"],"picked":"Infernal Blade","floor":12},{"not_picked":["Cleave","Rage"],"picked":"Flex","floor":13},{"not_picked":["Exhume","Reaper"],"picked":"Feed","floor":16},{"not_picked":["Battle Trance","Shrug It Off"],"picked":"Armaments","floor":18},{"not_picked":["Body Slam","Clash"],"picked":"Dual Wield","floor":19},{"not_picked":["Sword Boomerang","Thunderclap"],"picked":"Flex+1","floor":21},{"not_picked":["Thunderclap","Juggernaut"],"picked":"Pommel Strike+1","floor":22},{"not_picked":["Carnage","True Grit"],"picked":"Pommel Strike+1","floor":23},{"not_picked":["Havoc","Entrench+1"],"picked":"Thunderclap","floor":24},{"not_picked":["Rupture+1","Shrug It Off"],"picked":"Pommel Strike+1","floor":25},{"not_picked":["True Grit","Second Wind","Anger"],"picked":"SKIP","floor":27},{"not_picked":["Pommel Strike","Twin Strike"],"picked":"Shrug It Off+1","floor":28},{"not_picked":["Dark Embrace","Thunderclap","Entrench"],"picked":"SKIP","floor":30},{"not_picked":["Iron Wave","Flame Barrier","Burning Pact+1"],"picked":"SKIP","floor":31},{"not_picked":["Offering","Brutality"],"picked":"Berserk","floor":33},{"not_picked":["Anger+1","Warcry"],"picked":"Twin Strike+1","floor":35},{"not_picked":["Body Slam","Flame Barrier+1","Warcry"],"picked":"SKIP","floor":36},{"not_picked":["Perfected Strike","Sever Soul"],"picked":"Shockwave+1","floor":37},{"not_picked":["Headbutt+1","Warcry+1","Uppercut"],"picked":"SKIP","floor":39},{"not_picked":["Clothesline","Anger+1","Body Slam+1"],"picked":"SKIP","floor":41},{"not_picked":["Spot Weakness","Bloodletting+1"],"picked":"Fire Breathing+1","floor":42},{"not_picked":["Anger+1","Clash+1","Sword Boomerang+1"],"picked":"Thunderclap+1","floor":44},{"not_picked":["Blood for Blood","Body Slam+1","Clash"],"picked":"Thunderclap+1","floor":46},{"not_picked":["Barricade","Rupture+1","Pummel"],"picked":"Armaments+1","floor":47},{"not_picked":["Thunderclap","Clash","Sentinel","Blood for Blood"],"picked":"SKIP","floor":48}],"player_experience":42464,"relics_obtained":[{"floor":6,"key":"Centennial Puzzle"},{"floor":9,"key":"Kunai"},{"floor":13,"key":"Bottled Lightning"},{"floor":19,"key":"Thread and Needle"},{"floor":19,"key":"Ornamental Fan"},{"floor":20,"key":"Shuriken"},{"floor":23,"key":"Vajra"},{"floor":25,"key":"Tiny Chest"},{"floor":26,"key":"Red Skull"},{"floor":30,"key":"Mercury Hourglass"},{"floor":37,"key":"Dead Branch"},{"floor":38,"key":"Ancient Tea Set"},{"floor":42,"key":"Question Card"},{"floor":43,"key":"Meat on the Bone"},{"floor":46,"key":"Letter Opener"},{"floor":48,"key":"PreservedInsect"}],"event_choices":[{"cards_removed":["Defend_R"],"damage_healed":0,"gold_gain":0,"player_choice":"Card Removal","damage_taken":7,"max_hp_gain":0,"max_hp_loss":0,"event_name":"Golden Wing","floor":3,"gold_loss":0},{"damage_healed":0,"gold_gain":0,"player_choice":"Success","damage_taken":7,"relics_obtained":["FossilizedHelix"],"max_hp_gain":0,"max_hp_loss":0,"event_name":"Scrap Ooze","floor":8,"gold_loss":0},{"damage_healed":0,"gold_gain":0,"player_choice":"Leave","damage_taken":0,"max_hp_gain":0,"max_hp_loss":0,"event_name":"The Cleric","floor":11,"gold_loss":0},{"damage_healed":0,"gold_gain":0,"player_choice":"Fight","damage_taken":0,"max_hp_gain":0,"max_hp_loss":0,"event_name":"Colosseum","floor":19,"gold_loss":0},{"damage_healed":0,"gold_gain":0,"player_choice":"Fought Nobs","damage_taken":0,"max_hp_gain":0,"max_hp_loss":0,"event_name":"Colosseum","floor":19,"gold_loss":0},{"damage_healed":0,"gold_gain":0,"player_choice":"Fight","damage_taken":0,"max_hp_gain":0,"max_hp_loss":0,"event_name":"MindBloom","floor":37,"gold_loss":0}],"is_beta":false,"boss_relics":[{"not_picked":["Orrery","Astrolabe"],"picked":"Velvet Choker"},{"not_picked":["Coffee Dripper","Philosopher\u0027s Stone"],"picked":"Fusion Hammer"}],"items_purged_floors":[14],"is_endless":false,"potions_floor_spawned":[2,4,5,19,23,24,27,30,31,33,37,39,41,48],"ascension_level":0}