{"gold_per_floor":[116,133,133,148,148,148,160,160,160,173,173,173,148,178,178,277,277,287,287,18,34,45,45,63,63,132,132,151,167,199,199,199,199],"floor_reached":33,"playtime":3335,"items_purged":[],"score":319,"play_id":"e53c78ae-5666-4a8e-a876-44e890197582","local_time":"20190707002924","is_ascension_mode":false,"campfire_choices":[{"floor":6.0,"key":"REST"},{"floor":8.0,"key":"REST"},{"floor":12.0,"key":"REST"},{"floor":15.0,"key":"REST"},{"data":"Neutralize","floor":25,"key":"SMITH"},{"floor":32,"key":"REST"}],"neow_cost":"NONE","seed_source_timestamp":0,"circlet_count":0,"master_deck":["Strike_G+1","Strike_G+1","Strike_G+1","Defend_G+1","Defend_G+1","Defend_G+1","Defend_G+1","Defend_G+1","Survivor","Neutralize+1","Tools of the Trade","Underhanded Strike","Dash","Tactician+1","Noxious Fumes+1","Backflip","Endless Agony+1","Die Die Die+1","Dodge and Roll+1","Deadly Poison+1","Flying Knee+1","Ghostly","Ghostly","Ghostly","Ghostly","Ghostly","Dash+1","Poisoned Stab+1","Poisoned Stab+1","Noxious Fumes+1","Dodge and Roll+1","Noxious Fumes+1","Dodge and Roll","All Out Attack+1"],"special_seed":0,"relics":["Ring of the Snake","Frozen Egg 2","Sundial","Molten Egg 2","Astrolabe","Juzu Bracelet","Bottled Flame","Anchor"],"potions_floor_usage":[33,33],"damage_taken":[{"damage":1.0,"enemies":"Jaw Worm","floor":1.0,"turns":5.0},{"damage":0.0,"enemies":"Small Slimes","floor":2.0,"turns":4.0},{"damage":5.0,"enemies":"Cultist","floor":4.0,"turns":4.0},{"damage":18.0,"enemies":"Lots of Slimes","floor":7.0,"turns":7.0},{"damage":12.0,"enemies":"Large Slime","floor":10.0,"turns":6.0},{"damage":10.0,"enemies":"Exordium Thugs","floor":11.0,"turns":6.0},{"damage":12.0,"enemies":"Gremlin Nob","floor":14.0,"turns":5.0},{"damage":59.0,"enemies":"Hexaghost","floor":16.0,"turns":11.0},{"damage":20,"enemies":"3 Byrds","floor":18,"turns":6},{"damage":2,"enemies":"Spheric Guardian","floor":21,"turns":6},{"damage":2,"enemies":"Shelled Parasite and Fungi","floor":22,"turns":6},{"damage":3,"enemies":"Centurion and Healer","floor":24,"turns":3},{"damage":18,"enemies":"Sentry and Sphere","floor":28,"turns":7},{"damage":3,"enemies":"Snake Plant","floor":29,"turns":5},{"damage":0,"enemies":"Gremlin Leader","floor":30,"turns":6},{"damage":21,"enemies":"Collector","floor":33,"turns":7}],"seed_played":"8808129938781753866","potions_obtained":[{"floor":1.0,"key":"Fire Potion"},{"floor":2.0,"key":"LiquidBronze"},{"floor":14.0,"key":"LiquidBronze"},{"floor":29,"key":"SteroidPotion"}],"is_trial":false,"path_per_floor":["M","M","?","M","?","R","M","R","T","M","M","R","?","E","R","B",null,"M","?","$","M","M","?","M","R","T","?","M","M","E","?","R","B"],"character_chosen":"THE_SILENT","items_purchased":["Juzu Bracelet","Dash+1","Poisoned Stab+1"],"campfire_rested":5,"item_purchase_floors":[20,20,20],"current_hp_per_floor":[69,69,69,64,64,70,52,70,70,58,48,69,69,57,70,11,70,50,35,35,33,31,31,28,28,28,28,10,7,7,7,17,0],"gold":199,"neow_bonus":"ONE_RANDOM_RARE_CARD","is_prod":false,"is_daily":false,"chose_seed":false,"campfire_upgraded":1,"win_rate":0.0,"timestamp":1562477364,"path_taken":["M","M","?","M","?","R","?","R","T","M","?","R","?","E","R","BOSS","M","?","$","M","M","?","M","R","T","?","M","M","E","?","R","BOSS"],"build_version":"2019-07-05","purchased_purges":0,"victory":false,"max_hp_per_floor":[70,70,70,70,70,70,70,70,70,70,70,70,70,70,70,70,70,70,35,35,35,35,35,35,35,35,35,35,35,35,35,35,35],"card_choices":[{"not_picked":["Heel Hook","Dodge and Roll"],"picked":"Underhanded Strike","floor":1.0},{"not_picked":["Deadly Poison","Backflip"],"picked":"Dash","floor":2.0},{"not_picked":["Choke","Poisoned Stab"],"picked":"Tactician","floor":4.0},{"not_picked":["Backflip","Slice"],"picked":"Noxious Fumes+1","floor":7.0},{"not_picked":["Bane","Unload"],"picked":"Backflip","floor":10.0},{"not_picked":["Dagger Spray","Dodge and Roll","Blade Dance"],"picked":"SKIP","floor":11.0},{"not_picked":["Skewer","Leg Sweep"],"picked":"Endless Agony","floor":14.0},{"not_picked":["Bullet Time","A Thousand Cuts+1"],"picked":"Die Die Die+1","floor":16.0},{"not_picked":["Backflip+1","PiercingWail"],"picked":"Flying Knee+1","floor":18},{"not_picked":["Dagger Spray+1","Blade Dance+1"],"picked":"Poisoned Stab+1","floor":21},{"not_picked":["Quick Slash+1","Acrobatics"],"picked":"Noxious Fumes+1","floor":22},{"not_picked":["Prepared","Quick Slash+1"],"picked":"Dodge and Roll+1","floor":24},{"not_picked":["Sucker Punch+1","Night Terror"],"picked":"Noxious Fumes+1","floor":28},{"not_picked":["Quick Slash+1","Leg Sweep"],"picked":"Dodge and Roll","floor":29},{"not_picked":["Finisher+1","Distraction"],"picked":"All Out Attack+1","floor":30}],"player_experience":26893,"relics_obtained":[{"floor":9.0,"key":"Sundial"},{"floor":14.0,"key":"Molten Egg 2"},{"floor":26,"key":"Bottled Flame"},{"floor":30,"key":"Anchor"}],"event_choices":[{"damage_healed":0.0,"max_hp_gain":0.0,"max_hp_loss":0.0,"gold_gain":0.0,"event_name":"Big Fish","player_choice":"Box","floor":3.0,"gold_loss":0.0,"damage_taken":0.0,"relics_obtained":["Frozen Egg 2"],"cards_obtained":["Regret"]},{"damage_healed":0.0,"max_hp_gain":0.0,"max_hp_loss":0.0,"gold_gain":0.0,"event_name":"Upgrade Shrine","player_choice":"Upgraded","floor":5.0,"gold_loss":0.0,"damage_taken":0.0,"cards_upgraded":["Tactician"]},{"damage_healed":0.0,"max_hp_gain":0.0,"max_hp_loss":0.0,"gold_gain":0.0,"event_name":"World of Goop","player_choice":"Left Gold","floor":13.0,"gold_loss":25.0,"damage_taken":0.0},{"damage_healed":0,"gold_gain":0,"player_choice":"Became a Ghost","damage_taken":0,"max_hp_gain":0,"max_hp_loss":35,"event_name":"Ghosts","floor":19,"gold_loss":0,"cards_obtained":["Ghostly","Ghostly","Ghostly","Ghostly","Ghostly"]},{"damage_healed":0,"gold_gain":0,"player_choice":"Simplicity","damage_taken":0,"max_hp_gain":0,"max_hp_loss":0,"event_name":"Back to Basics","floor":27,"gold_loss":0,"cards_upgraded":["Strike_G","Strike_G","Strike_G","Defend_G","Defend_G","Defend_G","Defend_G","Defend_G"]},{"cards_removed":["Injury"],"damage_healed":0,"gold_gain":0,"player_choice":"Card Removal","damage_taken":0,"max_hp_gain":0,"max_hp_loss":0,"event_name":"Wheel of Change","floor":31,"gold_loss":0}],"is_beta":false,"boss_relics":[{"not_picked":["Lizard Tail","Calling Bell"],"picked":"Astrolabe"}],"items_purged_floors":[],"is_endless":false,"potions_floor_spawned":[1,2,14,22,28,29],"killed_by":"Collector","ascension_level":0}