{"gold_per_floor":[118,118,134,110,110,144,144,174,221,221,247,263,263,279,279,356,356,371,296,296,306,322,351,351,103,130,180,211,228,228,103,103,179,179,197,216,216,216,216,245,257,302,314,356,378,390,422,284,284,284,284,284,6,35,35],"floor_reached":56,"playtime":3130,"items_purged":["Anger+1","Strike_R","Strike_R","Writhe"],"score":2181,"play_id":"70ca4650-313b-40dd-acc2-2e103aa067d9","local_time":"20190622205350","is_ascension_mode":true,"campfire_choices":[{"data":"Anger","floor":7,"key":"SMITH"},{"data":"Uppercut","floor":13,"key":"SMITH"},{"data":"Twin Strike","floor":15,"key":"SMITH"},{"data":"Immolate","floor":24,"key":"SMITH"},{"data":"Reaper","floor":30,"key":"SMITH"},{"data":"Shrug It Off","floor":32,"key":"SMITH"},{"data":"Flame Barrier","floor":41,"key":"SMITH"},{"floor":49,"key":"RECALL"},{"data":"Bludgeon","floor":52,"key":"SMITH"}],"neow_cost":"NONE","seed_source_timestamp":425275345986933,"circlet_count":0,"master_deck":["AscendersBane","Strike_R+1","Strike_R+1","Defend_R","Defend_R","Defend_R","Defend_R","Bash+1","Twin Strike+1","Shrug It Off","Uppercut+1","Shrug It Off+1","Immolate+1","Reaper+1","Demon Form+1","Flame Barrier+1","Bludgeon+1","Heavy Blade+1"],"relics":["Burning Blood","NeowsBlessing","Oddly Smooth Stone","Sundial","Blood Vial","Whetstone","Champion Belt","Snecko Eye","Red Skull","Bag of Marbles","Bag of Preparation","Art of War","Cursed Key","MawBank","Ornamental Fan","FossilizedHelix","Pen Nib","Happy Flower"],"potions_floor_usage":[22,23,50,55,55],"damage_taken":[{"damage":0,"enemies":"Jaw Worm","floor":1,"turns":1},{"damage":0,"enemies":"2 Louse","floor":3,"turns":1},{"damage":0,"enemies":"3 Sentries","floor":6,"turns":2},{"damage":20,"enemies":"Lagavulin","floor":8,"turns":7},{"damage":10,"enemies":"Gremlin Nob","floor":11,"turns":4},{"damage":0,"enemies":"Small Slimes","floor":12,"turns":3},{"damage":14,"enemies":"Red Slaver","floor":14,"turns":3},{"damage":32,"enemies":"Hexaghost","floor":16,"turns":8},{"damage":6,"enemies":"3 Byrds","floor":18,"turns":4},{"damage":4,"enemies":"Spheric Guardian","floor":21,"turns":4},{"damage":8,"enemies":"Snake Plant","floor":22,"turns":3},{"damage":25,"enemies":"Book of Stabbing","floor":23,"turns":5},{"damage":3,"enemies":"Gremlin Leader","floor":28,"turns":4},{"damage":0,"enemies":"Sentry and Sphere","floor":29,"turns":2},{"damage":32,"enemies":"Collector","floor":33,"turns":8},{"damage":0,"enemies":"3 Darklings","floor":35,"turns":2},{"damage":0,"enemies":"Orb Walker","floor":36,"turns":1},{"damage":28,"enemies":"Giant Head","floor":40,"turns":7},{"damage":0,"enemies":"Reptomancer","floor":42,"turns":3},{"damage":35,"enemies":"Giant Head","floor":44,"turns":6},{"damage":0,"enemies":"Transient","floor":45,"turns":5},{"damage":0,"enemies":"4 Shapes","floor":47,"turns":1},{"damage":0,"enemies":"Time Eater","floor":50,"turns":6},{"damage":38,"enemies":"Shield and Spear","floor":54,"turns":4},{"damage":67,"enemies":"The Heart","floor":55,"turns":7}],"seed_played":"7390730096745267025","potions_obtained":[{"floor":8,"key":"Fire Potion"},{"floor":11,"key":"AttackPotion"},{"floor":18,"key":"SteroidPotion"},{"floor":35,"key":"Explosive Potion"},{"floor":45,"key":"Swift Potion"},{"floor":47,"key":"SteroidPotion"}],"is_trial":false,"path_per_floor":["M","?","M","$","?","E","R","E","T","?","E","M","R","M","R","B",null,"M","$","?","M","M","E","R","$","T","?","E","M","R","$","R","B",null,"M","M","?","$","?","E","R","E","T","E","M","$","M","$","R","B",null,"R","$","E","B",null],"character_chosen":"IRONCLAD","items_purchased":["Anger","Bag of Marbles","SpeedPotion","Ancient Potion","Pen Nib"],"campfire_rested":0,"item_purchase_floors":[4,25,53,53,53],"current_hp_per_floor":[74,74,75,75,57,63,63,49,49,42,40,48,48,42,42,18,61,63,63,63,67,67,50,50,50,50,50,55,63,63,63,63,48,68,75,75,75,75,75,53,53,73,73,65,75,75,75,75,75,75,75,75,75,67,75],"gold":35,"neow_bonus":"THREE_ENEMY_KILL","is_prod":false,"is_daily":false,"chose_seed":false,"campfire_upgraded":8,"win_rate":0,"timestamp":1561204430,"path_taken":["M","?","M","$","?","E","R","E","T","?","E","M","R","M","R","BOSS","M","$","?","M","?","E","R","$","T","?","E","M","R","?","R","BOSS","M","M","?","?","?","E","R","E","T","E","M","$","M","$","R","BOSS","R","$","E","BOSS"],"build_version":"2019-01-23","purchased_purges":4,"victory":true,"max_hp_per_floor":[75,75,75,75,75,75,75,75,75,75,75,75,75,75,75,75,75,75,75,75,75,75,75,75,75,75,75,75,75,75,75,75,75,75,75,75,75,75,75,75,75,75,75,75,75,75,75,75,75,75,75,75,75,75,75],"card_choices":[{"not_picked":["Armaments","True Grit"],"picked":"Twin Strike","floor":1},{"not_picked":["Power Through","Shockwave"],"picked":"Shrug It Off","floor":3},{"not_picked":["Dual Wield","Hemokinesis"],"picked":"Uppercut","floor":6},{"not_picked":["Feel No Pain","Rage","Wild Strike"],"picked":"SKIP","floor":8},{"not_picked":["Body Slam","Cleave"],"picked":"Shrug It Off","floor":11},{"not_picked":["Fire Breathing","Headbutt","Sentinel"],"picked":"SKIP","floor":12},{"not_picked":["Double Tap","Wild Strike","Heavy Blade"],"picked":"SKIP","floor":14},{"not_picked":["Offering","Dark Embrace"],"picked":"Immolate","floor":16},{"not_picked":["Intimidate","Headbutt","Ghostly Armor"],"picked":"SKIP","floor":18},{"not_picked":["Disarm","Feel No Pain","Wild Strike"],"picked":"SKIP","floor":21},{"not_picked":["Twin Strike","Flex+1","Wild Strike+1"],"picked":"SKIP","floor":22},{"not_picked":["Sentinel","Perfected Strike","Havoc"],"picked":"SKIP","floor":23},{"not_picked":["Havoc","Warcry","Sever Soul"],"picked":"SKIP","floor":28},{"not_picked":["Perfected Strike","Combust"],"picked":"Reaper","floor":29},{"not_picked":["Reaper","Bludgeon"],"picked":"Demon Form","floor":33},{"not_picked":["Headbutt","Power Through","Dropkick"],"picked":"SKIP","floor":35},{"not_picked":["Clash","Shrug It Off","Anger"],"picked":"SKIP","floor":36},{"not_picked":["Armaments","Perfected Strike+1"],"picked":"Heavy Blade+1","floor":40},{"not_picked":["Brutality","Headbutt","Body Slam"],"picked":"SKIP","floor":42},{"not_picked":["Dropkick","Cleave","Heavy Blade"],"picked":"SKIP","floor":44},{"not_picked":["Sword Boomerang","Headbutt","Hemokinesis+1"],"picked":"SKIP","floor":45},{"not_picked":["Intimidate","Flame Barrier","Havoc"],"picked":"SKIP","floor":47},{"not_picked":["Hemokinesis+1","Headbutt","Feed"],"picked":"SKIP","floor":54}],"player_experience":532009,"relics_obtained":[{"floor":6,"key":"Sundial"},{"floor":8,"key":"Blood Vial"},{"floor":9,"key":"Whetstone"},{"floor":11,"key":"Champion Belt"},{"floor":23,"key":"Red Skull"},{"floor":26,"key":"Bag of Preparation"},{"floor":28,"key":"Art of War"},{"floor":40,"key":"MawBank"},{"floor":42,"key":"Ornamental Fan"},{"floor":44,"key":"FossilizedHelix"},{"floor":54,"key":"Happy Flower"}],"event_choices":[{"damage_healed":0,"gold_gain":0,"player_choice":"Grow","damage_taken":0,"max_hp_gain":0,"max_hp_loss":0,"event_name":"Living Wall","floor":2,"gold_loss":0,"cards_upgraded":["Bash"]},{"damage_healed":0,"gold_gain":0,"player_choice":"Success","damage_taken":18,"relics_obtained":["Oddly Smooth Stone"],"max_hp_gain":0,"max_hp_loss":0,"event_name":"Scrap Ooze","floor":5,"gold_loss":0},{"cards_removed":["Strike_R"],"damage_healed":0,"gold_gain":0,"player_choice":"Card Removal","damage_taken":7,"max_hp_gain":0,"max_hp_loss":0,"event_name":"Golden Wing","floor":10,"gold_loss":0},{"damage_healed":0,"gold_gain":0,"player_choice":"0 cards matched","damage_taken":0,"max_hp_gain":0,"max_hp_loss":0,"event_name":"Match and Keep!","floor":20,"gold_loss":0,"cards_obtained":[]},{"damage_healed":0,"gold_gain":50,"player_choice":"Pray","damage_taken":0,"max_hp_gain":0,"max_hp_loss":0,"event_name":"Golden Shrine","floor":27,"gold_loss":0},{"damage_healed":0,"gold_gain":0,"player_choice":"Forge","damage_taken":0,"max_hp_gain":0,"max_hp_loss":0,"event_name":"Accursed Blacksmith","floor":37,"gold_loss":0,"cards_upgraded":["Demon Form"]},{"damage_healed":0,"gold_gain":0,"player_choice":"2 cards matched","damage_taken":0,"max_hp_gain":0,"max_hp_loss":0,"event_name":"Match and Keep!","floor":39,"gold_loss":0,"cards_obtained":["Flame Barrier","Bludgeon"]}],"is_beta":false,"boss_relics":[{"not_picked":["Lizard Tail","Orrery"],"picked":"Snecko Eye"},{"not_picked":["White Beast Statue","Runic Dome"],"picked":"Cursed Key"}],"items_purged_floors":[19,25,31,48],"is_endless":false,"potions_floor_spawned":[8,11,14,18,21,35,45,47,54],"ascension_level":15}