{"gold_per_floor":[115,133,80,92,106,140,140,169,169,169,187,243,256,256,256,256],"floor_reached":16,"playtime":1019,"items_purged":[],"score":196,"play_id":"760a0859-6739-40bc-aa03-d999bc2f2c9c","local_time":"20190216105907","is_ascension_mode":true,"campfire_choices":[{"floor":7,"key":"REST"},{"floor":10,"key":"REST"},{"data":"Iron Wave","floor":15,"key":"SMITH"}],"neow_cost":"NONE","seed_source_timestamp":103858422437812,"circlet_count":0,"master_deck":["AscendersBane","Strike_R","Strike_R","Strike_R","Strike_R","Strike_R","Defend_R+1","Defend_R+1","Defend_R","Defend_R","Bash+1","Iron Wave+1","Shrug It Off","Shrug It Off","Shrug It Off","Headbutt"],"relics":["Burning Blood","Sundial","Pantograph","Blue Candle"],"potions_floor_usage":[6,12,12],"damage_taken":[{"damage":0,"enemies":"Small Slimes","floor":1,"turns":3},{"damage":5,"enemies":"2 Louse","floor":2,"turns":3},{"damage":0,"enemies":"Cultist","floor":4,"turns":3},{"damage":43,"enemies":"Large Slime","floor":5,"turns":9},{"damage":21,"enemies":"Gremlin Nob","floor":6,"turns":5},{"damage":25,"enemies":"3 Sentries","floor":8,"turns":14},{"damage":17,"enemies":"Gremlin Gang","floor":11,"turns":9},{"damage":18,"enemies":"Gremlin Nob","floor":12,"turns":4},{"damage":3,"enemies":"Blue Slaver","floor":13,"turns":5},{"damage":31,"enemies":"The Guardian","floor":16,"turns":8}],"seed_played":"3276609589011260132","potions_obtained":[{"floor":2,"key":"Ancient Potion"},{"floor":5,"key":"SneckoOil"},{"floor":6,"key":"EssenceOfSteel"},{"floor":11,"key":"Poison Potion"},{"floor":13,"key":"SteroidPotion"}],"is_trial":false,"path_per_floor":["M","M","$","M","M","E","R","E","T","R","M","?","M","?","R","B"],"character_chosen":"IRONCLAD","items_purchased":["Shrug It Off"],"campfire_rested":2,"item_purchase_floors":[3],"current_hp_per_floor":[74,75,75,75,38,23,45,26,26,48,37,25,28,5,5,0],"gold":256,"neow_bonus":"UPGRADE_CARD","is_prod":false,"is_daily":false,"chose_seed":false,"campfire_upgraded":1,"win_rate":0,"timestamp":1550282347,"path_taken":["M","M","$","M","M","E","R","E","T","R","M","?","M","?","R","BOSS"],"build_version":"2019-01-23","purchased_purges":0,"victory":false,"max_hp_per_floor":[75,75,75,75,75,75,75,75,75,75,75,75,75,75,75,75],"card_choices":[{"not_picked":["Heavy Blade","Thunderclap"],"picked":"Iron Wave","floor":1},{"not_picked":["Cleave","Havoc"],"picked":"Shrug It Off","floor":2},{"not_picked":["Rampage","Heavy Blade","Pummel"],"picked":"SKIP","floor":4},{"not_picked":["Power Through","Armaments","Perfected Strike"],"picked":"SKIP","floor":5},{"not_picked":["Twin Strike","Seeing Red"],"picked":"Shrug It Off","floor":6},{"not_picked":["Anger","Pummel","Bloodletting"],"picked":"SKIP","floor":8},{"not_picked":["Warcry","Heavy Blade","Metallicize"],"picked":"SKIP","floor":11},{"not_picked":["Anger","Power Through"],"picked":"Headbutt","floor":12},{"not_picked":["Double Tap","Anger","Clash"],"picked":"SKIP","floor":13}],"player_experience":493832,"relics_obtained":[{"floor":6,"key":"Sundial"},{"floor":8,"key":"Pantograph"},{"floor":12,"key":"Blue Candle"}],"event_choices":[{"damage_healed":0,"gold_gain":30,"player_choice":"Searched \u00272\u0027 times","damage_taken":0,"max_hp_gain":0,"max_hp_loss":0,"event_name":"Dead Adventurer","floor":12,"gold_loss":0},{"damage_healed":0,"gold_gain":0,"player_choice":"Entered Light","damage_taken":23,"max_hp_gain":0,"max_hp_loss":0,"event_name":"Shining Light","floor":14,"gold_loss":0,"cards_upgraded":["Defend_R","Defend_R"]}],"is_beta":false,"boss_relics":[],"items_purged_floors":[],"is_endless":false,"potions_floor_spawned":[2,5,6,11,13],"killed_by":"The Guardian","ascension_level":15}