{"gold_per_floor":[109,128,54,70,85,85,118,118,118,129,164,164,164,179,179,276,276,276,276,276,40,40,40,40],"floor_reached":24,"playtime":1931,"items_purged":[],"score":218,"play_id":"97e050c4-a069-4c89-88b5-4010cb1ec880","local_time":"20190711035901","is_ascension_mode":true,"campfire_choices":[{"data":"Choke","floor":6,"key":"SMITH"},{"floor":8,"key":"REST"},{"data":"Cloak And Dagger","floor":13,"key":"SMITH"},{"floor":15,"key":"REST"},{"floor":23,"key":"REST"}],"neow_cost":"TEN_PERCENT_HP_LOSS","seed_source_timestamp":0,"circlet_count":0,"master_deck":["Strike_G","Strike_G","Strike_G","Strike_G","Strike_G","Defend_G","Defend_G","Defend_G","Defend_G","Defend_G","Survivor","Neutralize","Poisoned Stab","Bane","Choke","Choke+1","Backflip","Prepared","Cloak And Dagger+1","Infinite Blades","Envenom","Prepared","Dodge and Roll+1","Prepared","Bullet Time","Envenom"],"special_seed":0,"relics":["Ring of the Snake","Pocketwatch","Anchor","Question Card","Bird Faced Urn","Ectoplasm","Red Mask"],"potions_floor_usage":[11,11,16,19,19,19],"damage_taken":[{"damage":1.0,"enemies":"Cultist","floor":1.0,"turns":3.0},{"damage":0.0,"enemies":"2 Louse","floor":2.0,"turns":3.0},{"damage":2,"enemies":"Small Slimes","floor":4,"turns":3},{"damage":7,"enemies":"Looter","floor":5,"turns":3},{"damage":18,"enemies":"Lagavulin","floor":7,"turns":5},{"damage":9,"enemies":"Exordium Thugs","floor":10,"turns":5},{"damage":10,"enemies":"3 Sentries","floor":11,"turns":7},{"damage":0,"enemies":"Red Slaver","floor":14,"turns":2},{"damage":24,"enemies":"Slime Boss","floor":16,"turns":11},{"damage":5,"enemies":"Shell Parasite","floor":18,"turns":3},{"damage":43,"enemies":"Masked Bandits","floor":19,"turns":5},{"damage":0,"enemies":"3 Byrds","floor":20,"turns":5},{"damage":11,"enemies":"Shelled Parasite and Fungi","floor":22,"turns":5},{"damage":43,"enemies":"Book of Stabbing","floor":24,"turns":5}],"seed_played":"-6981936366022818050","potions_obtained":[{"floor":4,"key":"Block Potion"},{"floor":5,"key":"Poison Potion"},{"floor":10,"key":"Strength Potion"},{"floor":11,"key":"Swift Potion"},{"floor":14,"key":"AttackPotion"},{"floor":18,"key":"SkillPotion"}],"is_trial":false,"path_per_floor":["M","M","$","M","M","R","E","R","T","M","E","?","R","M","R","B",null,"M","?","M","$","M","R","E"],"character_chosen":"THE_SILENT","items_purchased":["Poisoned Stab","Bane","Bullet Time","Envenom"],"campfire_rested":3,"item_purchase_floors":[3,3,21,21],"current_hp_per_floor":[62,62,62,60,53,53,35,53,53,44,34,34,34,34,52,30,63,58,19,23,23,18,36,0],"gold":40,"neow_bonus":"ONE_RARE_RELIC","is_prod":false,"is_daily":false,"chose_seed":false,"campfire_upgraded":2,"win_rate":0,"timestamp":1562835541,"path_taken":["M","M","$","M","M","R","E","R","T","M","E","?","R","M","R","BOSS","M","?","M","$","M","R","E"],"build_version":"2019-07-05","purchased_purges":0,"victory":false,"max_hp_per_floor":[63,63,63,63,63,63,63,63,63,63,63,63,63,63,63,63,63,63,63,63,63,63,63,63],"card_choices":[{"not_picked":["Acrobatics","Deflect","Quick Slash"],"picked":"SKIP","floor":1.0},{"not_picked":["Prepared","PiercingWail","Calculated Gamble"],"picked":"SKIP","floor":2.0},{"not_picked":["Unload","Outmaneuver"],"picked":"Choke","floor":4},{"not_picked":["Skewer","Acrobatics"],"picked":"Choke","floor":5},{"not_picked":["All Out Attack","Dodge and Roll"],"picked":"Backflip","floor":7},{"not_picked":["Underhanded Strike","Sucker Punch","Deadly Poison"],"picked":"Prepared","floor":10},{"not_picked":["Deflect","Calculated Gamble","Dagger Spray"],"picked":"Cloak And Dagger","floor":11},{"not_picked":["Deflect","Eviscerate","Poisoned Stab"],"picked":"Infinite Blades","floor":14},{"not_picked":["Malaise","Night Terror","Tools of the Trade"],"picked":"Envenom","floor":16},{"not_picked":["PiercingWail+1","Terror+1","Flechettes"],"picked":"Prepared","floor":18},{"not_picked":["Slice","Underhanded Strike","Flechettes"],"picked":"Dodge and Roll+1","floor":19},{"not_picked":["PiercingWail+1","Slice","Deadly Poison"],"picked":"Prepared","floor":20},{"not_picked":["Dagger Throw","Distraction","Riddle With Holes","Caltrops+1"],"picked":"SKIP","floor":22}],"player_experience":86132,"relics_obtained":[{"floor":7,"key":"Anchor"},{"floor":9,"key":"Question Card"},{"floor":11,"key":"Bird Faced Urn"},{"floor":19,"key":"Red Mask"}],"event_choices":[{"damage_healed":0,"gold_gain":0,"player_choice":"Ignored","damage_taken":0,"max_hp_gain":0,"max_hp_loss":0,"event_name":"Liars Game","floor":12,"gold_loss":0},{"damage_healed":0,"gold_gain":0,"player_choice":"Fought Bandits","damage_taken":0,"max_hp_gain":0,"max_hp_loss":0,"event_name":"Masked Bandits","floor":19,"gold_loss":0}],"is_beta":false,"boss_relics":[{"not_picked":["Empty Cage","Cursed Key"],"picked":"Ectoplasm"}],"items_purged_floors":[],"is_endless":false,"potions_floor_spawned":[4,5,10,11,14,18],"killed_by":"Book of Stabbing","ascension_level":1}