{"gold_per_floor":[114,125,136,148,160,186,186,215,215,215,241,241,261,294,294,294],"floor_reached":16,"playtime":884,"items_purged":[],"score":264,"play_id":"62630f19-1b6d-400f-a0a8-dfaade6a349f","local_time":"20190623103745","is_ascension_mode":true,"campfire_choices":[{"data":"Carnage","floor":7,"key":"SMITH"},{"floor":10,"key":"REST"},{"data":"Juggernaut","floor":12,"key":"SMITH"},{"floor":15,"key":"DIG"}],"neow_cost":"TEN_PERCENT_HP_LOSS","seed_source_timestamp":476984827627636,"circlet_count":0,"master_deck":["AscendersBane","Strike_R","Strike_R","Strike_R+1","Strike_R","Defend_R","Defend_R","Defend_R","Bash+1","Carnage+1","Armaments","Shrug It Off","Juggernaut+1","Shrug It Off","Rampage"],"relics":["Burning Blood","Strawberry","Shovel","Juzu Bracelet","Orichalcum","Meat on the Bone","Whetstone"],"potions_floor_usage":[6,8,11,14],"damage_taken":[{"damage":4,"enemies":"Small Slimes","floor":1,"turns":4},{"damage":1,"enemies":"Cultist","floor":2,"turns":3},{"damage":2,"enemies":"2 Louse","floor":3,"turns":2},{"damage":4,"enemies":"Large Slime","floor":4,"turns":5},{"damage":7,"enemies":"2 Fungi Beasts","floor":5,"turns":3},{"damage":24,"enemies":"Lagavulin","floor":6,"turns":7},{"damage":56,"enemies":"Gremlin Nob","floor":8,"turns":5},{"damage":16,"enemies":"Lagavulin","floor":11,"turns":8},{"damage":0,"enemies":"Blue Slaver","floor":13,"turns":4},{"damage":16,"enemies":"3 Sentries","floor":14,"turns":7},{"damage":35,"enemies":"Slime Boss","floor":16,"turns":6}],"seed_played":"-8434869323460305424","potions_obtained":[{"floor":1,"key":"AttackPotion"},{"floor":2,"key":"BloodPotion"},{"floor":6,"key":"Dexterity Potion"},{"floor":13,"key":"Fire Potion"}],"is_trial":false,"path_per_floor":["M","M","M","M","M","E","R","E","T","R","E","R","M","E","R","B"],"character_chosen":"IRONCLAD","items_purchased":[],"campfire_rested":1,"item_purchase_floors":[],"current_hp_per_floor":[68,68,68,68,67,56,56,13,13,35,25,25,31,21,21,0],"gold":294,"neow_bonus":"REMOVE_TWO","is_prod":false,"is_daily":false,"chose_seed":false,"campfire_upgraded":2,"win_rate":0,"timestamp":1561253865,"path_taken":["M","M","M","M","M","E","R","E","T","R","E","R","M","E","R","BOSS"],"build_version":"2019-01-23","purchased_purges":0,"victory":false,"max_hp_per_floor":[68,68,68,68,68,75,75,75,75,75,75,75,75,75,75,75],"card_choices":[{"not_picked":["Seeing Red","Iron Wave"],"picked":"Carnage","floor":1},{"not_picked":["Feel No Pain","Rage","Iron Wave"],"picked":"SKIP","floor":2},{"not_picked":["Thunderclap","Heavy Blade"],"picked":"Armaments","floor":3},{"not_picked":["Wild Strike","Power Through","Clash"],"picked":"SKIP","floor":4},{"not_picked":["Corruption","Iron Wave"],"picked":"Shrug It Off","floor":5},{"not_picked":["Twin Strike","Havoc"],"picked":"Juggernaut","floor":6},{"not_picked":["Berserk","Twin Strike","Armaments"],"picked":"SKIP","floor":8},{"not_picked":["Armaments","Shockwave"],"picked":"Shrug It Off","floor":11},{"not_picked":["Corruption","Havoc","Whirlwind"],"picked":"SKIP","floor":13},{"not_picked":["Whirlwind","Bloodletting"],"picked":"Rampage","floor":14}],"player_experience":539039,"relics_obtained":[{"floor":6,"key":"Strawberry"},{"floor":8,"key":"Shovel"},{"floor":9,"key":"Juzu Bracelet"},{"floor":11,"key":"Orichalcum"},{"floor":14,"key":"Meat on the Bone"},{"floor":15,"key":"Whetstone"}],"event_choices":[],"is_beta":false,"boss_relics":[],"items_purged_floors":[],"is_endless":false,"potions_floor_spawned":[1,2,6,13],"killed_by":"Slime Boss","ascension_level":20}