{"gold_per_floor":[117,43,43,55,71,99,114,114,168,188,203,234,234,251,251,348,348,362,382,67,67,67,67,102,102,126,126,141,141,141,141,141,141],"floor_reached":33,"playtime":3833,"items_purged":[],"score":327,"play_id":"8fc5cb0e-00ef-4a15-8819-b2bc52e4052f","local_time":"20190706033610","is_ascension_mode":false,"campfire_choices":[{"data":"Doppelganger","floor":8,"key":"SMITH"},{"floor":13,"key":"REST"},{"floor":15,"key":"REST"},{"data":"Doppelganger","floor":23,"key":"SMITH"},{"data":"Infinite Blades","floor":25,"key":"SMITH"},{"data":"Finisher","floor":27,"key":"SMITH"},{"floor":29,"key":"REST"},{"data":"Finisher","floor":32,"key":"SMITH"}],"neow_cost":"NONE","seed_source_timestamp":564686249995373,"circlet_count":0,"master_deck":["Strike_G","Strike_G","Strike_G","Strike_G","Defend_G","Defend_G","Defend_G","Defend_G","Defend_G","Survivor","Neutralize","Infinite Blades+1","Underhanded Strike","Doppelganger+1","Dagger Throw","Finisher+1","Dagger Throw","Doppelganger+1","Backstab+1","Skewer+1","Poisoned Stab+1","Blade Dance+1","Underhanded Strike","Poisoned Stab","Unload","Escape Plan","Well Laid Plans","Choke","Ghostly","Ghostly","Ghostly","Ghostly","Ghostly","Infinite Blades+1","Poisoned Stab","Finisher+1"],"relics":["Ring of the Snake","Pantograph","Pen Nib","Bag of Preparation","Astrolabe","Regal Pillow","Anchor"],"potions_floor_usage":[],"damage_taken":[{"damage":5,"enemies":"2 Louse","floor":1,"turns":3},{"damage":0,"enemies":"Cultist","floor":4,"turns":3},{"damage":0,"enemies":"Small Slimes","floor":5,"turns":4},{"damage":12,"enemies":"Lagavulin","floor":6,"turns":13},{"damage":2,"enemies":"Blue Slaver","floor":7,"turns":5},{"damage":19,"enemies":"Lots of Slimes","floor":10,"turns":4},{"damage":1,"enemies":"Large Slime","floor":11,"turns":5},{"damage":27,"enemies":"Gremlin Nob","floor":12,"turns":5},{"damage":4,"enemies":"3 Louse","floor":14,"turns":5},{"damage":25,"enemies":"Slime Boss","floor":16,"turns":9},{"damage":0,"enemies":"Spheric Guardian","floor":18,"turns":1},{"damage":24,"enemies":"2 Thieves","floor":19,"turns":4},{"damage":14,"enemies":"Centurion and Healer","floor":21,"turns":5},{"damage":6,"enemies":"Gremlin Leader","floor":24,"turns":5},{"damage":10,"enemies":"Chosen and Byrds","floor":28,"turns":6},{"damage":38,"enemies":"Collector","floor":33,"turns":7}],"seed_played":"1647067241905726632","potions_obtained":[{"floor":6,"key":"Strength Potion"},{"floor":11,"key":"Swift Potion"},{"floor":14,"key":"Regen Potion"},{"floor":24,"key":"Regen Potion"}],"is_trial":false,"path_per_floor":["M","$","?","M","M","E","M","R","T","M","M","E","R","M","R","B",null,"M","M","$","M","?","R","E","R","T","R","M","R","?","$","R","B"],"character_chosen":"THE_SILENT","items_purchased":["Infinite Blades","Poisoned Stab","Unload","Escape Plan","Well Laid Plans"],"campfire_rested":3,"item_purchase_floors":[2,20,20,20,20],"current_hp_per_floor":[72,72,72,72,72,60,58,58,58,39,38,11,34,30,53,52,77,77,53,53,39,38,38,32,32,32,32,22,38,38,38,38,0],"gold":141,"neow_bonus":"TEN_PERCENT_HP_BONUS","is_prod":false,"is_daily":false,"chose_seed":false,"campfire_upgraded":5,"win_rate":0.0,"timestamp":1562402170,"path_taken":["M","$","?","M","M","E","M","R","T","M","M","E","R","?","R","BOSS","M","M","$","M","?","R","E","R","T","R","M","R","?","$","R","BOSS"],"build_version":"2019-07-05","purchased_purges":0,"victory":false,"max_hp_per_floor":[77,77,77,77,77,77,77,77,77,77,77,77,77,77,77,77,77,77,77,77,77,38,38,38,38,38,38,38,38,38,38,38,38],"card_choices":[{"not_picked":["Dagger Throw","All Out Attack"],"picked":"Backflip","floor":1},{"not_picked":["Reflex","Blade Dance","Slice"],"picked":"SKIP","floor":4},{"not_picked":["Dagger Spray","Outmaneuver"],"picked":"Footwork","floor":5},{"not_picked":["Backflip","Blur"],"picked":"Underhanded Strike","floor":6},{"not_picked":["Sucker Punch","Well Laid Plans"],"picked":"Doppelganger","floor":7},{"not_picked":["Underhanded Strike","Deadly Poison","Bouncing Flask"],"picked":"SKIP","floor":10},{"not_picked":["Underhanded Strike","Backflip"],"picked":"Dagger Throw","floor":11},{"not_picked":["Quick Slash","Prepared"],"picked":"Finisher","floor":12},{"not_picked":["Deadly Poison","Blur"],"picked":"Dagger Throw","floor":14},{"not_picked":["Die Die Die","Adrenaline"],"picked":"Doppelganger","floor":16},{"not_picked":["Tactician","Sucker Punch"],"picked":"Blade Dance+1","floor":18},{"not_picked":["Well Laid Plans","Eviscerate"],"picked":"Underhanded Strike","floor":19},{"not_picked":["Deadly Poison+1","Backflip+1"],"picked":"Choke","floor":21},{"not_picked":["Dagger Throw","Prepared"],"picked":"Infinite Blades","floor":24},{"not_picked":["Sucker Punch","Dodge and Roll"],"picked":"Poisoned Stab","floor":28}],"player_experience":8431,"relics_obtained":[{"floor":6,"key":"Pantograph"},{"floor":9,"key":"Pen Nib"},{"floor":12,"key":"Bag of Preparation"},{"floor":24,"key":"Regal Pillow"},{"floor":26,"key":"Anchor"}],"event_choices":[{"damage_healed":0,"gold_gain":0,"player_choice":"Forge","damage_taken":0,"max_hp_gain":0,"max_hp_loss":0,"event_name":"Accursed Blacksmith","floor":3,"gold_loss":0,"cards_upgraded":["Infinite Blades"]},{"damage_healed":0,"gold_gain":0,"player_choice":"Became a Ghost","damage_taken":0,"max_hp_gain":0,"max_hp_loss":39,"event_name":"Ghosts","floor":22,"gold_loss":0,"cards_obtained":["Ghostly","Ghostly","Ghostly","Ghostly","Ghostly"]},{"damage_healed":0,"gold_gain":0,"player_choice":"Read","damage_taken":0,"max_hp_gain":0,"max_hp_loss":0,"event_name":"The Library","floor":30,"gold_loss":0,"cards_obtained":["Finisher"]}],"is_beta":false,"boss_relics":[{"not_picked":["Eternal Feather","Snecko Eye"],"picked":"Astrolabe"}],"items_purged_floors":[],"is_endless":false,"potions_floor_spawned":[6,11,14,16,21,24],"killed_by":"Collector","ascension_level":0}