{"gold_per_floor":[115,134,59,59,59,86,86,103,153,166,166,192,192,142,142,142],"floor_reached":16,"playtime":935,"items_purged":["Strike_G"],"score":146,"play_id":"d473d064-4f62-43f1-8892-9584ec337987","local_time":"20190703020517","is_ascension_mode":true,"campfire_choices":[{"floor":7,"key":"RECALL"},{"data":"Neutralize","floor":11,"key":"SMITH"},{"data":"Deflect","floor":13,"key":"SMITH"},{"data":"Prepared","floor":15,"key":"SMITH"}],"neow_cost":"NONE","seed_source_timestamp":283246832372081,"circlet_count":0,"master_deck":["Strike_G","Strike_G","Strike_G","Defend_G","Defend_G","Defend_G","Defend_G","Survivor","Neutralize+1","Deflect+1","Dagger Throw","Flying Knee","Endless Agony","Quick Slash","Prepared+1"],"relics":["Ring of the Snake","NeowsBlessing","Orichalcum","Bottled Lightning"],"potions_floor_usage":[16,16],"damage_taken":[{"damage":0,"enemies":"Jaw Worm","floor":1,"turns":1},{"damage":0,"enemies":"2 Louse","floor":2,"turns":1},{"damage":0,"enemies":"Lagavulin","floor":6,"turns":1},{"damage":0,"enemies":"Cultist","floor":8,"turns":4},{"damage":3,"enemies":"3 Louse","floor":10,"turns":3},{"damage":7,"enemies":"3 Sentries","floor":12,"turns":8},{"damage":53,"enemies":"Slime Boss","floor":16,"turns":11}],"seed_played":"-4295191993683340098","potions_obtained":[{"floor":1,"key":"Regen Potion"},{"floor":5,"key":"GhostInAJar"},{"floor":5,"key":"AttackPotion"}],"is_trial":false,"path_per_floor":["M","M","$","?","?","E","R","M","T","M","R","E","R","?","R","B"],"character_chosen":"THE_SILENT","items_purchased":[],"campfire_rested":0,"item_purchase_floors":[],"current_hp_per_floor":[70,70,70,63,63,63,63,63,63,60,60,53,53,53,53,0],"gold":142,"neow_bonus":"THREE_ENEMY_KILL","is_prod":false,"is_daily":false,"chose_seed":false,"campfire_upgraded":3,"win_rate":0,"timestamp":1562144717,"path_taken":["M","M","$","?","?","E","R","M","T","?","R","E","R","?","R","BOSS"],"build_version":"2019-07-01","purchased_purges":1,"victory":false,"max_hp_per_floor":[70,70,70,70,70,70,70,70,70,70,70,70,70,70,70,70],"card_choices":[{"not_picked":["Reflex","Noxious Fumes"],"picked":"Deflect","floor":1},{"not_picked":["Bane","Masterful Stab"],"picked":"Dagger Throw","floor":2},{"not_picked":["Acrobatics","Burst"],"picked":"Flying Knee","floor":6},{"not_picked":["Distraction","Prepared"],"picked":"Endless Agony","floor":8},{"not_picked":["Masterful Stab","Heel Hook"],"picked":"Quick Slash","floor":10},{"not_picked":["Flechettes","Sucker Punch"],"picked":"Prepared","floor":12}],"player_experience":148613,"relics_obtained":[{"floor":6,"key":"Orichalcum"},{"floor":12,"key":"Bottled Lightning"}],"event_choices":[{"cards_removed":["Defend_G"],"damage_healed":0,"gold_gain":0,"player_choice":"Card Removal","damage_taken":7,"max_hp_gain":0,"max_hp_loss":0,"event_name":"Golden Wing","floor":4,"gold_loss":0},{"damage_healed":0,"gold_gain":0,"player_choice":"Got Potions","damage_taken":0,"max_hp_gain":0,"max_hp_loss":0,"event_name":"Lab","floor":5,"gold_loss":0},{"cards_removed":["Strike_G"],"damage_healed":0,"gold_gain":0,"player_choice":"Card Removal","damage_taken":0,"max_hp_gain":0,"max_hp_loss":0,"event_name":"The Cleric","floor":14,"gold_loss":50}],"is_beta":false,"boss_relics":[],"items_purged_floors":[3],"is_endless":false,"potions_floor_spawned":[1],"killed_by":"Slime Boss","ascension_level":2}