{"gold_per_floor":[11,31,31,31,41,41,71,89,89,100,25,37,37,66,66,169,169,189,208,208,208,208,237,187,187,187,187,203,203,203,77,77,181,181,200,150,0,20,39,39,57,10,10,10,30,30,40,40,40,40],"floor_reached":51,"playtime":2330,"items_purged":["Strike_B","Strike_B+1","Strike_B+1","Strike_B+1"],"score":845,"play_id":"b77f6fa3-b527-401e-b591-88358d1e2cff","local_time":"20190628204740","is_ascension_mode":true,"campfire_choices":[{"data":"Buffer","floor":6,"key":"SMITH"},{"data":"Loop","floor":13,"key":"SMITH"},{"data":"Defragment","floor":15,"key":"SMITH"},{"data":"Zap","floor":25,"key":"SMITH"},{"floor":27,"key":"REST"},{"data":"Scrape","floor":32,"key":"SMITH"},{"floor":40,"key":"REST"},{"floor":44,"key":"REST"},{"floor":49,"key":"REST"}],"neow_cost":"NO_GOLD","seed_source_timestamp":168231062487500,"circlet_count":0,"master_deck":["Defend_B+1","Defend_B+1","Defend_B+1","Zap+1","Dualcast","Buffer+1","Go for the Eyes+1","Defragment+1","Gash","Cold Snap","Gash","Loop+1","Go for the Eyes","Conserve Battery+1","BootSequence+1","Scrape+1","Gash+1","Gash","Cold Snap+1","Coolheaded+1","Consume+1","Coolheaded+1"],"relics":["Cracked Core","Bottled Lightning","Matryoshka","Toxic Egg 2","Orrery","Smiling Mask","Ancient Tea Set","Ornamental Fan","MutagenicStrength","Fusion Hammer","Red Mask","The Courier","Shuriken"],"potions_floor_usage":[12,19,50,50,50],"damage_taken":[{"damage":4,"enemies":"2 Louse","floor":1,"turns":3},{"damage":0,"enemies":"Cultist","floor":2,"turns":3},{"damage":0,"enemies":"Jaw Worm","floor":5,"turns":3},{"damage":13,"enemies":"Lagavulin","floor":7,"turns":7},{"damage":5,"enemies":"Exordium Thugs","floor":8,"turns":7},{"damage":0,"enemies":"Blue Slaver","floor":10,"turns":4},{"damage":0,"enemies":"Large Slime","floor":12,"turns":4},{"damage":6,"enemies":"Gremlin Nob","floor":14,"turns":5},{"damage":9,"enemies":"The Guardian","floor":16,"turns":11},{"damage":1,"enemies":"Shell Parasite","floor":18,"turns":7},{"damage":3,"enemies":"3 Byrds","floor":19,"turns":4},{"damage":0,"enemies":"Book of Stabbing","floor":23,"turns":6},{"damage":0,"enemies":"Shelled Parasite and Fungi","floor":28,"turns":5},{"damage":33,"enemies":"Champ","floor":33,"turns":12},{"damage":0,"enemies":"3 Shapes","floor":35,"turns":5},{"damage":5,"enemies":"3 Darklings","floor":38,"turns":9},{"damage":45,"enemies":"Sphere and 2 Shapes","floor":39,"turns":6},{"damage":11,"enemies":"Transient","floor":41,"turns":5},{"damage":22,"enemies":"4 Shapes","floor":45,"turns":7},{"damage":0,"enemies":"Maw","floor":47,"turns":7},{"damage":0,"enemies":"Donu and Deca","floor":50,"turns":8}],"seed_played":"3566326207471705907","potions_obtained":[{"floor":1,"key":"Fire Potion"},{"floor":5,"key":"Energy Potion"},{"floor":8,"key":"LiquidBronze"},{"floor":14,"key":"Weak Potion"},{"floor":16,"key":"FocusPotion"},{"floor":23,"key":"SteroidPotion"},{"floor":35,"key":"PowerPotion"},{"floor":45,"key":"PowerPotion"}],"is_trial":false,"path_per_floor":["M","M","?","$","M","R","E","M","T","M","$","M","R","E","R","B",null,"M","M","?","?","?","E","$","R","T","R","M","?","?","$","R","B",null,"M","$","?","M","M","R","M","$","T","R","M","?","M","?","R","B",null],"character_chosen":"DEFECT","items_purchased":["Scrape","Coolheaded+1"],"campfire_rested":4,"item_purchase_floors":[31,42],"current_hp_per_floor":[71,71,71,71,71,71,58,53,53,53,53,53,53,47,47,38,75,74,71,71,57,57,57,57,57,57,80,80,80,80,80,80,47,80,80,80,80,75,30,54,43,43,43,67,45,45,45,45,69,69],"gold":40,"neow_bonus":"THREE_RARE_CARDS","is_prod":false,"is_daily":false,"chose_seed":false,"campfire_upgraded":5,"win_rate":0,"timestamp":1561747660,"path_taken":["M","M","?","?","M","R","E","M","T","M","?","M","R","E","R","BOSS","M","M","?","?","?","E","$","R","T","R","M","?","?","$","R","BOSS","M","$","?","M","M","R","M","$","T","R","M","?","M","?","R","BOSS"],"build_version":"2019-01-23","purchased_purges":4,"victory":true,"max_hp_per_floor":[75,75,75,75,75,75,75,75,75,75,75,75,75,75,75,75,75,75,75,75,80,80,80,80,80,80,80,80,80,80,80,80,80,80,80,80,80,80,80,80,80,80,80,80,80,80,80,80,80,80],"card_choices":[{"not_picked":["Reboot","Echo Form"],"picked":"Buffer","floor":0},{"not_picked":["Tempest","Streamline"],"picked":"Go for the Eyes","floor":1},{"not_picked":["Stack","Go for the Eyes"],"picked":"Defragment","floor":2},{"not_picked":["Leap","Ball Lightning","Core Surge"],"picked":"SKIP","floor":5},{"not_picked":["All For One","Turbo"],"picked":"Cold Snap","floor":7},{"not_picked":["Conserve Battery","Turbo","Redo"],"picked":"SKIP","floor":8},{"not_picked":["Steam","Sunder"],"picked":"Gash","floor":10},{"not_picked":["Barrage","Reprogram"],"picked":"Loop","floor":12},{"not_picked":["Glacier","Genetic Algorithm"],"picked":"Go for the Eyes","floor":14},{"not_picked":["Sweeping Beam","Go for the Eyes"],"picked":"Conserve Battery+1","floor":17},{"not_picked":["Rip and Tear","Compile Driver"],"picked":"BootSequence+1","floor":17},{"not_picked":["Rebound","Redo+1","Glacier+1"],"picked":"SKIP","floor":18},{"not_picked":["Sweeping Beam","Doom and Gloom+1","Lockon"],"picked":"SKIP","floor":19},{"not_picked":["Streamline","Recycle+1","Hyperbeam"],"picked":"SKIP","floor":23},{"not_picked":["Double Energy+1","Rebound","Sweeping Beam+1"],"picked":"SKIP","floor":28},{"not_picked":["Compile Driver+1","Barrage+1"],"picked":"Gash+1","floor":35},{"not_picked":["Rebound+1","Static Discharge+1"],"picked":"Gash","floor":38},{"not_picked":["Aggregate+1","Reinforced Body+1"],"picked":"Cold Snap+1","floor":39},{"not_picked":["Leap+1","Electrodynamics","Go for the Eyes+1"],"picked":"SKIP","floor":41},{"not_picked":["Darkness+1","Go for the Eyes"],"picked":"Consume+1","floor":45},{"not_picked":["Ball Lightning+1","Hologram+1"],"picked":"Coolheaded+1","floor":47}],"player_experience":305781,"relics_obtained":[{"floor":7,"key":"Bottled Lightning"},{"floor":9,"key":"Matryoshka"},{"floor":14,"key":"Toxic Egg 2"},{"floor":23,"key":"Smiling Mask"},{"floor":26,"key":"Ancient Tea Set"},{"floor":26,"key":"Ornamental Fan"},{"floor":43,"key":"The Courier"},{"floor":43,"key":"Shuriken"}],"event_choices":[{"damage_healed":0,"gold_gain":0,"player_choice":"1 cards matched","damage_taken":0,"max_hp_gain":0,"max_hp_loss":0,"event_name":"Match and Keep!","floor":3,"gold_loss":0,"cards_obtained":["Gash"]},{"damage_healed":0,"gold_gain":0,"player_choice":"Ignored","damage_taken":0,"max_hp_gain":0,"max_hp_loss":0,"event_name":"Ghosts","floor":20,"gold_loss":0},{"damage_healed":0,"gold_gain":0,"player_choice":"Shed Blood","damage_taken":19,"max_hp_gain":5,"max_hp_loss":0,"event_name":"Forgotten Altar","floor":21,"gold_loss":0},{"damage_healed":0,"gold_gain":0,"player_choice":"Simplicity","damage_taken":0,"max_hp_gain":0,"max_hp_loss":0,"event_name":"Back to Basics","floor":22,"gold_loss":0,"cards_upgraded":["Strike_B","Strike_B","Strike_B","Defend_B","Defend_B","Defend_B","Defend_B"]},{"damage_healed":0,"gold_gain":0,"player_choice":"Ignored","damage_taken":0,"max_hp_gain":0,"max_hp_loss":0,"event_name":"The Mausoleum","floor":29,"gold_loss":0},{"damage_healed":0,"gold_gain":0,"player_choice":"Inject Mutagens","damage_taken":0,"relics_obtained":["MutagenicStrength"],"max_hp_gain":0,"max_hp_loss":0,"event_name":"Drug Dealer","floor":30,"gold_loss":0},{"damage_healed":0,"gold_gain":0,"player_choice":"Paid","damage_taken":0,"relics_obtained":["Red Mask"],"max_hp_gain":0,"max_hp_loss":0,"event_name":"Tomb of Lord Red Mask","floor":37,"gold_loss":150},{"cards_removed":["Defend_B"],"damage_healed":0,"gold_gain":0,"player_choice":"Removed Skill","damage_taken":0,"max_hp_gain":0,"max_hp_loss":0,"event_name":"Falling","floor":46,"gold_loss":0},{"damage_healed":0,"gold_gain":0,"player_choice":"Forge","damage_taken":0,"max_hp_gain":0,"max_hp_loss":0,"event_name":"Accursed Blacksmith","floor":48,"gold_loss":0,"cards_upgraded":["Go for the Eyes"]}],"is_beta":false,"boss_relics":[{"not_picked":["Velvet Choker","Astrolabe"],"picked":"Orrery"},{"not_picked":["Calling Bell","Eternal Feather"],"picked":"Fusion Hammer"}],"items_purged_floors":[11,24,31,36],"is_endless":false,"potions_floor_spawned":[1,5,8,14,16,23,35,39,45],"ascension_level":2}