{"gold_per_floor":[115,65,84,84,84,84,109,125,125,125,144,155,0,19,19,115,115,133,133,145,445,458,458,483,483,509,549,561,586,598,630,642,758,770,799,253,302,422,422,456,456,15,39,98,98,20,40,72,72,117],"floor_reached":51,"playtime":7381,"items_purged":["Shame","Regret"],"score":1031,"play_id":"53f50554-63b2-4650-a2af-a3522da19ea6","local_time":"20190703025756","is_ascension_mode":true,"campfire_choices":[{"data":"Dash","floor":6,"key":"SMITH"},{"data":"Blade Dance","floor":10,"key":"SMITH"},{"data":"After Image","floor":15,"key":"SMITH"},{"data":"After Image","floor":23,"key":"SMITH"},{"floor":25,"key":"REST"},{"floor":28,"key":"REST"},{"floor":32,"key":"REST"},{"floor":41,"key":"REST"},{"floor":45,"key":"REST"},{"floor":49,"key":"REST"}],"neow_cost":"NONE","seed_source_timestamp":302405496766100,"circlet_count":0,"master_deck":["Survivor+1","Neutralize+1","Dash+1","Slice","Backstab","Blade Dance+1","After Image+1","Slice","Well Laid Plans","Terror","Flying Knee","Dagger Throw","After Image+1","Endless Agony","Slice","Bane","Wraith Form v2","Skewer","Tactician","Riddle With Holes","Distraction","Deflect","Dagger Spray","Slice+1","Finisher","A Thousand Cuts","Acrobatics+1","Outmaneuver","Storm of Steel","Parasite","Doubt","Caltrops+1","HandOfGreed","Discovery","Choke","Cloak And Dagger+1","Malaise","Dodge and Roll+1","Apotheosis","After Image","Escape Plan","Deflect","Backstab+1"],"relics":["Ring of the Snake","Kunai","Bottled Flame","Sundial","Nloth\u0027s Gift","Old Coin","Bottled Lightning","MawBank","PreservedInsect","Bag of Preparation","Calling Bell","Orichalcum","Paper Crane","Calipers","War Paint","Dead Branch","Mango","WingedGreaves","Happy Flower","Regal Pillow","Tough Bandages","Anchor"],"potions_floor_usage":[16,18,20,24,33,33,37,37,50,50],"damage_taken":[{"damage":0,"enemies":"2 Louse","floor":1,"turns":4},{"damage":1,"enemies":"Jaw Worm","floor":3,"turns":4},{"damage":19,"enemies":"3 Sentries","floor":7,"turns":10},{"damage":0,"enemies":"Cultist","floor":8,"turns":3},{"damage":1,"enemies":"3 Louse","floor":11,"turns":3},{"damage":0,"enemies":"Large Slime","floor":12,"turns":5},{"damage":0,"enemies":"2 Fungi Beasts","floor":14,"turns":2},{"damage":22,"enemies":"Slime Boss","floor":16,"turns":12},{"damage":0,"enemies":"Chosen","floor":18,"turns":4},{"damage":5,"enemies":"Shell Parasite","floor":20,"turns":4},{"damage":13,"enemies":"Snecko","floor":22,"turns":5},{"damage":9,"enemies":"Book of Stabbing","floor":24,"turns":5},{"damage":34,"enemies":"Slavers","floor":27,"turns":6},{"damage":10,"enemies":"Sentry and Sphere","floor":29,"turns":6},{"damage":0,"enemies":"3 Cultists","floor":31,"turns":6},{"damage":23,"enemies":"Collector","floor":33,"turns":9},{"damage":12,"enemies":"3 Darklings","floor":35,"turns":12},{"damage":33,"enemies":"2 Orb Walkers","floor":37,"turns":6},{"damage":5,"enemies":"Mind Bloom Boss Battle","floor":38,"turns":8},{"damage":0,"enemies":"Nemesis","floor":40,"turns":5},{"damage":30,"enemies":"Reptomancer","floor":44,"turns":6},{"damage":0,"enemies":"Orb Walker","floor":47,"turns":4},{"damage":0,"enemies":"Giant Head","floor":48,"turns":4},{"damage":0,"enemies":"Awakened One","floor":50,"turns":14}],"seed_played":"-3332319532321248107","potions_obtained":[{"floor":1,"key":"SmokeBomb"},{"floor":3,"key":"LiquidBronze"},{"floor":11,"key":"Weak Potion"},{"floor":12,"key":"Poison Potion"},{"floor":18,"key":"Fruit Juice"},{"floor":27,"key":"Weak Potion"},{"floor":31,"key":"Swift Potion"},{"floor":33,"key":"Weak Potion"},{"floor":35,"key":"Swift Potion"},{"floor":40,"key":"LiquidBronze"},{"floor":47,"key":"FearPotion"},{"floor":48,"key":"PowerPotion"}],"is_trial":false,"path_per_floor":["M","?","M","T","?","R","E","M","T","R","M","M","$","M","R","B",null,"M","?","M","?","M","R","E","R","T","E","R","M","?","M","R","B",null,"M","$","?","?","?","E","R","$","T","E","R","$","M","E","R","B",null],"character_chosen":"THE_SILENT","items_purchased":["Well Laid Plans","Terror","Flying Knee","War Paint","HandOfGreed","Discovery","Choke","Apotheosis","Happy Flower","Escape Plan"],"campfire_rested":6,"item_purchase_floors":[13,13,13,36,36,36,36,42,42,46],"current_hp_per_floor":[77,77,76,76,76,76,57,57,57,57,56,56,56,56,56,34,77,77,77,77,77,64,64,55,79,79,45,69,59,59,59,82,59,82,70,70,37,46,46,46,74,74,74,44,87,87,87,87,96,96],"gold":117,"neow_bonus":"TEN_PERCENT_HP_BONUS","is_prod":false,"is_daily":false,"chose_seed":false,"campfire_upgraded":4,"win_rate":0,"timestamp":1562115476,"path_taken":["M","?","M","?","?","R","E","M","T","R","?","M","$","M","R","BOSS","M","?","?","?","M","R","E","R","T","E","R","M","?","M","R","BOSS","M","$","?","?","?","E","R","$","T","E","R","?","?","E","R","BOSS"],"build_version":"2019-07-01","purchased_purges":2,"victory":true,"max_hp_per_floor":[77,77,77,77,77,77,77,77,77,77,77,77,77,77,77,77,77,77,77,82,82,82,82,82,82,82,82,82,82,82,82,82,82,82,82,82,82,96,96,96,96,96,96,96,96,96,96,96,96,96],"card_choices":[{"not_picked":["Poisoned Stab","Dagger Throw"],"picked":"Dash","floor":1},{"not_picked":["Finisher","Deflect"],"picked":"Slice","floor":3},{"not_picked":["Cloak And Dagger","PiercingWail"],"picked":"Backstab","floor":7},{"not_picked":["Acrobatics","Dodge and Roll"],"picked":"Blade Dance","floor":8},{"not_picked":["Backflip","Bane"],"picked":"After Image","floor":11},{"not_picked":["Acrobatics","Caltrops"],"picked":"Slice","floor":12},{"not_picked":["Underhanded Strike","Bane"],"picked":"Dagger Throw","floor":14},{"not_picked":["A Thousand Cuts","Die Die Die"],"picked":"After Image","floor":16},{"not_picked":["Acrobatics","Backflip"],"picked":"Deflect","floor":18},{"not_picked":["Bouncing Flask","Flechettes"],"picked":"Dagger Spray","floor":20},{"not_picked":["Outmaneuver","Acrobatics"],"picked":"Slice+1","floor":22},{"not_picked":["Venomology","Catalyst"],"picked":"Finisher","floor":24},{"not_picked":["Sucker Punch+1","Reflex"],"picked":"A Thousand Cuts","floor":27},{"not_picked":["Dagger Spray","Predator"],"picked":"Acrobatics","floor":29},{"not_picked":["Quick Slash","Poisoned Stab"],"picked":"Outmaneuver","floor":31},{"not_picked":["Malaise","After Image"],"picked":"Storm of Steel","floor":33},{"not_picked":["Slice+1","Poisoned Stab+1"],"picked":"Caltrops+1","floor":35},{"not_picked":["Dagger Spray","PiercingWail+1"],"picked":"Cloak And Dagger+1","floor":37},{"not_picked":["Quick Slash","Dagger Throw"],"picked":"Malaise","floor":38},{"not_picked":["Footwork+1","Poisoned Stab"],"picked":"Dodge and Roll+1","floor":40},{"not_picked":["Bouncing Flask+1","Storm of Steel"],"picked":"After Image","floor":44},{"not_picked":["Glass Knife","Riddle With Holes"],"picked":"Deflect","floor":47},{"not_picked":["After Image","Die Die Die"],"picked":"Backstab+1","floor":48}],"player_experience":86893,"relics_obtained":[{"floor":4,"key":"Kunai"},{"floor":7,"key":"Bottled Flame"},{"floor":9,"key":"Sundial"},{"floor":24,"key":"Bottled Lightning"},{"floor":26,"key":"MawBank"},{"floor":27,"key":"PreservedInsect"},{"floor":34,"key":"Orichalcum"},{"floor":34,"key":"Paper Crane"},{"floor":34,"key":"Calipers"},{"floor":37,"key":"Dead Branch"},{"floor":38,"key":"Mango"},{"floor":40,"key":"WingedGreaves"},{"floor":43,"key":"Regal Pillow"},{"floor":44,"key":"Tough Bandages"},{"floor":48,"key":"Anchor"}],"event_choices":[{"cards_removed":["Defend_G"],"damage_healed":0,"gold_gain":0,"player_choice":"Card Removal","damage_taken":0,"max_hp_gain":0,"max_hp_loss":0,"event_name":"The Cleric","floor":2,"gold_loss":50},{"damage_healed":0,"gold_gain":0,"player_choice":"Grow","damage_taken":0,"max_hp_gain":0,"max_hp_loss":0,"event_name":"Living Wall","floor":5,"gold_loss":0,"cards_upgraded":["Neutralize"]},{"damage_healed":0,"gold_gain":0,"player_choice":"Traded Relic","damage_taken":0,"relics_obtained":["Nloth\u0027s Gift"],"max_hp_gain":0,"max_hp_loss":0,"event_name":"N\u0027loth","floor":19,"relics_lost":["Pandora\u0027s Box"],"gold_loss":0},{"damage_healed":0,"gold_gain":0,"player_choice":"Stole Relic","damage_taken":0,"relics_obtained":["Old Coin"],"max_hp_gain":0,"max_hp_loss":0,"event_name":"Addict","floor":21,"gold_loss":0,"cards_obtained":["Shame"]},{"damage_healed":0,"gold_gain":0,"player_choice":"Opened","damage_taken":0,"relics_obtained":["Bag of Preparation"],"max_hp_gain":0,"max_hp_loss":0,"event_name":"The Mausoleum","floor":30,"gold_loss":0},{"damage_healed":0,"gold_gain":0,"player_choice":"Fight","damage_taken":0,"max_hp_gain":0,"max_hp_loss":0,"event_name":"Mysterious Sphere","floor":37,"gold_loss":0},{"damage_healed":0,"gold_gain":0,"player_choice":"Fight","damage_taken":0,"max_hp_gain":0,"max_hp_loss":0,"event_name":"MindBloom","floor":38,"gold_loss":0},{"cards_removed":["Acrobatics"],"damage_healed":0,"gold_gain":0,"player_choice":"Removed Skill","damage_taken":0,"max_hp_gain":0,"max_hp_loss":0,"event_name":"Falling","floor":39,"gold_loss":0}],"is_beta":false,"boss_relics":[{"not_picked":["Runic Pyramid","Sozu"],"picked":"Pandora\u0027s Box"},{"not_picked":["Snecko Eye","Velvet Choker"],"picked":"Calling Bell"}],"items_purged_floors":[36,42],"is_endless":false,"potions_floor_spawned":[1,3,11,12,18,27,31,33,35,40,47,48],"ascension_level":2}