{"path_per_floor":["M","?","?","M","?","R","E","?","T","E","$","M","R","M","R","B",null,"M","$","?","M","M","E","M","R","T","R","?","E","M","M","R"],"character_chosen":"IRONCLAD","items_purchased":["Dropkick"],"gold_per_floor":[116,116,116,129,89,89,115,115,115,142,66,82,82,94,94,193,193,213,138,138,151,162,193,204,204,227,227,227,256,270,288,288],"floor_reached":33,"campfire_rested":2,"playtime":3743,"current_hp_per_floor":[79,63,63,69,69,69,43,43,43,27,27,34,58,74,74,54,80,69,69,69,80,70,52,58,58,58,58,58,55,54,56,80],"items_purged":["Strike_R"],"gold":288,"score":295,"play_id":"c97bafd1-23f3-4ac1-951b-c4546ece216e","is_prod":false,"is_daily":false,"is_ascension_mode":false,"campfire_upgraded":4,"path_taken":["M","?","?","?","?","R","E","?","T","E","$","M","R","M","R","BOSS","M","$","?","M","M","E","M","R","T","R","?","E","?","M","R","BOSS"],"build_version":"2018-02-15-PROD1","purchased_purges":2,"victory":false,"master_deck":["Strike_R+1","Strike_R","Defend_R+1","Defend_R","Defend_R+1","Defend_R+1","Bash+1","Battle Trance","Warcry","Body Slam+1","Berserk","Reaper","Dropkick","Clothesline","Shrug It Off+1","Reaper","Body Slam+1","Headbutt","Pummel+1","Headbutt","Power Through+1","Rampage","Rage","Body Slam+1"],"max_hp_per_floor":[80,80,80,80,80,80,80,80,80,80,80,80,80,80,80,80,80,80,80,80,80,80,80,80,80,80,80,80,80,80,80,80],"relics":["Burning Blood","Vajra","Ginger","War Paint","Mark of Pain","Paper Frog","Orichalcum","Dream Catcher","Meat on the Bone"],"card_choices":[{"not_picked":["Flex","Armaments"],"picked":"Battle Trance"},{"not_picked":["True Grit","Uppercut"],"picked":"Warcry"},{"not_picked":["Intimidate","Inflame"],"picked":"Body Slam"},{"not_picked":["Bloodletting","Pummel"],"picked":"Reaper"},{"not_picked":["Second Wind","Rupture"],"picked":"Clothesline"},{"not_picked":["Rage","Cleave"],"picked":"Shrug It Off"},{"not_picked":["Berserk","Demon Form"],"picked":"Reaper"},{"not_picked":["Pommel Strike","Flex"],"picked":"Headbutt"},{"not_picked":["Thunderclap","Anger"],"picked":"Pummel"},{"not_picked":["Whirlwind","Juggernaut"],"picked":"Headbutt"},{"not_picked":["Flex","Sword Boomerang"],"picked":"Power Through"},{"not_picked":["Warcry","Bloodletting"],"picked":"Rampage"},{"not_picked":["Pummel","Rupture"],"picked":"Rage"},{"not_picked":["Dropkick","Reckless Charge"],"picked":"Body Slam"}],"player_experience":0,"potions_floor_usage":[7,14,14,16,16],"damage_taken":[{"damage":7,"enemies":"Small Slimes","floor":1,"turns":4},{"damage":0,"enemies":"2 Louse","floor":4,"turns":3},{"damage":32,"enemies":"Lagavulin","floor":7,"turns":9},{"damage":22,"enemies":"Gremlin Nob","floor":10,"turns":4},{"damage":6,"enemies":"Cultist","floor":12,"turns":3},{"damage":0,"enemies":"Exordium Wildlife","floor":14,"turns":5},{"damage":26,"enemies":"The Guardian","floor":16,"turns":12},{"damage":22,"enemies":"2 Thieves","floor":18,"turns":5},{"damage":0,"enemies":"Chosen","floor":21,"turns":5},{"damage":18,"enemies":"3 Cultists","floor":22,"turns":7},{"damage":51,"enemies":"Slavers","floor":23,"turns":6},{"damage":26,"enemies":"Centurion and Healer","floor":24,"turns":6},{"damage":27,"enemies":"Gremlin Leader","floor":29,"turns":5},{"damage":7,"enemies":"Snake Plant","floor":30,"turns":4},{"damage":21,"enemies":"Slaver and Parasite","floor":31,"turns":7},{"damage":91,"enemies":"Champ","floor":33,"turns":10}],"event_choices":[{"event_name":"Shining Light","player_choice":"Entered Light","floor":2,"damage_taken":0},{"event_name":"Bonfire Elementals","player_choice":"BASIC","floor":3,"damage_taken":0},{"event_name":"The Woman in Blue","player_choice":"Bought 3 Potions","floor":5,"damage_taken":0},{"event_name":"Living Wall","player_choice":"Change","floor":8,"damage_taken":0},{"event_name":"The Library","player_choice":"Read","floor":20,"damage_taken":0},{"event_name":"Wheel of Change","player_choice":"Relic","floor":28,"damage_taken":0}],"boss_relics":[{"not_picked":["Philosopher\u0027s Stone","Eternal Feather"],"picked":"Mark of Pain"}],"potions_floor_spawned":[7,14,18,22,29,30],"seed_played":"-4382069351039410435","killed_by":"Champ","ascension_level":0,"is_trial":false}