{"gold_per_floor":[10,110,121,136,136,136,136,136,160,58,73,92,92,135,135,255,255,276,126,144,144,158,158,199,199,199,199,161,179,104,19,19,147,147,172,172,193,211,137,137,168,168,168,188,203,223,47,47,47,47],"floor_reached":51,"playtime":2916,"items_purged":[],"score":1010,"play_id":"d9e019f4-6b9e-4de2-9f00-551c65bb64ca","local_time":"20190715195350","is_ascension_mode":true,"campfire_choices":[{"data":"Zap","floor":7.0,"key":"SMITH"},{"floor":15.0,"key":"REST"},{"floor":23.0,"key":"REST"},{"floor":25.0,"key":"REST"},{"data":"Defragment","floor":32.0,"key":"SMITH"},{"floor":40.0,"key":"REST"},{"data":"Consume","floor":42.0,"key":"SMITH"},{"floor":49,"key":"REST"}],"neow_cost":"NO_GOLD","seed_source_timestamp":0,"circlet_count":0,"master_deck":["Strike_B+1","Strike_B+1","Strike_B+1","Strike_B+1","Defend_B+1","Defend_B+1","Defend_B+1","Zap+1","Dualcast","Dramatic Entrance","Panacea","Auto Shields","Glacier","Capacitor","Coolheaded","Consume+1","Chill","All For One","Coolheaded","Necronomicurse","Chill","Defragment+1","Chill","Chill+1","Creative AI","Stack","Chill","Apotheosis"],"special_seed":0,"relics":["Cracked Core","Golden Idol","Oddly Smooth Stone","Shuriken","White Beast Statue","Bronze Scales","Necronomicon","Ancient Tea Set","Boot","Blood Vial","Runic Pyramid","Dead Branch","Omamori","Question Card","Molten Egg 2"],"potions_floor_usage":[44,44,50,50,50],"damage_taken":[{"damage":5.0,"enemies":"Small Slimes","floor":1.0,"turns":2.0},{"damage":1.0,"enemies":"Cultist","floor":3.0,"turns":3.0},{"damage":7.0,"enemies":"Jaw Worm","floor":4.0,"turns":4.0},{"damage":0.0,"enemies":"Blue Slaver","floor":11.0,"turns":5.0},{"damage":10.0,"enemies":"3 Louse","floor":12.0,"turns":3.0},{"damage":1.0,"enemies":"Lagavulin","floor":14.0,"turns":9.0},{"damage":25.0,"enemies":"Hexaghost","floor":16.0,"turns":13.0},{"damage":15.0,"enemies":"Shell Parasite","floor":18.0,"turns":9.0},{"damage":3.0,"enemies":"Chosen","floor":20.0,"turns":6.0},{"damage":1.0,"enemies":"Centurion and Healer","floor":22.0,"turns":9.0},{"damage":20.0,"enemies":"Gremlin Leader","floor":24.0,"turns":9.0},{"damage":0.0,"enemies":"Chosen and Byrds","floor":29.0,"turns":7.0},{"damage":3.0,"enemies":"Champ","floor":33.0,"turns":13.0},{"damage":9.0,"enemies":"Orb Walker","floor":35.0,"turns":4.0},{"damage":26.0,"enemies":"3 Darklings","floor":37.0,"turns":5.0},{"damage":24.0,"enemies":"Maw","floor":38.0,"turns":9.0},{"damage":2.0,"enemies":"Nemesis","floor":41.0,"turns":19.0},{"damage":0,"enemies":"Transient","floor":44,"turns":5},{"damage":10,"enemies":"Sphere and 2 Shapes","floor":45,"turns":9},{"damage":4,"enemies":"4 Shapes","floor":46,"turns":6},{"damage":14,"enemies":"Donu and Deca","floor":50,"turns":18}],"seed_played":"9095850767043465186","potions_obtained":[{"floor":4.0,"key":"Swift Potion"},{"floor":16.0,"key":"Swift Potion"},{"floor":18.0,"key":"AttackPotion"},{"floor":20.0,"key":"AttackPotion"},{"floor":22.0,"key":"EntropicBrew"},{"floor":24.0,"key":"EssenceOfSteel"},{"floor":29.0,"key":"PowerPotion"},{"floor":33.0,"key":"Poison Potion"},{"floor":35.0,"key":"Dexterity Potion"},{"floor":37.0,"key":"FocusPotion"},{"floor":38.0,"key":"SpeedPotion"},{"floor":41.0,"key":"PowerPotion"},{"floor":44,"key":"FearPotion"},{"floor":45,"key":"Energy Potion"},{"floor":46,"key":"Weak Potion"}],"is_trial":false,"path_per_floor":["M","?","M","M","?","?","R","?","T","$","M","M","$","E","R","B",null,"M","$","M","?","M","R","E","R","T","?","$","M","?","?","R","B",null,"M","?","M","M","$","R","E","R","T","M","M","M","$","T","R","B",null],"character_chosen":"DEFECT","items_purchased":["Capacitor","Coolheaded","Bronze Scales","Chill","Regen Potion","Apotheosis"],"campfire_rested":5,"item_purchase_floors":[10,10,19,28,39,47],"current_hp_per_floor":[63,63,62,55,55,60,60,45,45,45,45,35,35,34,56,31,63,48,48,45,29,28,50,30,52,52,52,52,52,52,52,52,51,68,61,61,37,15,15,37,52,52,52,54,46,44,44,44,66,54],"gold":47,"neow_bonus":"RANDOM_COLORLESS_2","is_prod":false,"is_daily":false,"chose_seed":false,"campfire_upgraded":3,"win_rate":0,"timestamp":1563213230,"path_taken":["M","?","?","M","?","?","R","?","T","$","?","M","?","E","R","BOSS","M","$","M","?","M","R","E","R","T","?","$","M","?","?","R","BOSS","M","?","M","?","$","R","E","R","T","M","M","?","$","?","R","BOSS"],"build_version":"2019-07-05","purchased_purges":0,"victory":true,"max_hp_per_floor":[75,75,75,75,69,74,74,74,74,74,74,74,74,74,74,74,74,74,74,74,74,74,74,74,74,74,74,74,74,74,74,74,74,74,74,74,74,74,74,74,74,74,74,74,74,74,74,74,74,74],"card_choices":[{"not_picked":["Double Energy","Leap"],"picked":"Auto Shields","floor":1.0},{"not_picked":["Static Discharge","Rebound"],"picked":"Glacier","floor":3.0},{"not_picked":["Streamline","FTL","Ball Lightning"],"picked":"SKIP","floor":4.0},{"not_picked":["Fusion","Conserve Battery"],"picked":"Consume","floor":11.0},{"not_picked":["Hologram","Cold Snap"],"picked":"Chill","floor":12.0},{"not_picked":["Aggregate","Turbo","Compile Driver"],"picked":"SKIP","floor":14.0},{"not_picked":["Thunder Strike","Reboot"],"picked":"All For One","floor":16.0},{"not_picked":["Tempest","Ball Lightning"],"picked":"Coolheaded","floor":18.0},{"not_picked":["Darkness","Compile Driver","Consume"],"picked":"SKIP","floor":20.0},{"not_picked":["Rebound","Hello World"],"picked":"Chill","floor":22.0},{"not_picked":["Ball Lightning","Chaos"],"picked":"Defragment","floor":24.0},{"not_picked":["Hyperbeam","Scrape"],"picked":"Chill+1","floor":29.0},{"not_picked":["Rainbow","Reboot"],"picked":"Creative AI","floor":33.0},{"not_picked":["Redo","Tempest+1","Leap+1"],"picked":"SKIP","floor":35.0},{"not_picked":["Stack+1","Beam Cell","Coolheaded+1"],"picked":"SKIP","floor":37.0},{"not_picked":["Ball Lightning+1","White Noise"],"picked":"Stack","floor":38.0},{"not_picked":["Melter","Reinforced Body","Conserve Battery"],"picked":"SKIP","floor":41.0},{"not_picked":["Steam","Beam Cell","Redo","Barrage"],"picked":"SKIP","floor":44},{"not_picked":["Cold Snap","Go for the Eyes+1","Auto Shields"],"picked":"Chill","floor":45},{"not_picked":["Buffer","Scrape","Coolheaded","Stack"],"picked":"SKIP","floor":46}],"player_experience":333169,"relics_obtained":[{"floor":9.0,"key":"Oddly Smooth Stone"},{"floor":14.0,"key":"Shuriken"},{"floor":21.0,"key":"Necronomicon"},{"floor":24.0,"key":"Ancient Tea Set"},{"floor":26.0,"key":"Boot"},{"floor":41.0,"key":"Omamori"},{"floor":43.0,"key":"Question Card"},{"floor":48,"key":"Molten Egg 2"}],"event_choices":[{"damage_healed":0.0,"max_hp_gain":0.0,"max_hp_loss":0.0,"gold_gain":100.0,"event_name":"Wheel of Change","player_choice":"Gold","floor":2.0,"gold_loss":0.0,"damage_taken":0.0},{"damage_healed":0.0,"max_hp_gain":0.0,"max_hp_loss":6.0,"gold_gain":0.0,"event_name":"Golden Idol","player_choice":"Lose Max HP","floor":5.0,"gold_loss":0.0,"damage_taken":0.0,"relics_obtained":["Golden Idol"]},{"damage_healed":0.0,"max_hp_gain":5.0,"max_hp_loss":0.0,"gold_gain":0.0,"event_name":"Big Fish","player_choice":"Donut","floor":6.0,"gold_loss":0.0,"damage_taken":0.0},{"damage_healed":0.0,"max_hp_gain":0.0,"max_hp_loss":0.0,"gold_gain":0.0,"event_name":"Shining Light","player_choice":"Entered Light","floor":8.0,"gold_loss":0.0,"damage_taken":15.0,"cards_upgraded":["Strike_B","Defend_B"]},{"damage_healed":0.0,"max_hp_gain":0.0,"max_hp_loss":0.0,"gold_gain":0.0,"event_name":"Cursed Tome","player_choice":"Obtained Book","floor":21.0,"gold_loss":0.0,"damage_taken":16.0},{"damage_healed":0.0,"max_hp_gain":0.0,"max_hp_loss":0.0,"gold_gain":0.0,"event_name":"Back to Basics","player_choice":"Simplicity","floor":27.0,"gold_loss":0.0,"damage_taken":0.0,"cards_upgraded":["Strike_B","Strike_B","Strike_B","Defend_B","Defend_B","Defend_B"]},{"cards_removed":["Defend_B"],"damage_healed":0.0,"max_hp_gain":0.0,"max_hp_loss":0.0,"gold_gain":0.0,"event_name":"Beggar","player_choice":"Gave Gold","floor":30.0,"gold_loss":75.0,"damage_taken":0.0},{"damage_healed":0.0,"max_hp_gain":0.0,"max_hp_loss":0.0,"gold_gain":0.0,"event_name":"Addict","player_choice":"Obtained Relic","floor":31.0,"gold_loss":85.0,"damage_taken":0.0,"relics_obtained":["Blood Vial"]},{"damage_healed":0.0,"max_hp_gain":0.0,"max_hp_loss":0.0,"gold_gain":0.0,"event_name":"WeMeetAgain","player_choice":"Gave Potion","floor":36.0,"gold_loss":0.0,"damage_taken":0.0,"relics_obtained":["Dead Branch"]}],"is_beta":false,"boss_relics":[{"not_picked":["Black Star","Sozu"],"picked":"White Beast Statue"},{"not_picked":["FrozenCore","Empty Cage"],"picked":"Runic Pyramid"}],"items_purged_floors":[],"is_endless":false,"potions_floor_spawned":[4,16,18,20,22,24,29,33,35,37,38,41,44,45,46],"ascension_level":9}