{"gold_per_floor":[119,119,67,67,77,112,128,162,162,225,225,237,237,251,251,328,328,347,365,376,91,106,106,106,134,211,211,211,4,4,20,20,94,94,109,121,139,14,34,63,63,63,63,63,63,78,105,117,117,117,117,117,117,31,62,62],"floor_reached":56,"playtime":4250,"items_purged":["Strike_G","Strike_G","Strike_G"],"score":1884,"play_id":"9d66496f-e10f-4f0c-8b85-4a9000ee5165","local_time":"20190308145102","is_ascension_mode":true,"campfire_choices":[{"data":"Bouncing Flask","floor":11,"key":"SMITH"},{"data":"Dagger Spray","floor":13,"key":"SMITH"},{"data":"A Thousand Cuts","floor":15,"key":"SMITH"},{"data":"Noxious Fumes","floor":23,"key":"SMITH"},{"data":"Well Laid Plans","floor":30,"key":"SMITH"},{"data":"Leg Sweep","floor":32,"key":"SMITH"},{"data":"Catalyst","floor":41,"key":"SMITH"},{"floor":49,"key":"RECALL"},{"data":"Catalyst","floor":53,"key":"SMITH"}],"neow_cost":"NONE","seed_source_timestamp":1842542633656115,"circlet_count":0,"master_deck":["AscendersBane","Defend_G","Defend_G","Defend_G","Defend_G","Defend_G+1","Strike_G","Survivor+1","Neutralize","Dash","Dagger Spray+1","Poisoned Stab","Leg Sweep+1","Bouncing Flask+1","A Thousand Cuts+1","PiercingWail","Crippling Poison+1","Noxious Fumes+1","PiercingWail","Crippling Poison","Well Laid Plans+1","PiercingWail","Corpse Explosion","Leg Sweep","Acrobatics+1","Catalyst+1","Catalyst+1","Footwork"],"relics":["Ring of the Snake","NeowsBlessing","Mercury Hourglass","Paper Crane","Meat on the Bone","Tiny Chest","Coffee Dripper","Anchor","Mummified Hand","Enchiridion","Turnip","Lizard Tail","Matryoshka","Snake Skull","War Paint","Regal Pillow","Centennial Puzzle"],"potions_floor_usage":[8,19,46,55,56,56],"damage_taken":[{"damage":0,"enemies":"Jaw Worm","floor":1,"turns":1},{"damage":0,"enemies":"Small Slimes","floor":5,"turns":1},{"damage":0,"enemies":"Gremlin Nob","floor":6,"turns":1},{"damage":0,"enemies":"Cultist","floor":7,"turns":2},{"damage":12,"enemies":"Lagavulin","floor":8,"turns":5},{"damage":23,"enemies":"Gremlin Nob","floor":10,"turns":6},{"damage":0,"enemies":"2 Fungi Beasts","floor":12,"turns":3},{"damage":0,"enemies":"Large Slime","floor":14,"turns":5},{"damage":16,"enemies":"Slime Boss","floor":16,"turns":8},{"damage":5,"enemies":"2 Thieves","floor":18,"turns":4},{"damage":6,"enemies":"Spheric Guardian","floor":19,"turns":3},{"damage":17,"enemies":"Snake Plant","floor":20,"turns":4},{"damage":5,"enemies":"Sentry and Sphere","floor":22,"turns":5},{"damage":7,"enemies":"Colosseum Slavers","floor":24,"turns":3},{"damage":1,"enemies":"Gremlin Leader","floor":25,"turns":5},{"damage":0,"enemies":"Chosen and Byrds","floor":31,"turns":4},{"damage":19,"enemies":"Champ","floor":33,"turns":13},{"damage":0,"enemies":"3 Darklings","floor":35,"turns":3},{"damage":0,"enemies":"3 Shapes","floor":36,"turns":4},{"damage":37,"enemies":"Transient","floor":37,"turns":6},{"damage":0,"enemies":"Jaw Worm Horde","floor":39,"turns":2},{"damage":28,"enemies":"Reptomancer","floor":40,"turns":9},{"damage":28,"enemies":"Spire Growth","floor":46,"turns":4},{"damage":0,"enemies":"Transient","floor":48,"turns":6},{"damage":21,"enemies":"Awakened One","floor":50,"turns":15},{"damage":9,"enemies":"Donu and Deca","floor":51,"turns":7},{"damage":41,"enemies":"Shield and Spear","floor":55,"turns":5},{"damage":31,"enemies":"The Heart","floor":56,"turns":2}],"seed_played":"5828445065296908158","potions_obtained":[{"floor":1,"key":"Poison Potion"},{"floor":10,"key":"SkillPotion"},{"floor":12,"key":"Energy Potion"},{"floor":25,"key":"LiquidBronze"},{"floor":31,"key":"Weak Potion"},{"floor":33,"key":"PowerPotion"},{"floor":46,"key":"FearPotion"},{"floor":55,"key":"EssenceOfSteel"}],"is_trial":false,"path_per_floor":["M","?","$","?","M","E","M","E","T","E","R","M","R","M","R","B",null,"M","M","M","$","M","R","?","E","T","?","T","$","R","M","R","B",null,"M","M","M","$","M","E","R","?","T","?","$","M","T","M","R","B","B",null,"R","$","E","B"],"character_chosen":"THE_SILENT","items_purchased":["Dagger Spray","Noxious Fumes","PiercingWail","Crippling Poison","Well Laid Plans","PiercingWail","Footwork"],"campfire_rested":0,"item_purchase_floors":[3,21,21,21,29,29,54],"current_hp_per_floor":[59,59,59,59,59,59,59,47,47,36,36,36,36,36,36,32,58,53,47,42,42,37,37,42,41,41,20,20,20,20,32,32,25,56,56,56,31,31,43,27,27,27,27,27,27,45,45,45,45,36,39,59,59,59,30,0],"gold":62,"neow_bonus":"THREE_ENEMY_KILL","is_prod":false,"is_daily":false,"chose_seed":false,"campfire_upgraded":8,"win_rate":0,"timestamp":1552024262,"path_taken":["M","?","$","?","M","E","M","E","T","E","R","?","R","M","R","BOSS","M","M","M","$","M","R","?","E","T","?","?","$","R","M","R","BOSS","M","M","M","$","M","E","R","?","T","?","$","?","?","?","R","BOSS","BOSS","R","$","E","BOSS"],"build_version":"2019-01-23","purchased_purges":3,"victory":false,"max_hp_per_floor":[66,66,66,66,66,66,66,66,66,66,66,66,66,66,66,66,66,66,66,66,66,66,66,66,66,66,66,66,66,66,66,66,66,66,66,66,66,66,66,66,66,66,66,66,66,66,66,66,66,66,66,66,66,66,66,66],"card_choices":[{"not_picked":["Sucker Punch","Endless Agony"],"picked":"Dash","floor":1},{"not_picked":["Sucker Punch","Riddle With Holes"],"picked":"Poisoned Stab","floor":5},{"not_picked":["Infinite Blades","Heel Hook","Flechettes"],"picked":"SKIP","floor":6},{"not_picked":["Blade Dance","Cloak And Dagger","Reflex"],"picked":"SKIP","floor":7},{"not_picked":["Caltrops","Burst"],"picked":"Leg Sweep","floor":8},{"not_picked":["Underhanded Strike","Backflip"],"picked":"Bouncing Flask","floor":10},{"not_picked":["Poisoned Stab","Setup","Skewer"],"picked":"SKIP","floor":12},{"not_picked":["Prepared","Concentrate"],"picked":"A Thousand Cuts","floor":14},{"not_picked":["Flying Knee","Poisoned Stab","Flechettes"],"picked":"SKIP","floor":18},{"not_picked":["Dagger Spray","Deadly Poison"],"picked":"PiercingWail","floor":19},{"not_picked":["Backstab","Dodge and Roll"],"picked":"Crippling Poison+1","floor":20},{"not_picked":["Dodge and Roll","A Thousand Cuts","Dagger Spray"],"picked":"SKIP","floor":22},{"not_picked":["Dagger Throw","Underhanded Strike","Quick Slash"],"picked":"SKIP","floor":25},{"not_picked":["Slice","Blade Dance","Dagger Throw"],"picked":"SKIP","floor":31},{"not_picked":["Envenom","Wraith Form v2"],"picked":"Corpse Explosion","floor":33},{"not_picked":["Calculated Gamble","Dagger Throw"],"picked":"Leg Sweep","floor":35},{"not_picked":["Endless Agony","Blur","Heel Hook"],"picked":"SKIP","floor":36},{"not_picked":["Deflect","Bane"],"picked":"Acrobatics+1","floor":37},{"not_picked":["Poisoned Stab","Choke+1","Acrobatics"],"picked":"SKIP","floor":39},{"not_picked":["Heel Hook+1","Calculated Gamble"],"picked":"Catalyst","floor":40},{"not_picked":["Deflect+1","Dagger Spray"],"picked":"Catalyst","floor":46},{"not_picked":["Envenom","Distraction+1","Expertise"],"picked":"SKIP","floor":48},{"not_picked":["Quick Slash+1","Endless Agony","Flying Knee"],"picked":"SKIP","floor":55},{"not_picked":["Quick Slash+1","Endless Agony","Flying Knee"],"picked":"SKIP","floor":55}],"player_experience":513854,"relics_obtained":[{"floor":6,"key":"Mercury Hourglass"},{"floor":8,"key":"Paper Crane"},{"floor":9,"key":"Meat on the Bone"},{"floor":10,"key":"Tiny Chest"},{"floor":25,"key":"Anchor"},{"floor":26,"key":"Mummified Hand"},{"floor":27,"key":"Enchiridion"},{"floor":28,"key":"Turnip"},{"floor":40,"key":"Matryoshka"},{"floor":43,"key":"Snake Skull"},{"floor":47,"key":"War Paint"},{"floor":47,"key":"Regal Pillow"},{"floor":55,"key":"Centennial Puzzle"}],"event_choices":[{"damage_healed":0,"gold_gain":0,"player_choice":"Leave","damage_taken":0,"max_hp_gain":0,"max_hp_loss":0,"event_name":"The Cleric","floor":2,"gold_loss":0},{"cards_removed":["Strike_G"],"damage_healed":0,"gold_gain":0,"player_choice":"Purged","damage_taken":0,"max_hp_gain":0,"max_hp_loss":0,"event_name":"Purifier","floor":4,"gold_loss":0},{"damage_healed":0,"gold_gain":0,"player_choice":"Fight","damage_taken":0,"max_hp_gain":0,"max_hp_loss":0,"event_name":"Colosseum","floor":24,"gold_loss":0},{"damage_healed":0,"gold_gain":0,"player_choice":"Fled From Nobs","damage_taken":0,"max_hp_gain":0,"max_hp_loss":0,"event_name":"Colosseum","floor":24,"gold_loss":0},{"damage_healed":0,"gold_gain":0,"player_choice":"Obtained Book","damage_taken":21,"max_hp_gain":0,"max_hp_loss":0,"event_name":"Cursed Tome","floor":27,"gold_loss":0},{"damage_healed":0,"gold_gain":0,"player_choice":"Ignored","damage_taken":0,"max_hp_gain":0,"max_hp_loss":0,"event_name":"Mysterious Sphere","floor":42,"gold_loss":0},{"damage_healed":0,"gold_gain":0,"player_choice":"Got Potions","damage_taken":0,"max_hp_gain":0,"max_hp_loss":0,"event_name":"Lab","floor":44,"gold_loss":0}],"is_beta":false,"boss_relics":[{"not_picked":["Empty Cage","Philosopher\u0027s Stone"],"picked":"Coffee Dripper"},{"not_picked":["Busted Crown","HoveringKite"],"picked":"Lizard Tail"}],"items_purged_floors":[21,29,38],"is_endless":false,"potions_floor_spawned":[1,10,12,16,24,25,31,33,35,36,37,46,48,55],"killed_by":"The Heart","ascension_level":20}