{"gold_per_floor":[119,20,20,43,66,105,121,121],"floor_reached":8,"playtime":385,"items_purged":["Pain"],"score":73,"play_id":"d551d0f8-6391-49b5-99ac-d05c3acd50dd","local_time":"20190707205845","is_ascension_mode":true,"campfire_choices":[],"neow_cost":"NONE","seed_source_timestamp":948443289399100,"circlet_count":0,"master_deck":["Strike_B","Strike_B","Strike_B","Strike_B","Defend_B","Defend_B","Defend_B","Defend_B","Zap","Dualcast","Shame","Clumsy","Cold Snap","Coolheaded","Hologram","Biased Cognition","Cold Snap"],"relics":["Calling Bell","Bag of Preparation","Mercury Hourglass","Girya","Golden Idol","Happy Flower"],"potions_floor_usage":[8],"damage_taken":[{"damage":3,"enemies":"Cultist","floor":1,"turns":3},{"damage":4,"enemies":"Jaw Worm","floor":4,"turns":5},{"damage":1,"enemies":"Small Slimes","floor":5,"turns":4},{"damage":43,"enemies":"Lagavulin","floor":6,"turns":8},{"damage":9,"enemies":"Exordium Wildlife","floor":7,"turns":3},{"damage":16,"enemies":"3 Sentries","floor":8,"turns":10}],"seed_played":"-5670006847931557441","potions_obtained":[{"floor":7,"key":"SpeedPotion"}],"is_trial":false,"path_per_floor":["M","$","?","M","M","E","M","E"],"character_chosen":"DEFECT","items_purchased":["Coolheaded"],"campfire_rested":0,"item_purchase_floors":[2],"current_hp_per_floor":[72,72,69,65,64,21,12,0],"gold":121,"neow_bonus":"BOSS_RELIC","is_prod":false,"is_daily":false,"chose_seed":false,"campfire_upgraded":0,"win_rate":0,"timestamp":1562525925,"path_taken":["M","$","?","M","M","E","M","E"],"build_version":"2019-07-05","purchased_purges":1,"victory":false,"max_hp_per_floor":[75,75,69,69,69,69,69,69],"card_choices":[{"not_picked":["Heatsinks","Streamline"],"picked":"Cold Snap","floor":1},{"not_picked":["Sweeping Beam","Hello World"],"picked":"Hologram","floor":4},{"not_picked":["Consume","Hologram","Undo"],"picked":"SKIP","floor":5},{"not_picked":["Hello World","Sweeping Beam"],"picked":"Biased Cognition","floor":6},{"not_picked":["Turbo","Sweeping Beam"],"picked":"Cold Snap","floor":7}],"player_experience":314559,"relics_obtained":[{"floor":0,"key":"Bag of Preparation"},{"floor":0,"key":"Mercury Hourglass"},{"floor":0,"key":"Girya"},{"floor":6,"key":"Happy Flower"}],"event_choices":[{"damage_healed":0,"gold_gain":0,"player_choice":"Lose Max HP","damage_taken":0,"relics_obtained":["Golden Idol"],"max_hp_gain":0,"max_hp_loss":6,"event_name":"Golden Idol","floor":3,"gold_loss":0}],"is_beta":false,"boss_relics":[],"items_purged_floors":[2],"is_endless":false,"potions_floor_spawned":[7],"killed_by":"3 Sentries","ascension_level":5}