{"path_per_floor":["M","$","?","T","M","E","M","R","T","R","M","$","M","?","R","B",null,"M","?","M","M","?","R","E","R","T","E","R","?","M","?","R","B",null,"M","M","?","?","$","E","?","?","T","?","E","$","R","M","R","B"],"character_chosen":"IRONCLAD","items_purchased":["Reaper","Juzu Bracelet","Regal Pillow"],"gold_per_floor":[12,12,12,89,109,140,154,154,154,154,168,25,38,138,138,234,234,246,246,256,266,191,191,217,217,217,245,245,335,345,260,260,365,365,381,393,393,393,16,50,50,50,75,175,206,106,106,123,123,123],"floor_reached":51,"campfire_rested":2,"playtime":4185,"current_hp_per_floor":[80,80,64,64,64,42,48,48,48,48,54,54,66,66,66,61,80,80,80,72,58,58,58,74,74,74,46,70,54,71,71,71,19,80,80,80,80,70,70,65,65,65,65,65,52,52,52,44,80,58],"items_purged":["Strike_R","Defend_R"],"gold":123,"score":589,"play_id":"3faeba36-9b59-4da7-80e6-9130922cc9e8","is_prod":false,"is_daily":false,"is_ascension_mode":false,"campfire_upgraded":7,"path_taken":["M","$","?","?","M","E","M","R","T","R","M","?","?","?","R","BOSS","M","?","M","M","?","R","E","R","T","E","R","?","?","?","R","BOSS","M","M","?","?","$","E","?","?","T","?","E","$","R","M","R","BOSS"],"build_version":"2018-02-15-PROD1","purchased_purges":4,"victory":true,"master_deck":["Strike_R+1","Defend_R","Defend_R","Defend_R+1","Bash+1","Demon Form+1","Infernal Blade+1","Spot Weakness+1","Headbutt+1","Body Slam+1","Reaper+1","Armaments+1","Offering+1","Heavy Blade+1","Headbutt+1","Impervious+1","Spot Weakness+1","Shrug It Off+1","Madness+1","Madness+1","Heavy Blade+1","Limit Break+1"],"max_hp_per_floor":[80,80,80,80,80,80,80,80,80,80,80,80,80,80,80,80,80,80,80,80,80,80,80,80,80,80,80,80,80,80,80,80,80,80,80,80,80,80,80,80,80,80,80,80,80,80,80,80,80,80],"relics":["Burning Blood","Toxic Egg 2","Kunai","Torii","Black Star","Bag of Marbles","Anchor","Frozen Eye","Pen Nib","Bronze Scales","Oddly Smooth Stone","Sozu","Juzu Bracelet","Regal Pillow","Red Skull","Thread and Needle","Whetstone","Ancient Tea Set","Bag of Preparation"],"card_choices":[{"not_picked":["Berserk","Reaper"],"picked":"Demon Form"},{"not_picked":["True Grit","Twin Strike"],"picked":"Infernal Blade"},{"not_picked":["Perfected Strike","Headbutt"],"picked":"Spot Weakness"},{"not_picked":["Rupture","Hemokinesis"],"picked":"Headbutt"},{"not_picked":["Warcry","Cleave"],"picked":"Body Slam"},{"not_picked":["Thunderclap","Rage"],"picked":"Armaments"},{"not_picked":["Fiend Fire","Impervious"],"picked":"Offering"},{"not_picked":["Disarm","Iron Wave"],"picked":"Headbutt"},{"not_picked":["Reaper","Brutality"],"picked":"Impervious"},{"not_picked":["Blood for Blood","Feel No Pain"],"picked":"Spot Weakness"},{"not_picked":["Headbutt","Clash"],"picked":"Shrug It Off"},{"not_picked":["Thunderclap","Feel No Pain"],"picked":"Heavy Blade"},{"not_picked":["Shrug It Off","Flex"],"picked":"Limit Break"}],"player_experience":9630,"potions_floor_usage":[7,16],"damage_taken":[{"damage":2,"enemies":"Small Slimes","floor":1,"turns":4},{"damage":6,"enemies":"2 Louse","floor":5,"turns":3},{"damage":28,"enemies":"Lagavulin","floor":6,"turns":5},{"damage":0,"enemies":"Jaw Worm","floor":7,"turns":2},{"damage":0,"enemies":"Exordium Wildlife","floor":11,"turns":3},{"damage":6,"enemies":"Exordium Thugs","floor":13,"turns":3},{"damage":17,"enemies":"Slime Boss","floor":16,"turns":8},{"damage":16,"enemies":"3 Byrds","floor":18,"turns":6},{"damage":21,"enemies":"Spheric Guardian","floor":20,"turns":4},{"damage":33,"enemies":"Snake Plant","floor":21,"turns":4},{"damage":22,"enemies":"Gremlin Leader","floor":24,"turns":5},{"damage":46,"enemies":"Book of Stabbing","floor":27,"turns":6},{"damage":5,"enemies":"Cultist and Chosen","floor":30,"turns":4},{"damage":68,"enemies":"Collector","floor":33,"turns":6},{"damage":19,"enemies":"3 Darklings","floor":35,"turns":6},{"damage":15,"enemies":"3 Shapes","floor":36,"turns":4},{"damage":11,"enemies":"Nemesis","floor":40,"turns":5},{"damage":19,"enemies":"2 Orb Walkers","floor":45,"turns":4},{"damage":26,"enemies":"Maw","floor":48,"turns":5},{"damage":33,"enemies":"Donu and Deca","floor":50,"turns":5}],"event_choices":[{"event_name":"Shining Light","player_choice":"Entered Light","floor":3,"damage_taken":0},{"event_name":"Golden Shrine","player_choice":"Pray","floor":14,"damage_taken":0},{"event_name":"The Library","player_choice":"Read","floor":19,"damage_taken":0},{"event_name":"Beggar","player_choice":"Gave Gold","floor":22,"damage_taken":0},{"event_name":"Knowing Skull","player_choice":"GOLD ","floor":29,"damage_taken":0},{"event_name":"Addict","player_choice":"Obtained Relic","floor":31,"damage_taken":0},{"event_name":"Bonfire Elementals","player_choice":"BASIC","floor":37,"damage_taken":0},{"event_name":"Winding Halls","player_choice":"Embrace Madness","floor":38,"damage_taken":0},{"event_name":"The Lab","player_choice":"Got Potions","floor":41,"damage_taken":0},{"event_name":"Golden Shrine","player_choice":"Pray","floor":44,"damage_taken":0}],"boss_relics":[{"not_picked":["Question Card","Lizard Tail"],"picked":"Black Star"},{"not_picked":["Velvet Choker","Runic Dome"],"picked":"Sozu"}],"potions_floor_spawned":[5,6,7,24,27,33,45,48],"seed_played":"2398779187036662262","ascension_level":0,"is_trial":false}