{"gold_per_floor":[114,64,79,95,65,92,46,46,96,113,130,186,197,197,197,197],"floor_reached":16,"playtime":1613,"items_purged":[],"score":102,"play_id":"2e794263-d828-45bd-a00d-383f72d24ed9","local_time":"20190707175735","is_ascension_mode":false,"campfire_choices":[{"floor":8,"key":"REST"},{"floor":15,"key":"REST"}],"neow_cost":"NONE","seed_source_timestamp":697198963013131,"circlet_count":0,"master_deck":["Strike_G+1","Strike_G+1","Strike_G","Strike_G","Defend_G","Defend_G","Defend_G","Defend_G","Survivor","Neutralize","Phantasmal Killer","Backflip","PiercingWail","Backstab","Crippling Poison","Blade Dance","PiercingWail","Phantasmal Killer","Blade Dance","Dodge and Roll","Dagger Spray"],"relics":["Ring of the Snake","Whetstone","Vajra","Smiling Mask"],"potions_floor_usage":[12,12],"damage_taken":[{"damage":0,"enemies":"2 Louse","floor":1,"turns":4},{"damage":0,"enemies":"Small Slimes","floor":3,"turns":3},{"damage":0,"enemies":"Cultist","floor":4,"turns":3},{"damage":0,"enemies":"Looter","floor":5,"turns":4},{"damage":48,"enemies":"3 Sentries","floor":6,"turns":15},{"damage":10,"enemies":"Large Slime","floor":10,"turns":4},{"damage":4,"enemies":"Blue Slaver","floor":11,"turns":4},{"damage":15,"enemies":"3 Sentries","floor":12,"turns":9},{"damage":0,"enemies":"Looter","floor":13,"turns":3},{"damage":35,"enemies":"Hexaghost","floor":16,"turns":9}],"seed_played":"-8155434704346595641","potions_obtained":[{"floor":10,"key":"EssenceOfSteel"},{"floor":11,"key":"Swift Potion"},{"floor":12,"key":"LiquidBronze"},{"floor":13,"key":"Explosive Potion"}],"is_trial":false,"path_per_floor":["M","?","M","M","M","E","$","R","T","M","M","?","M","?","R","B"],"character_chosen":"THE_SILENT","items_purchased":["PiercingWail"],"campfire_rested":2,"item_purchase_floors":[7],"current_hp_per_floor":[70,70,70,70,70,22,22,43,43,33,29,14,14,14,35,0],"gold":197,"neow_bonus":"ONE_RANDOM_RARE_CARD","is_prod":false,"is_daily":false,"chose_seed":false,"campfire_upgraded":0,"win_rate":0.0,"timestamp":1562540255,"path_taken":["M","?","M","M","M","E","$","R","T","M","M","?","M","?","R","BOSS"],"build_version":"2019-07-05","purchased_purges":0,"victory":false,"max_hp_per_floor":[70,70,70,70,70,70,70,70,70,70,70,70,70,70,70,70],"card_choices":[{"not_picked":["Slice","Deadly Poison"],"picked":"Backflip","floor":1},{"not_picked":["Acrobatics","Underhanded Strike"],"picked":"PiercingWail","floor":3},{"not_picked":["Predator","Noxious Fumes"],"picked":"Backstab","floor":4},{"not_picked":["Outmaneuver","Bane"],"picked":"Crippling Poison","floor":5},{"not_picked":["PiercingWail","Infinite Blades"],"picked":"Blade Dance","floor":6},{"not_picked":["Slice","Acrobatics"],"picked":"Phantasmal Killer","floor":10},{"not_picked":["Poisoned Stab","Caltrops"],"picked":"Blade Dance","floor":11},{"not_picked":["Deadly Poison","Expertise"],"picked":"Dodge and Roll","floor":12},{"not_picked":["Deflect","Underhanded Strike"],"picked":"Dagger Spray","floor":13}],"player_experience":31945,"relics_obtained":[{"floor":6,"key":"Whetstone"},{"floor":9,"key":"Vajra"},{"floor":12,"key":"Smiling Mask"}],"event_choices":[{"cards_removed":["Defend_G"],"damage_healed":0,"gold_gain":0,"player_choice":"Card Removal","damage_taken":0,"max_hp_gain":0,"max_hp_loss":0,"event_name":"The Cleric","floor":2,"gold_loss":50},{"damage_healed":0,"gold_gain":0,"player_choice":"Searched \u00271\u0027 times","damage_taken":0,"max_hp_gain":0,"max_hp_loss":0,"event_name":"Dead Adventurer","floor":12,"gold_loss":0},{"cards_removed":["Strike_G"],"damage_healed":0,"gold_gain":0,"player_choice":"Purged","damage_taken":0,"max_hp_gain":0,"max_hp_loss":0,"event_name":"Purifier","floor":14,"gold_loss":0}],"is_beta":false,"boss_relics":[],"items_purged_floors":[],"is_endless":false,"potions_floor_spawned":[10,11,12,13],"killed_by":"Hexaghost","ascension_level":0}