{"gold_per_floor":[119,119,137,10,30,30,66,66,66,91,91,51,51,84,84,210,210,231,35,60,78,78,177,177,220,220,220],"floor_reached":27,"playtime":1915,"items_purged":["Strike_B"],"score":313,"play_id":"53a0b8b4-eb06-44b2-8a40-c4e700109a98","local_time":"20190712002201","is_ascension_mode":true,"campfire_choices":[{"data":"Zap","floor":6.0,"key":"SMITH"},{"floor":8.0,"key":"RECALL"},{"data":"Strike_B","floor":11.0,"key":"PURGE"},{"data":"Defend_B","floor":15.0,"key":"PURGE"},{"floor":24.0,"key":"REST"}],"neow_cost":"NONE","seed_source_timestamp":67056038358093,"circlet_count":0,"master_deck":["Strike_B","Strike_B","Defend_B","Defend_B","Zap+1","Dualcast","Barrage","Gash","Conserve Battery","Coolheaded","Sweeping Beam","Darkness","Coolheaded","Machine Learning","White Noise","Core Surge","Cold Snap","Static Discharge","Beam Cell","Self Repair","Ghostly","Ghostly","Ghostly","Ghostly","Ghostly","Auto Shields+1"],"special_seed":0,"relics":["Cracked Core","Ancient Tea Set","Golden Idol","Gambling Chip","Peace Pipe","Odd Mushroom","Kunai","Inserter","Pocketwatch"],"potions_floor_usage":[27],"damage_taken":[{"damage":0.0,"enemies":"Small Slimes","floor":1.0,"turns":2.0},{"damage":0.0,"enemies":"2 Louse","floor":3.0,"turns":2.0},{"damage":0.0,"enemies":"Cultist","floor":5.0,"turns":4.0},{"damage":6.0,"enemies":"3 Sentries","floor":7.0,"turns":8.0},{"damage":4.0,"enemies":"The Mushroom Lair","floor":10.0,"turns":4.0},{"damage":9.0,"enemies":"Gremlin Nob","floor":14.0,"turns":3.0},{"damage":20.0,"enemies":"Slime Boss","floor":16.0,"turns":9.0},{"damage":15.0,"enemies":"Spheric Guardian","floor":18.0,"turns":4.0},{"damage":24.0,"enemies":"3 Byrds","floor":20.0,"turns":4.0},{"damage":30.0,"enemies":"3 Cultists","floor":21.0,"turns":4.0},{"damage":0.0,"enemies":"Book of Stabbing","floor":25.0,"turns":7.0},{"damage":28,"enemies":"Gremlin Leader","floor":27,"turns":7}],"seed_played":"805286682042231222","potions_obtained":[{"floor":1.0,"key":"SkillPotion"},{"floor":10.0,"key":"Energy Potion"},{"floor":16.0,"key":"SpeedPotion"},{"floor":21.0,"key":"FearPotion"},{"floor":25.0,"key":"GamblersBrew"}],"is_trial":false,"path_per_floor":["M","?","M","$","M","R","E","R","T","?","R","?","?","E","R","B",null,"M","$","M","M","?","?","R","E","T","E"],"character_chosen":"DEFECT","items_purchased":["Conserve Battery","Core Surge","Cold Snap","Static Discharge"],"campfire_rested":1,"item_purchase_floors":[4,19,19,19],"current_hp_per_floor":[75,57,57,57,57,57,51,51,51,47,47,47,40,31,31,11,75,60,60,36,6,6,6,17,24,24,0],"gold":220,"neow_bonus":"RANDOM_COMMON_RELIC","is_prod":false,"is_daily":false,"chose_seed":false,"campfire_upgraded":1,"win_rate":0,"timestamp":1562916121,"path_taken":["M","?","M","$","M","R","E","R","T","?","R","?","?","E","R","BOSS","M","$","M","M","?","?","R","E","T","E"],"build_version":"2019-07-05","purchased_purges":1,"victory":false,"max_hp_per_floor":[75,75,75,75,75,75,75,75,75,75,75,75,75,75,75,75,75,75,75,75,75,37,37,37,37,37,37],"card_choices":[{"not_picked":["Reinforced Body","Steam"],"picked":"Barrage","floor":1.0},{"not_picked":["Skim","Leap"],"picked":"Gash","floor":3.0},{"not_picked":["Ball Lightning","Loop"],"picked":"Coolheaded","floor":5.0},{"not_picked":["Compile Driver","Meteor Strike"],"picked":"Sweeping Beam","floor":7.0},{"not_picked":["Reinforced Body","Leap"],"picked":"Darkness","floor":10.0},{"not_picked":["Sunder","Sweeping Beam"],"picked":"Coolheaded","floor":14.0},{"not_picked":["Fission","Hyperbeam"],"picked":"Machine Learning","floor":16.0},{"not_picked":["Hello World","Barrage"],"picked":"White Noise","floor":18.0},{"not_picked":["Steam","Barrage+1"],"picked":"Beam Cell","floor":20.0},{"not_picked":["Coolheaded","Blizzard+1"],"picked":"Self Repair","floor":21.0},{"not_picked":["Redo+1","Hello World+1"],"picked":"Auto Shields+1","floor":25.0}],"player_experience":164036,"relics_obtained":[{"floor":7.0,"key":"Gambling Chip"},{"floor":9.0,"key":"Peace Pipe"},{"floor":10.0,"key":"Odd Mushroom"},{"floor":14.0,"key":"Kunai"},{"floor":25.0,"key":"Pocketwatch"}],"event_choices":[{"damage_healed":0.0,"max_hp_gain":0.0,"max_hp_loss":0.0,"gold_gain":0.0,"event_name":"Golden Idol","player_choice":"Take Damage","floor":2.0,"gold_loss":0.0,"damage_taken":18.0,"relics_obtained":["Golden Idol"]},{"damage_healed":0.0,"max_hp_gain":0.0,"max_hp_loss":0.0,"gold_gain":0.0,"event_name":"Mushrooms","player_choice":"Fought Mushrooms","floor":10.0,"gold_loss":0.0,"damage_taken":0.0},{"damage_healed":0.0,"max_hp_gain":0.0,"max_hp_loss":0.0,"gold_gain":0.0,"event_name":"World of Goop","player_choice":"Left Gold","floor":12.0,"gold_loss":40.0,"damage_taken":0.0},{"cards_removed":["Defend_B"],"damage_healed":0.0,"max_hp_gain":0.0,"max_hp_loss":0.0,"gold_gain":0.0,"event_name":"Golden Wing","player_choice":"Card Removal","floor":13.0,"gold_loss":0.0,"damage_taken":7.0},{"damage_healed":0.0,"max_hp_gain":0.0,"max_hp_loss":38.0,"gold_gain":0.0,"event_name":"Ghosts","player_choice":"Became a Ghost","floor":22.0,"gold_loss":0.0,"damage_taken":0.0,"cards_obtained":["Ghostly","Ghostly","Ghostly","Ghostly","Ghostly"]},{"damage_healed":0.0,"max_hp_gain":0.0,"max_hp_loss":0.0,"gold_gain":99.0,"event_name":"Nest","player_choice":"Stole From Cult","floor":23.0,"gold_loss":0.0,"damage_taken":0.0}],"is_beta":false,"boss_relics":[{"not_picked":["Ectoplasm","Lizard Tail"],"picked":"Inserter"}],"items_purged_floors":[4],"is_endless":false,"potions_floor_spawned":[1,10,16,21,25],"killed_by":"Gremlin Leader","ascension_level":2}