{"gold_per_floor":[116,116,127,138,150,182,182,199,199,216,216,98,111,126,126,229,229,211,211,223,223],"floor_reached":21,"playtime":1670,"items_purged":[],"score":185,"play_id":"dde2ada4-8552-4801-89a1-b2cd9b670519","local_time":"20190708130634","is_ascension_mode":false,"campfire_choices":[{"floor":7,"key":"REST"},{"floor":11,"key":"REST"},{"floor":15,"key":"REST"}],"neow_cost":"NONE","seed_source_timestamp":773924214478191,"circlet_count":0,"master_deck":["Strike_B","Strike_B","Strike_B","Strike_B","Defend_B","Defend_B","Defend_B","Defend_B","Zap","Dualcast","Fusion","Coolheaded","Auto Shields","Streamline","Defragment","Buffer","Rebound","Consume","Consume","Blizzard","Compile Driver","Compile Driver","Rebound","Meteor Strike","Coolheaded+1","Cold Snap"],"relics":["Cracked Core","Ancient Tea Set","Mercury Hourglass","Velvet Choker"],"potions_floor_usage":[],"damage_taken":[{"damage":2,"enemies":"Jaw Worm","floor":1,"turns":3},{"damage":0,"enemies":"Cultist","floor":3,"turns":4},{"damage":0,"enemies":"2 Louse","floor":4,"turns":2},{"damage":6,"enemies":"Exordium Thugs","floor":5,"turns":5},{"damage":37,"enemies":"3 Sentries","floor":6,"turns":10},{"damage":0,"enemies":"Large Slime","floor":8,"turns":6},{"damage":14,"enemies":"3 Louse","floor":10,"turns":3},{"damage":12,"enemies":"2 Fungi Beasts","floor":13,"turns":3},{"damage":10,"enemies":"Looter","floor":14,"turns":3},{"damage":52,"enemies":"Slime Boss","floor":16,"turns":9},{"damage":25,"enemies":"2 Thieves","floor":18,"turns":4},{"damage":15,"enemies":"Shell Parasite","floor":20,"turns":5},{"damage":46,"enemies":"Shelled Parasite and Fungi","floor":21,"turns":5}],"seed_played":"97952769588380778","potions_obtained":[{"floor":1,"key":"FocusPotion"},{"floor":5,"key":"Dexterity Potion"},{"floor":13,"key":"SkillPotion"}],"is_trial":false,"path_per_floor":["M","?","M","M","M","E","R","M","T","M","R","$","M","M","R","B",null,"M","?","M","M"],"character_chosen":"DEFECT","items_purchased":["Blizzard","Compile Driver"],"campfire_rested":3,"item_purchase_floors":[12,12],"current_hp_per_floor":[80,80,80,80,74,37,61,61,61,47,71,71,59,49,73,21,82,57,57,42,0],"gold":223,"neow_bonus":"TEN_PERCENT_HP_BONUS","is_prod":false,"is_daily":false,"chose_seed":false,"campfire_upgraded":0,"win_rate":0.0,"timestamp":1562609194,"path_taken":["M","?","?","M","M","E","R","M","T","?","R","$","M","M","R","BOSS","M","?","M","M"],"build_version":"2019-07-05","purchased_purges":0,"victory":false,"max_hp_per_floor":[82,82,82,82,82,82,82,82,82,82,82,82,82,82,82,82,82,82,82,82,82],"card_choices":[{"not_picked":["Steam","Leap"],"picked":"Fusion","floor":1},{"not_picked":["Turbo","Rebound"],"picked":"Streamline","floor":3},{"not_picked":["Sunder","Go for the Eyes"],"picked":"Defragment","floor":4},{"not_picked":["Ball Lightning","Go for the Eyes"],"picked":"Buffer","floor":5},{"not_picked":["Conserve Battery","Beam Cell"],"picked":"Rebound","floor":6},{"not_picked":["Ball Lightning","Steam Power"],"picked":"Consume","floor":8},{"not_picked":["Steam","BootSequence"],"picked":"Consume","floor":10},{"not_picked":["Scrape","Gash"],"picked":"Compile Driver","floor":13},{"not_picked":["Stack","Gash"],"picked":"Rebound","floor":14},{"not_picked":["Thunder Strike","Buffer"],"picked":"Meteor Strike","floor":16},{"not_picked":["Double Energy","Go for the Eyes+1"],"picked":"Coolheaded+1","floor":18},{"not_picked":["Stack","Consume"],"picked":"Cold Snap","floor":20}],"player_experience":56876,"relics_obtained":[{"floor":6,"key":"Ancient Tea Set"},{"floor":9,"key":"Mercury Hourglass"}],"event_choices":[{"damage_healed":0,"gold_gain":0,"player_choice":"2 cards matched","damage_taken":0,"max_hp_gain":0,"max_hp_loss":0,"event_name":"Match and Keep!","floor":2,"gold_loss":0,"cards_obtained":["Coolheaded","Auto Shields"]},{"damage_healed":0,"gold_gain":0,"player_choice":"Ignored","damage_taken":0,"max_hp_gain":0,"max_hp_loss":0,"event_name":"Cursed Tome","floor":19,"gold_loss":0}],"is_beta":false,"boss_relics":[{"not_picked":["Fusion Hammer","Orrery"],"picked":"Velvet Choker"}],"items_purged_floors":[],"is_endless":false,"potions_floor_spawned":[1,3,5,13],"killed_by":"Shelled Parasite and Fungi","ascension_level":0}