{"gold_per_floor":[111,40,40,56,75,75,109,109,183,202,216,13,32,44,44,142,142,155,172,15,15,15,15,44,62,143,153,153,9,21,55,55,155,155,173,27,46,61,76,76,90,109,109,9,29,0,32,32,32,32],"floor_reached":51,"playtime":4687,"items_purged":["Strike_G","Pain"],"score":1017,"play_id":"281de7c6-d999-4f6d-828f-58bff3eb9a7a","local_time":"20190718204448","is_ascension_mode":true,"campfire_choices":[{"data":"Footwork","floor":6,"key":"SMITH"},{"floor":8,"key":"REST"},{"data":"Footwork","floor":15,"key":"SMITH"},{"data":"A Thousand Cuts","floor":23,"key":"SMITH"},{"data":"Caltrops","floor":28,"key":"SMITH"},{"data":"A Thousand Cuts","floor":32,"key":"SMITH"},{"data":"Wraith Form v2","floor":40,"key":"SMITH"},{"floor":49,"key":"REST"}],"neow_cost":"NONE","seed_source_timestamp":68839269373894,"circlet_count":0,"master_deck":["Strike_G","Strike_G","Strike_G","Strike_G","Defend_G","Defend_G","Defend_G","Defend_G","Defend_G","Survivor","Neutralize+1","Dagger Throw","Footwork+1","All Out Attack","Footwork+1","Dodge and Roll","Dagger Spray","Cloak And Dagger","A Thousand Cuts+1","Cloak And Dagger","Caltrops+1","Glass Knife","Blur","Ghostly","Ghostly","Ghostly","Ghostly","Ghostly","Backflip+1","Endless Agony+1","Dodge and Roll+1","Footwork","A Thousand Cuts+1","Wraith Form v2+1","Backflip","A Thousand Cuts","Infinite Blades+1","Parasite","Finisher+1","Dodge and Roll+1","Noxious Fumes+1","A Thousand Cuts"],"relics":["Ring of the Snake","Pen Nib","Gremlin Horn","Medical Kit","Philosopher\u0027s Stone","Girya","Meat on the Bone","Shovel","Cursed Key","Snake Skull","Red Mask","Juzu Bracelet"],"potions_floor_usage":[16,16,16,27,33,33,39,45,47],"damage_taken":[{"damage":0,"enemies":"2 Louse","floor":1,"turns":5},{"damage":0,"enemies":"Cultist","floor":4,"turns":4},{"damage":0,"enemies":"Jaw Worm","floor":5,"turns":4},{"damage":15,"enemies":"3 Sentries","floor":7,"turns":12},{"damage":0,"enemies":"3 Louse","floor":10,"turns":4},{"damage":7,"enemies":"Exordium Thugs","floor":11,"turns":5},{"damage":9,"enemies":"Lots of Slimes","floor":13,"turns":3},{"damage":0,"enemies":"Blue Slaver","floor":14,"turns":5},{"damage":38,"enemies":"Slime Boss","floor":16,"turns":10},{"damage":0,"enemies":"3 Byrds","floor":18,"turns":4},{"damage":5,"enemies":"Chosen","floor":19,"turns":8},{"damage":2,"enemies":"Book of Stabbing","floor":24,"turns":7},{"damage":0,"enemies":"Centurion and Healer","floor":25,"turns":8},{"damage":0,"enemies":"Snake Plant","floor":27,"turns":6},{"damage":6,"enemies":"Snecko","floor":30,"turns":8},{"damage":3,"enemies":"Slavers","floor":31,"turns":5},{"damage":13,"enemies":"Automaton","floor":33,"turns":13},{"damage":1,"enemies":"Orb Walker","floor":35,"turns":5},{"damage":0,"enemies":"3 Shapes","floor":37,"turns":5},{"damage":0,"enemies":"Maw","floor":38,"turns":9},{"damage":3,"enemies":"Writhing Mass","floor":39,"turns":9},{"damage":4,"enemies":"3 Darklings","floor":41,"turns":5},{"damage":0,"enemies":"Maw","floor":42,"turns":9},{"damage":1,"enemies":"Sphere and 2 Shapes","floor":45,"turns":5},{"damage":0,"enemies":"Reptomancer","floor":47,"turns":7},{"damage":16,"enemies":"Time Eater","floor":50,"turns":12}],"seed_played":"-1147326405177131010","potions_obtained":[{"floor":1,"key":"Regen Potion"},{"floor":3,"key":"PowerPotion"},{"floor":3,"key":"LiquidBronze"},{"floor":19,"key":"Poison Potion"},{"floor":24,"key":"Regen Potion"},{"floor":30,"key":"LiquidBronze"},{"floor":33,"key":"FearPotion"},{"floor":35,"key":"GhostInAJar"},{"floor":38,"key":"PowerPotion"},{"floor":42,"key":"SpeedPotion"},{"floor":47,"key":"Weak Potion"}],"is_trial":false,"path_per_floor":["M","$","?","M","M","R","E","R","T","M","M","$","M","M","R","B",null,"M","M","$","?","?","R","E","M","T","M","R","$","M","E","R","B",null,"M","$","M","M","M","R","M","M","T","$","M","?","E","?","R","B",null],"character_chosen":"THE_SILENT","items_purchased":["Footwork","Medical Kit","Glass Knife","Footwork","A Thousand Cuts"],"campfire_rested":2,"item_purchase_floors":[2,12,20,29,36],"current_hp_per_floor":[63,63,63,63,63,63,48,69,69,69,62,62,53,53,53,30,60,60,55,55,55,35,35,33,33,33,33,33,33,27,24,24,22,32,31,31,31,31,28,28,24,24,24,24,23,23,23,23,33,29],"gold":32,"neow_bonus":"UPGRADE_CARD","is_prod":false,"is_daily":false,"chose_seed":false,"campfire_upgraded":6,"win_rate":0,"timestamp":1563500688,"path_taken":["M","$","?","M","M","R","E","R","T","M","M","$","?","M","R","BOSS","M","M","$","?","?","R","E","M","T","?","R","$","M","E","R","BOSS","M","$","?","M","M","R","M","M","T","$","M","?","E","?","R","BOSS"],"build_version":"2019-07-17","purchased_purges":2,"victory":true,"max_hp_per_floor":[70,70,70,70,70,70,70,70,70,70,70,70,70,70,70,70,70,70,70,70,70,35,35,35,35,35,35,35,35,35,35,35,35,35,35,35,35,35,35,35,35,35,35,35,35,35,35,35,35,35],"card_choices":[{"not_picked":["Accuracy","Reflex"],"picked":"Dagger Throw","floor":1},{"not_picked":["Terror","Dagger Throw"],"picked":"All Out Attack","floor":4},{"not_picked":["Deadly Poison","Reflex"],"picked":"Footwork","floor":5},{"not_picked":["Malaise","Slice"],"picked":"Dodge and Roll","floor":7},{"not_picked":["PiercingWail","Dagger Throw","Masterful Stab"],"picked":"SKIP","floor":10},{"not_picked":["Blade Dance","Dagger Throw"],"picked":"Dagger Spray","floor":11},{"not_picked":["Endless Agony","Dagger Throw","Calculated Gamble"],"picked":"SKIP","floor":13},{"not_picked":["Blade Dance","Expertise"],"picked":"Cloak And Dagger","floor":14},{"not_picked":["Tools of the Trade","Grand Finale"],"picked":"A Thousand Cuts","floor":16},{"not_picked":["Infinite Blades","Escape Plan+1"],"picked":"Cloak And Dagger","floor":18},{"not_picked":["Backstab","All Out Attack"],"picked":"Caltrops","floor":19},{"not_picked":["Dodge and Roll","Expertise"],"picked":"Backflip+1","floor":24},{"not_picked":["Slice","Setup+1"],"picked":"Endless Agony+1","floor":25},{"not_picked":["Footwork","Quick Slash"],"picked":"Dodge and Roll+1","floor":27},{"not_picked":["Deadly Poison","Predator","Choke"],"picked":"SKIP","floor":30},{"not_picked":["Slice","Cloak And Dagger"],"picked":"A Thousand Cuts","floor":31},{"not_picked":["Bullet Time","Die Die Die"],"picked":"Wraith Form v2","floor":33},{"not_picked":["Outmaneuver+1","Flechettes+1"],"picked":"Backflip","floor":35},{"not_picked":["Blade Dance","Slice"],"picked":"Infinite Blades+1","floor":37},{"not_picked":["Terror","Predator","Masterful Stab+1"],"picked":"SKIP","floor":38},{"not_picked":["Flying Knee+1","Underhanded Strike"],"picked":"Finisher+1","floor":39},{"not_picked":["Flying Knee","PiercingWail","Bane+1"],"picked":"SKIP","floor":41},{"not_picked":["Finisher","Quick Slash"],"picked":"Dodge and Roll+1","floor":42},{"not_picked":["Prepared+1","Bane"],"picked":"Noxious Fumes+1","floor":45},{"not_picked":["Sucker Punch","Caltrops"],"picked":"A Thousand Cuts","floor":47}],"player_experience":168584,"relics_obtained":[{"floor":7,"key":"Pen Nib"},{"floor":9,"key":"Gremlin Horn"},{"floor":24,"key":"Girya"},{"floor":26,"key":"Meat on the Bone"},{"floor":31,"key":"Shovel"},{"floor":43,"key":"Snake Skull"},{"floor":47,"key":"Juzu Bracelet"}],"event_choices":[{"damage_healed":0,"gold_gain":0,"player_choice":"Got Potions","damage_taken":0,"max_hp_gain":0,"max_hp_loss":0,"event_name":"Lab","floor":3,"gold_loss":0},{"damage_healed":0,"gold_gain":0,"player_choice":"Read","damage_taken":0,"max_hp_gain":0,"max_hp_loss":0,"event_name":"The Library","floor":21,"gold_loss":0,"cards_obtained":["Blur"]},{"damage_healed":0,"gold_gain":0,"player_choice":"Became a Ghost","damage_taken":0,"max_hp_gain":0,"max_hp_loss":35,"event_name":"Ghosts","floor":22,"gold_loss":0,"cards_obtained":["Ghostly","Ghostly","Ghostly","Ghostly","Ghostly"]},{"damage_healed":0,"gold_gain":0,"player_choice":"Paid","damage_taken":0,"relics_obtained":["Red Mask"],"max_hp_gain":0,"max_hp_loss":0,"event_name":"Tomb of Lord Red Mask","floor":46,"gold_loss":29},{"damage_healed":0,"gold_gain":0,"player_choice":"Ignored","damage_taken":0,"max_hp_gain":0,"max_hp_loss":0,"event_name":"Mysterious Sphere","floor":48,"gold_loss":0}],"is_beta":false,"boss_relics":[{"not_picked":["Eternal Feather","HoveringKite"],"picked":"Philosopher\u0027s Stone"},{"not_picked":["Snecko Eye","Runic Dome"],"picked":"Cursed Key"}],"items_purged_floors":[29,44],"is_endless":false,"potions_floor_spawned":[1,7,11,14,19,24,30,33,35,38,42,47],"ascension_level":7}