{"gold_per_floor":[110,110,37,49,49,82,3,22,101,115,129,129,145,165,165,262,262,187,187,187,187,187,187,187,199,199,199,199,211,211,229,229,328,328,338,358,358,358,371,371,406,406,433,448,448,463,463,498,498,498],"floor_reached":51,"playtime":2048,"items_purged":[],"score":1132,"play_id":"6d6cde40-972b-47dc-bf86-189e161f41a4","local_time":"20190716212912","is_ascension_mode":true,"campfire_choices":[{"data":"Buffer","floor":12.0,"key":"SMITH"},{"data":"Defragment","floor":15.0,"key":"SMITH"},{"floor":23.0,"key":"REST"},{"data":"Biased Cognition","floor":28.0,"key":"SMITH"},{"floor":32.0,"key":"REST"},{"floor":40.0,"key":"REST"},{"floor":42.0,"key":"REST"},{"floor":47.0,"key":"REST"},{"floor":49.0,"key":"REST"}],"neow_cost":"NONE","seed_source_timestamp":232438520843900,"circlet_count":0,"master_deck":["AscendersBane","Strike_B","Strike_B+1","Strike_B+1","Defend_B","Defend_B+1","Defend_B","Defend_B+1","Zap+1","Dualcast","Gash","Gash","Buffer+1","Defragment+1","Biased Cognition+1","Chill","Biased Cognition","Chill","RitualDagger+1","Echo Form","All For One+1","Gash+1","Echo Form","Buffer","Gash+1","Loop+1"],"special_seed":0,"relics":["FrozenCore","NeowsBlessing","Bag of Marbles","War Paint","Molten Egg 2","Enchiridion","Darkstone Periapt","Nuclear Battery","Nunchaku","Whetstone","PreservedInsect"],"potions_floor_usage":[50,50],"damage_taken":[{"damage":0.0,"enemies":"Small Slimes","floor":1.0,"turns":1.0},{"damage":0.0,"enemies":"2 Louse","floor":4.0,"turns":1.0},{"damage":0.0,"enemies":"Gremlin Nob","floor":6.0,"turns":1.0},{"damage":0.0,"enemies":"Cultist","floor":8.0,"turns":3.0},{"damage":1.0,"enemies":"Red Slaver","floor":10.0,"turns":4.0},{"damage":1.0,"enemies":"2 Fungi Beasts","floor":11.0,"turns":2.0},{"damage":9.0,"enemies":"Looter","floor":13.0,"turns":3.0},{"damage":0.0,"enemies":"3 Louse","floor":14.0,"turns":5.0},{"damage":8.0,"enemies":"Slime Boss","floor":16.0,"turns":13.0},{"damage":0.0,"enemies":"2 Thieves","floor":18.0,"turns":5.0},{"damage":0.0,"enemies":"Spheric Guardian","floor":25.0,"turns":7.0},{"damage":0.0,"enemies":"Snecko","floor":29.0,"turns":8.0},{"damage":0.0,"enemies":"Snake Plant","floor":30.0,"turns":1.0},{"damage":3.0,"enemies":"Shelled Parasite and Fungi","floor":31.0,"turns":7.0},{"damage":70.0,"enemies":"Champ","floor":33.0,"turns":17.0},{"damage":7.0,"enemies":"3 Darklings","floor":35.0,"turns":7.0},{"damage":13.0,"enemies":"3 Shapes","floor":36.0,"turns":6.0},{"damage":14.0,"enemies":"Spire Growth","floor":39.0,"turns":6.0},{"damage":14.0,"enemies":"Nemesis","floor":41.0,"turns":6.0},{"damage":0.0,"enemies":"Sphere and 2 Shapes","floor":44.0,"turns":8.0},{"damage":5.0,"enemies":"Transient","floor":46.0,"turns":5.0},{"damage":26.0,"enemies":"Reptomancer","floor":48.0,"turns":6.0},{"damage":54,"enemies":"Awakened One","floor":50,"turns":13}],"seed_played":"2103113646024437872","potions_obtained":[{"floor":1.0,"key":"FocusPotion"},{"floor":4.0,"key":"Weak Potion"},{"floor":13.0,"key":"SmokeBomb"},{"floor":36.0,"key":"Poison Potion"},{"floor":39.0,"key":"Poison Potion"},{"floor":41.0,"key":"Ancient Potion"},{"floor":48.0,"key":"Dexterity Potion"}],"is_trial":false,"path_per_floor":["M","?","?","M","$","E","$","M","T","M","M","R","M","M","R","B",null,"M","$","?","?","?","R","?","M","T","$","R","M","M","M","R","B",null,"M","M","$","?","M","R","E","R","T","M","?","M","R","E","R","B",null],"character_chosen":"DEFECT","items_purchased":["Buffer"],"campfire_rested":6,"item_purchase_floors":[7],"current_hp_per_floor":[68,68,68,68,68,68,68,68,68,67,66,66,57,57,57,49,69,69,69,63,49,33,57,57,57,57,57,57,57,57,54,78,8,62,55,42,42,42,28,52,38,62,62,62,62,57,80,54,78,24],"gold":498,"neow_bonus":"THREE_ENEMY_KILL","is_prod":false,"is_daily":false,"chose_seed":false,"campfire_upgraded":3,"win_rate":0,"timestamp":1563305352,"path_taken":["M","?","?","M","$","E","$","M","T","M","M","R","M","?","R","BOSS","M","$","?","?","?","R","?","?","T","?","R","M","M","M","R","BOSS","M","M","$","?","M","R","E","R","T","M","?","M","R","E","R","BOSS"],"build_version":"2019-07-05","purchased_purges":0,"victory":true,"max_hp_per_floor":[75,75,75,75,75,75,75,75,75,75,75,75,75,75,75,75,75,75,75,75,80,80,80,80,80,80,80,80,80,80,80,80,80,80,80,80,80,80,80,80,80,80,80,80,80,80,80,80,80,80],"card_choices":[{"not_picked":["Reinforced Body","Compile Driver"],"picked":"Gash","floor":1.0},{"not_picked":["Turbo","Cold Snap"],"picked":"Gash","floor":4.0},{"not_picked":["Sweeping Beam","Compile Driver","Stack"],"picked":"SKIP","floor":6.0},{"not_picked":["Heatsinks","Chill"],"picked":"Defragment","floor":8.0},{"not_picked":["Beam Cell+1","Conserve Battery"],"picked":"Biased Cognition","floor":10.0},{"not_picked":["Turbo","Barrage+1"],"picked":"Chill","floor":11.0},{"not_picked":["Compile Driver+1","Hello World","Recycle"],"picked":"SKIP","floor":13.0},{"not_picked":["Compile Driver+1","Ball Lightning+1","Turbo"],"picked":"SKIP","floor":14.0},{"not_picked":["Multi-Cast","Buffer"],"picked":"Biased Cognition","floor":16.0},{"not_picked":["Rebound+1","Compile Driver+1"],"picked":"Chill","floor":18.0},{"not_picked":["Heatsinks+1","Rebound+1","Barrage+1"],"picked":"SKIP","floor":25.0},{"not_picked":["Go for the Eyes+1","Beam Cell+1"],"picked":"Echo Form","floor":29.0},{"not_picked":["Fusion","Ball Lightning+1","Beam Cell+1"],"picked":"SKIP","floor":31.0},{"not_picked":["Hyperbeam+1","Rainbow"],"picked":"All For One+1","floor":33.0},{"not_picked":["Redo+1","Beam Cell+1","Turbo+1"],"picked":"SKIP","floor":35.0},{"not_picked":["Lockon+1","Hello World","Compile Driver+1"],"picked":"SKIP","floor":36.0},{"not_picked":["Chaos+1","Beam Cell+1"],"picked":"Gash+1","floor":39.0},{"not_picked":["Undo+1","Buffer"],"picked":"Echo Form","floor":41.0},{"not_picked":["Barrage+1","Beam Cell+1","Skim"],"picked":"SKIP","floor":44.0},{"not_picked":["Melter+1","Redo+1"],"picked":"Gash+1","floor":46.0},{"not_picked":["Leap+1","Coolheaded+1"],"picked":"Loop+1","floor":48.0}],"player_experience":339055,"relics_obtained":[{"floor":6.0,"key":"War Paint"},{"floor":9.0,"key":"Molten Egg 2"},{"floor":22.0,"key":"Enchiridion"},{"floor":26.0,"key":"Darkstone Periapt"},{"floor":41.0,"key":"Nunchaku"},{"floor":43.0,"key":"Whetstone"},{"floor":48.0,"key":"PreservedInsect"}],"event_choices":[{"damage_healed":0.0,"max_hp_gain":0.0,"max_hp_loss":0.0,"gold_gain":0.0,"event_name":"Living Wall","player_choice":"Grow","floor":2.0,"gold_loss":0.0,"damage_taken":0.0,"cards_upgraded":["Zap"]},{"damage_healed":0.0,"max_hp_gain":0.0,"max_hp_loss":0.0,"gold_gain":0.0,"event_name":"WeMeetAgain","player_choice":"Paid Gold","floor":3.0,"gold_loss":73.0,"damage_taken":0.0,"relics_obtained":["Bag of Marbles"]},{"damage_healed":0.0,"max_hp_gain":0.0,"max_hp_loss":0.0,"gold_gain":0.0,"event_name":"Nest","player_choice":"Joined the Cult","floor":20.0,"gold_loss":0.0,"damage_taken":6.0,"cards_obtained":["RitualDagger"]},{"damage_healed":0.0,"max_hp_gain":5.0,"max_hp_loss":0.0,"gold_gain":0.0,"event_name":"Forgotten Altar","player_choice":"Shed Blood","floor":21.0,"gold_loss":0.0,"damage_taken":19.0},{"damage_healed":0.0,"max_hp_gain":0.0,"max_hp_loss":0.0,"gold_gain":0.0,"event_name":"Cursed Tome","player_choice":"Obtained Book","floor":22.0,"gold_loss":0.0,"damage_taken":16.0},{"damage_healed":0.0,"max_hp_gain":0.0,"max_hp_loss":0.0,"gold_gain":0.0,"event_name":"The Woman in Blue","player_choice":"Bought 0 Potions","floor":24.0,"gold_loss":0.0,"damage_taken":0.0},{"cards_removed":["Strike_B"],"damage_healed":0.0,"max_hp_gain":0.0,"max_hp_loss":0.0,"gold_gain":0.0,"event_name":"Falling","player_choice":"Removed Attack","floor":38.0,"gold_loss":0.0,"damage_taken":0.0},{"damage_healed":0.0,"max_hp_gain":0.0,"max_hp_loss":0.0,"gold_gain":0.0,"event_name":"Match and Keep!","player_choice":"1 cards matched","floor":45.0,"gold_loss":0.0,"damage_taken":0.0,"cards_obtained":["Buffer"]}],"is_beta":false,"boss_relics":[{"not_picked":["Snecko Eye","Velvet Choker"],"picked":"FrozenCore"},{"not_picked":["Coffee Dripper","Runic Dome"],"picked":"Nuclear Battery"}],"items_purged_floors":[],"is_endless":false,"potions_floor_spawned":[1,4,13,14,29,30,36,39,41,48],"ascension_level":11}