{"gold_per_floor":[118,118,136,136,86,86,103,135,135,153,184,184,216,231,231,329,329,342,362,362,362,389,389,420,432,432,445,458,491,406,279,279,379,379,393,615,223,238,40,69,87,87,87,113,126,160,176,189,189,189,189,189,36,64,64],"floor_reached":55,"playtime":5203,"items_purged":["Bloodletting","Regret","Shame"],"score":935,"play_id":"c5e40ee7-da36-47dc-8741-4a51123b3a9e","local_time":"20190615200349","is_ascension_mode":true,"campfire_choices":[{"floor":6,"key":"RECALL"},{"floor":12,"key":"REST"},{"data":"Pommel Strike","floor":15,"key":"SMITH"},{"data":"Twin Strike","floor":23,"key":"SMITH"},{"floor":32,"key":"REST"},{"floor":42,"key":"REST"},{"floor":49,"key":"REST"},{"data":"Inflame","floor":52,"key":"SMITH"}],"neow_cost":"NONE","seed_source_timestamp":349443259046511,"circlet_count":0,"master_deck":["Strike_R+1","Strike_R+1","Strike_R+1","Strike_R+1","Strike_R+1","Defend_R+1","Defend_R+1","Defend_R+1","Bash+1","Twin Strike+1","Evolve","Ghostly Armor","Inflame+1","Pommel Strike+1","Havoc+1","Metallicize","Berserk","Disarm+1","Iron Wave+1","Infernal Blade+1","Metallicize+1","Perfected Strike+1","Rage+1","Disarm+1","Flex+1","Shockwave+1","Armaments+1","Impervious+1","Shame","Spot Weakness+1","Shrug It Off+1","Flex+1","Spot Weakness+1","Perfected Strike+1","Heavy Blade+1","Flex+1","Wild Strike+1","Thunderclap+1","Heavy Blade+1","Warcry+1","Perfected Strike+1"],"relics":["White Beast Statue","Gremlin Horn","Juzu Bracelet","Vajra","Toxic Egg 2","Mark of Pain","Red Mask","Orichalcum","Question Card","Anchor","Oddly Smooth Stone","Calling Bell","Ancient Tea Set","Pantograph","Thread and Needle","Paper Frog","Bottled Flame","Happy Flower","Potion Belt","Whetstone","Champion Belt"],"potions_floor_usage":[8,11,13,16,19,22,22,27,28,29,33,33,38,40,41,44,47,50,50,50,50,50,55,55,55,55],"damage_taken":[{"damage":5,"enemies":"Jaw Worm","floor":1,"turns":5},{"damage":1,"enemies":"Cultist","floor":3,"turns":3},{"damage":2,"enemies":"2 Louse","floor":7,"turns":2},{"damage":0,"enemies":"3 Sentries","floor":8,"turns":8},{"damage":7,"enemies":"Large Slime","floor":10,"turns":7},{"damage":28,"enemies":"Gremlin Nob","floor":11,"turns":5},{"damage":9,"enemies":"Lagavulin","floor":13,"turns":7},{"damage":7,"enemies":"2 Fungi Beasts","floor":14,"turns":3},{"damage":34,"enemies":"Hexaghost","floor":16,"turns":11},{"damage":9,"enemies":"Shell Parasite","floor":18,"turns":5},{"damage":16,"enemies":"3 Byrds","floor":19,"turns":6},{"damage":0,"enemies":"Masked Bandits","floor":22,"turns":4},{"damage":22,"enemies":"Slavers","floor":24,"turns":5},{"damage":1,"enemies":"Shelled Parasite and Fungi","floor":25,"turns":5},{"damage":10,"enemies":"Centurion and Healer","floor":27,"turns":4},{"damage":0,"enemies":"Cultist and Chosen","floor":28,"turns":5},{"damage":0,"enemies":"Gremlin Leader","floor":29,"turns":6},{"damage":35,"enemies":"Collector","floor":33,"turns":7},{"damage":12,"enemies":"3 Shapes","floor":35,"turns":5},{"damage":0,"enemies":"Orb Walker","floor":38,"turns":3},{"damage":0,"enemies":"Giant Head","floor":40,"turns":8},{"damage":0,"enemies":"3 Darklings","floor":41,"turns":6},{"damage":46,"enemies":"Reptomancer","floor":44,"turns":6},{"damage":2,"enemies":"Transient","floor":45,"turns":5},{"damage":17,"enemies":"Nemesis","floor":46,"turns":7},{"damage":22,"enemies":"Spire Growth","floor":47,"turns":3},{"damage":1,"enemies":"4 Shapes","floor":48,"turns":5},{"damage":13,"enemies":"Donu and Deca","floor":50,"turns":7},{"damage":34,"enemies":"Shield and Spear","floor":54,"turns":7},{"damage":111,"enemies":"The Heart","floor":55,"turns":6}],"seed_played":"6299230417169565499","potions_obtained":[{"floor":1,"key":"Block Potion"},{"floor":3,"key":"EssenceOfSteel"},{"floor":7,"key":"FearPotion"},{"floor":8,"key":"Swift Potion"},{"floor":10,"key":"BloodPotion"},{"floor":11,"key":"Weak Potion"},{"floor":13,"key":"BloodPotion"},{"floor":14,"key":"Energy Potion"},{"floor":16,"key":"FairyPotion"},{"floor":18,"key":"Block Potion"},{"floor":19,"key":"Swift Potion"},{"floor":22,"key":"GamblersBrew"},{"floor":24,"key":"LiquidBronze"},{"floor":25,"key":"Fire Potion"},{"floor":27,"key":"EssenceOfSteel"},{"floor":28,"key":"PowerPotion"},{"floor":29,"key":"AttackPotion"},{"floor":33,"key":"Regen Potion"},{"floor":35,"key":"FearPotion"},{"floor":38,"key":"Dexterity Potion"},{"floor":40,"key":"Poison Potion"},{"floor":41,"key":"Weak Potion"},{"floor":44,"key":"Dexterity Potion"},{"floor":45,"key":"Explosive Potion"},{"floor":46,"key":"Fire Potion"},{"floor":47,"key":"AttackPotion"},{"floor":48,"key":"Swift Potion"},{"floor":54,"key":"Fire Potion"}],"is_trial":false,"path_per_floor":["M","?","M","?","?","R","M","E","T","M","E","R","E","M","R","B",null,"M","M","?","?","?","R","E","M","T","M","M","E","?","$","R","B",null,"M","?","$","M","$","E","M","R","T","E","M","E","M","M","R","B",null,"R","$","E","B"],"character_chosen":"IRONCLAD","items_purchased":["Armaments+1","Paper Frog","Shrug It Off+1","Spot Weakness+1","Block Potion","SkillPotion","Poison Potion"],"campfire_rested":4,"item_purchase_floors":[31,37,37,39,53,53,53],"current_hp_per_floor":[75,75,74,74,74,74,72,72,72,65,37,61,52,45,45,19,80,71,63,63,63,63,63,41,40,40,30,30,30,30,30,54,19,80,68,68,68,68,68,68,68,80,80,34,32,15,8,7,31,43,80,80,80,46,0],"gold":64,"neow_bonus":"BOSS_RELIC","is_prod":false,"is_daily":false,"chose_seed":false,"campfire_upgraded":3,"win_rate":0,"timestamp":1560654229,"path_taken":["M","?","?","?","?","R","M","E","T","M","E","R","E","M","R","BOSS","M","M","?","?","?","R","E","M","T","M","M","E","?","?","R","BOSS","M","?","?","M","$","E","M","R","T","E","M","E","M","M","R","BOSS","R","$","E","BOSS"],"build_version":"2019-01-23","purchased_purges":3,"victory":false,"max_hp_per_floor":[80,80,80,80,80,80,80,80,80,80,80,80,80,80,80,80,80,80,80,80,80,80,80,80,80,80,80,80,80,80,80,80,80,80,80,80,80,80,80,80,80,80,80,80,80,80,80,80,80,80,80,80,80,80,80],"card_choices":[{"not_picked":["Armaments","Anger"],"picked":"Twin Strike","floor":1},{"not_picked":["Sword Boomerang","Warcry"],"picked":"Ghostly Armor","floor":3},{"not_picked":["Flame Barrier","Fire Breathing"],"picked":"Inflame","floor":7},{"not_picked":["Havoc","Burning Pact"],"picked":"Bloodletting","floor":8},{"not_picked":["Carnage","Uppercut","Sword Boomerang"],"picked":"SKIP","floor":10},{"not_picked":["Second Wind","Fire Breathing"],"picked":"Pommel Strike","floor":11},{"not_picked":["Bludgeon","Corruption"],"picked":"Havoc","floor":13},{"not_picked":["Perfected Strike","Hemokinesis"],"picked":"Metallicize","floor":14},{"not_picked":["Exhume+1","Dark Embrace"],"picked":"Berserk","floor":16},{"not_picked":["Reckless Charge","Seeing Red+1"],"picked":"Disarm+1","floor":18},{"not_picked":["Anger","Sword Boomerang"],"picked":"Iron Wave+1","floor":19},{"not_picked":["Dropkick+1","Cleave+1"],"picked":"Metallicize+1","floor":22},{"not_picked":["Heavy Blade","Thunderclap"],"picked":"Perfected Strike+1","floor":24},{"not_picked":["Wild Strike","Iron Wave"],"picked":"Rage+1","floor":25},{"not_picked":["Clothesline","Bloodletting+1","Rampage+1"],"picked":"Disarm+1","floor":27},{"not_picked":["Anger","True Grit+1","Bludgeon"],"picked":"Flex+1","floor":28},{"not_picked":["Rage+1","Flex+1","Exhume+1"],"picked":"Shockwave+1","floor":29},{"not_picked":["Brutality","Feed","Immolate"],"picked":"Impervious+1","floor":33},{"not_picked":["Cleave+1","Bludgeon","Uppercut+1"],"picked":"Spot Weakness+1","floor":35},{"not_picked":["Anger+1","Body Slam+1","Sword Boomerang"],"picked":"Flex+1","floor":38},{"not_picked":["Uppercut","Iron Wave+1","Bludgeon"],"picked":"Perfected Strike","floor":40},{"not_picked":["Battle Trance+1","Body Slam","Anger"],"picked":"Heavy Blade+1","floor":41},{"not_picked":["Hemokinesis+1","Carnage+1","Feel No Pain+1"],"picked":"Flex+1","floor":44},{"not_picked":["Cleave+1","Havoc+1","Intimidate+1"],"picked":"Wild Strike+1","floor":45},{"not_picked":["Seeing Red+1","Battle Trance+1","Exhume+1"],"picked":"Thunderclap+1","floor":46},{"not_picked":["Headbutt+1","Sever Soul","Burning Pact+1"],"picked":"Heavy Blade+1","floor":47},{"not_picked":["Thunderclap","Dropkick+1","Clash+1"],"picked":"Warcry+1","floor":48},{"not_picked":["Anger+1","Flex+1","Body Slam+1"],"picked":"Perfected Strike+1","floor":54}],"player_experience":78480,"relics_obtained":[{"floor":8,"key":"Juzu Bracelet"},{"floor":11,"key":"Vajra"},{"floor":13,"key":"Toxic Egg 2"},{"floor":22,"key":"Red Mask"},{"floor":24,"key":"Orichalcum"},{"floor":26,"key":"Question Card"},{"floor":29,"key":"Anchor"},{"floor":34,"key":"Ancient Tea Set"},{"floor":34,"key":"Pantograph"},{"floor":34,"key":"Thread and Needle"},{"floor":40,"key":"Bottled Flame"},{"floor":43,"key":"Happy Flower"},{"floor":44,"key":"Potion Belt"},{"floor":46,"key":"Whetstone"},{"floor":54,"key":"Champion Belt"}],"event_choices":[{"damage_healed":0,"gold_gain":0,"cards_transformed":["Defend_R"],"player_choice":"Transformed","damage_taken":0,"max_hp_gain":0,"max_hp_loss":0,"event_name":"Transmorgrifier","floor":2,"gold_loss":0,"cards_obtained":["Evolve"]},{"damage_healed":0,"gold_gain":0,"player_choice":"Box","damage_taken":0,"relics_obtained":["Gremlin Horn"],"max_hp_gain":0,"max_hp_loss":0,"event_name":"Big Fish","floor":4,"gold_loss":0,"cards_obtained":["Regret"]},{"cards_removed":["Regret"],"damage_healed":0,"gold_gain":0,"player_choice":"Card Removal","damage_taken":0,"max_hp_gain":0,"max_hp_loss":0,"event_name":"The Cleric","floor":5,"gold_loss":50},{"damage_healed":0,"gold_gain":0,"player_choice":"Simplicity","damage_taken":0,"max_hp_gain":0,"max_hp_loss":0,"event_name":"Back to Basics","floor":20,"gold_loss":0,"cards_upgraded":["Strike_R","Strike_R","Strike_R","Strike_R","Strike_R","Defend_R","Defend_R","Defend_R"]},{"damage_healed":0,"gold_gain":0,"player_choice":"Read","damage_taken":0,"max_hp_gain":0,"max_hp_loss":0,"event_name":"The Library","floor":21,"gold_loss":0,"cards_obtained":["Infernal Blade"]},{"damage_healed":0,"gold_gain":0,"player_choice":"Fought Bandits","damage_taken":0,"max_hp_gain":0,"max_hp_loss":0,"event_name":"Masked Bandits","floor":22,"gold_loss":0},{"damage_healed":0,"gold_gain":0,"player_choice":"Obtained Relic","damage_taken":0,"relics_obtained":["Oddly Smooth Stone"],"max_hp_gain":0,"max_hp_loss":0,"event_name":"Addict","floor":30,"gold_loss":85},{"damage_healed":0,"gold_gain":222,"player_choice":"Wore Mask","damage_taken":0,"max_hp_gain":0,"max_hp_loss":0,"event_name":"Tomb of Lord Red Mask","floor":36,"gold_loss":0}],"is_beta":false,"boss_relics":[{"not_picked":["Snecko Eye","Orrery"],"picked":"Mark of Pain"},{"not_picked":["Tiny House","Empty Cage"],"picked":"Calling Bell"}],"items_purged_floors":[31,37,39],"is_endless":false,"potions_floor_spawned":[1,3,7,8,10,11,13,14,16,18,19,22,24,25,27,28,29,33,35,38,40,41,44,45,46,47,48,54],"killed_by":"The Heart","ascension_level":1}