{"gold_per_floor":[111,286,297,247,266,295,5,30,30,60,75,103,103,34,34,132,132,150,75,75,107,107,107,133,146,200,211,29,57,57,70,70,169,169,180,402,402,417,427,427,445,8,61,89,89,119,119,151,151,151],"floor_reached":51,"playtime":5459,"items_purged":["Decay"],"score":1044,"play_id":"46a19c57-0453-4760-b829-1e9b75d8f947","local_time":"20190710230107","is_ascension_mode":true,"campfire_choices":[{"floor":15,"key":"REST"},{"data":"Machine Learning","floor":23,"key":"SMITH"},{"data":"Storm","floor":30,"key":"SMITH"},{"data":"Buffer","floor":32,"key":"SMITH"},{"data":"Rainbow","floor":40,"key":"SMITH"},{"data":"Storm","floor":47,"key":"SMITH"},{"data":"Heatsinks","floor":49,"key":"SMITH"}],"neow_cost":"NONE","seed_source_timestamp":981329881934600,"circlet_count":0,"master_deck":["Strike_B","Strike_B","Strike_B+1","Defend_B","Defend_B","Defend_B","Zap","Dualcast","Turbo+1","Streamline","Buffer+1","Conserve Battery","Storm+1","Machine Learning+1","Genetic Algorithm","BootSequence","Seek+1","Electrodynamics","Injury","Self Repair","Ghostly","Ghostly","Ghostly","Ghostly","Ghostly+1","Storm+1","Decay","White Noise","Lockon","Skim","Apotheosis","Rainbow+1","Conserve Battery+1","Creative AI","Glacier+1","Conserve Battery","Multi-Cast","Storm+1","Heatsinks+1","Madness","Storm+1","Double Energy","Multi-Cast"],"relics":["White Beast Statue","Vajra","Bird Faced Urn","Ice Cream","Bottled Tornado","Orichalcum","Mango","Calling Bell","PreservedInsect","Dodecahedron","Pocketwatch","Red Mask","Gambling Chip","War Paint","Juzu Bracelet","Velvet Choker","Chemical X","Whetstone","Kunai","Darkstone Periapt","Mummified Hand"],"potions_floor_usage":[6,6,6,10,11,12,12,16,18,21,25,33,33,33,41,44],"damage_taken":[{"damage":5,"enemies":"Small Slimes","floor":1,"turns":4},{"damage":9,"enemies":"2 Louse","floor":3,"turns":4},{"damage":1,"enemies":"Jaw Worm","floor":5,"turns":3},{"damage":8,"enemies":"Lagavulin","floor":6,"turns":6},{"damage":23,"enemies":"Gremlin Nob","floor":8,"turns":5},{"damage":0,"enemies":"Lagavulin","floor":10,"turns":5},{"damage":9,"enemies":"Exordium Thugs","floor":11,"turns":4},{"damage":25,"enemies":"3 Sentries","floor":12,"turns":8},{"damage":32,"enemies":"The Guardian","floor":16,"turns":12},{"damage":0,"enemies":"Spheric Guardian","floor":18,"turns":4},{"damage":0,"enemies":"Masked Bandits","floor":21,"turns":6},{"damage":25,"enemies":"Gremlin Leader","floor":24,"turns":7},{"damage":0,"enemies":"Chosen","floor":25,"turns":5},{"damage":0,"enemies":"Snecko","floor":27,"turns":4},{"damage":0,"enemies":"Book of Stabbing","floor":29,"turns":5},{"damage":0,"enemies":"Centurion and Healer","floor":31,"turns":2},{"damage":3,"enemies":"Champ","floor":33,"turns":8},{"damage":0,"enemies":"3 Darklings","floor":35,"turns":2},{"damage":5,"enemies":"Orb Walker","floor":38,"turns":3},{"damage":0,"enemies":"Transient","floor":39,"turns":5},{"damage":13,"enemies":"Maw","floor":41,"turns":5},{"damage":0,"enemies":"Nemesis","floor":44,"turns":3},{"damage":0,"enemies":"Giant Head","floor":46,"turns":5},{"damage":10,"enemies":"Nemesis","floor":48,"turns":5},{"damage":0,"enemies":"Time Eater","floor":50,"turns":6}],"seed_played":"-1295160001978994075","potions_obtained":[{"floor":1,"key":"FearPotion"},{"floor":3,"key":"AttackPotion"},{"floor":5,"key":"Ancient Potion"},{"floor":6,"key":"PowerPotion"},{"floor":8,"key":"Block Potion"},{"floor":10,"key":"Swift Potion"},{"floor":11,"key":"SkillPotion"},{"floor":12,"key":"SneckoOil"},{"floor":16,"key":"SpeedPotion"},{"floor":18,"key":"PowerPotion"},{"floor":21,"key":"SmokeBomb"},{"floor":24,"key":"Fruit Juice"},{"floor":25,"key":"SkillPotion"},{"floor":27,"key":"Strength Potion"},{"floor":29,"key":"Energy Potion"},{"floor":31,"key":"FearPotion"},{"floor":33,"key":"Explosive Potion"},{"floor":35,"key":"Block Potion"},{"floor":38,"key":"Poison Potion"},{"floor":41,"key":"Fire Potion"},{"floor":44,"key":"Block Potion"},{"floor":46,"key":"Fire Potion"}],"is_trial":false,"path_per_floor":["M","?","M","?","M","E","$","E","T","E","M","E","?","$","R","B",null,"M","?","?","?","?","R","E","M","T","M","$","E","R","M","R","B",null,"M","?","?","M","M","R","M","$","T","E","?","E","R","E","R","B",null],"character_chosen":"DEFECT","items_purchased":["Bird Faced Urn","Seek","Apotheosis","Heatsinks","Chemical X","Madness"],"campfire_rested":1,"item_purchase_floors":[7,14,28,42,42,42],"current_hp_per_floor":[70,70,61,61,60,52,52,31,31,37,34,29,11,11,37,11,89,89,89,44,44,44,44,34,49,49,49,49,49,49,49,49,49,49,49,49,49,49,49,49,49,49,49,49,49,49,49,47,47,49],"gold":151,"neow_bonus":"BOSS_RELIC","is_prod":false,"is_daily":false,"chose_seed":false,"campfire_upgraded":6,"win_rate":0,"timestamp":1562792467,"path_taken":["M","?","M","?","M","E","?","E","T","E","?","E","?","$","R","BOSS","M","?","?","?","?","R","E","M","T","M","$","E","R","M","R","BOSS","M","?","?","M","M","R","M","$","T","E","?","E","R","E","R","BOSS"],"build_version":"2019-07-05","purchased_purges":1,"victory":true,"max_hp_per_floor":[75,75,75,75,75,75,75,75,75,75,75,89,89,89,89,89,89,89,89,44,44,44,44,44,49,49,49,49,49,49,49,49,49,49,49,49,49,49,49,49,49,49,49,49,49,49,49,49,49,49],"card_choices":[{"not_picked":["Glacier","Leap"],"picked":"Turbo","floor":1},{"not_picked":["Ball Lightning","Steam"],"picked":"Streamline","floor":3},{"not_picked":["Melter","Barrage"],"picked":"Buffer","floor":5},{"not_picked":["Cold Snap","Steam"],"picked":"Conserve Battery","floor":6},{"not_picked":["Steam","Cold Snap"],"picked":"Storm","floor":8},{"not_picked":["Stack","Tempest"],"picked":"Machine Learning","floor":10},{"not_picked":["Gash","Streamline"],"picked":"Genetic Algorithm","floor":11},{"not_picked":["Consume","Steam"],"picked":"BootSequence","floor":12},{"not_picked":["Multi-Cast","Buffer"],"picked":"Electrodynamics","floor":16},{"not_picked":["Leap","BootSequence"],"picked":"Self Repair","floor":18},{"not_picked":["Heatsinks","Darkness"],"picked":"Storm","floor":21},{"not_picked":["Redo","Ball Lightning"],"picked":"White Noise","floor":24},{"not_picked":["Ball Lightning+1","Doom and Gloom"],"picked":"Lockon","floor":25},{"not_picked":["Coolheaded","Hologram"],"picked":"Skim","floor":27},{"not_picked":["Hologram","Double Energy"],"picked":"Rainbow","floor":29},{"not_picked":["Leap","Streamline"],"picked":"Conserve Battery+1","floor":31},{"not_picked":["Fission","Amplify"],"picked":"Creative AI","floor":33},{"not_picked":["Cold Snap+1","Streamline+1"],"picked":"Glacier+1","floor":35},{"not_picked":["Cold Snap","Gash+1","Hologram"],"picked":"SKIP","floor":38},{"not_picked":["Hologram+1","Doom and Gloom"],"picked":"Multi-Cast","floor":39},{"not_picked":["Reprogram+1","Go for the Eyes"],"picked":"Storm","floor":41},{"not_picked":["Chill+1","Barrage+1"],"picked":"Storm+1","floor":44},{"not_picked":["Sweeping Beam","Beam Cell+1"],"picked":"Double Energy","floor":46},{"not_picked":["Double Energy","Barrage+1"],"picked":"Multi-Cast","floor":48}],"player_experience":125772,"relics_obtained":[{"floor":6,"key":"Vajra"},{"floor":8,"key":"Ice Cream"},{"floor":9,"key":"Bottled Tornado"},{"floor":10,"key":"Orichalcum"},{"floor":12,"key":"Mango"},{"floor":17,"key":"PreservedInsect"},{"floor":17,"key":"Dodecahedron"},{"floor":17,"key":"Pocketwatch"},{"floor":21,"key":"Red Mask"},{"floor":24,"key":"Gambling Chip"},{"floor":26,"key":"War Paint"},{"floor":29,"key":"Juzu Bracelet"},{"floor":43,"key":"Whetstone"},{"floor":44,"key":"Kunai"},{"floor":46,"key":"Darkstone Periapt"},{"floor":48,"key":"Mummified Hand"}],"event_choices":[{"damage_healed":0,"gold_gain":175,"player_choice":"AGREE","damage_taken":0,"max_hp_gain":0,"max_hp_loss":0,"event_name":"Liars Game","floor":2,"gold_loss":0,"cards_obtained":["Doubt"]},{"cards_removed":["Doubt"],"damage_healed":0,"gold_gain":0,"player_choice":"Card Removal","damage_taken":0,"max_hp_gain":0,"max_hp_loss":0,"event_name":"The Cleric","floor":4,"gold_loss":50},{"damage_healed":0,"gold_gain":0,"player_choice":"Entered Light","damage_taken":18,"max_hp_gain":0,"max_hp_loss":0,"event_name":"Shining Light","floor":13,"gold_loss":0,"cards_upgraded":["Turbo","Storm"]},{"cards_removed":["Shame"],"damage_healed":0,"gold_gain":0,"player_choice":"Gave Gold","damage_taken":0,"max_hp_gain":0,"max_hp_loss":0,"event_name":"Beggar","floor":19,"gold_loss":75},{"damage_healed":0,"gold_gain":0,"player_choice":"Became a Ghost","damage_taken":0,"max_hp_gain":0,"max_hp_loss":45,"event_name":"Ghosts","floor":20,"gold_loss":0,"cards_obtained":["Ghostly","Ghostly","Ghostly","Ghostly","Ghostly"]},{"damage_healed":0,"gold_gain":0,"player_choice":"Fought Bandits","damage_taken":0,"max_hp_gain":0,"max_hp_loss":0,"event_name":"Masked Bandits","floor":21,"gold_loss":0},{"damage_healed":0,"gold_gain":0,"player_choice":"Cursed","damage_taken":0,"max_hp_gain":0,"max_hp_loss":0,"event_name":"Wheel of Change","floor":22,"gold_loss":0,"cards_obtained":["Decay"]},{"damage_healed":0,"gold_gain":222,"player_choice":"Wore Mask","damage_taken":0,"max_hp_gain":0,"max_hp_loss":0,"event_name":"Tomb of Lord Red Mask","floor":36,"gold_loss":0},{"damage_healed":0,"gold_gain":0,"cards_transformed":["Defend_B"],"player_choice":"Transformed","damage_taken":0,"max_hp_gain":0,"max_hp_loss":0,"event_name":"Transmorgrifier","floor":37,"gold_loss":0,"cards_obtained":["Conserve Battery"]},{"cards_removed":["Strike_B"],"damage_healed":0,"gold_gain":0,"player_choice":"Removed Attack","damage_taken":0,"max_hp_gain":0,"max_hp_loss":0,"event_name":"Falling","floor":45,"gold_loss":0}],"is_beta":false,"boss_relics":[{"not_picked":["Runic Dome","Orrery"],"picked":"Calling Bell"},{"not_picked":["Sozu","Lizard Tail"],"picked":"Velvet Choker"}],"items_purged_floors":[42],"is_endless":false,"potions_floor_spawned":[1,3,5,6,8,10,11,12,16,18,21,24,25,27,29,31,33,35,38,39,41,44,46,48],"ascension_level":1}