{"gold_per_floor":[116,132,44,44,44,85,98,132,180,2,2],"floor_reached":11,"playtime":352,"items_purged":[],"score":212,"play_id":"2fde8ee2-bbdc-402b-8331-8a34a4423e4a","local_time":"20190719002502","is_ascension_mode":true,"campfire_choices":[],"neow_cost":"NONE","seed_source_timestamp":261990597149839,"circlet_count":0,"master_deck":["AscendersBane","Strike_B","Strike_B","Strike_B","Strike_B","Defend_B","Defend_B","Defend_B","Defend_B","Zap","Dualcast","Sweeping Beam","Doom and Gloom","Conserve Battery","Electrodynamics","Cold Snap"],"relics":["Cracked Core","NeowsBlessing","Golden Idol","Singing Bowl","Regal Pillow","Orichalcum"],"potions_floor_usage":[8],"damage_taken":[{"damage":0,"enemies":"Cultist","floor":1,"turns":1},{"damage":0,"enemies":"Small Slimes","floor":2,"turns":1},{"damage":0,"enemies":"Gremlin Nob","floor":6,"turns":1},{"damage":12,"enemies":"Jaw Worm","floor":7,"turns":3},{"damage":47,"enemies":"Lagavulin","floor":8,"turns":7},{"damage":9,"enemies":"The Mushroom Lair","floor":11,"turns":2}],"seed_played":"3536884629428035435","potions_obtained":[{"floor":7,"key":"SneckoOil"},{"floor":8,"key":"FearPotion"}],"is_trial":false,"path_per_floor":["M","M","$","?","?","E","M","E","T","$","?"],"character_chosen":"DEFECT","items_purchased":["Doom and Gloom","Electrodynamics","Cold Snap"],"campfire_rested":0,"item_purchase_floors":[3,10,10],"current_hp_per_floor":[64,64,64,64,64,66,56,9,9,9,0],"gold":2,"neow_bonus":"THREE_ENEMY_KILL","is_prod":false,"is_daily":false,"chose_seed":false,"campfire_upgraded":0,"win_rate":0,"timestamp":1563463502,"path_taken":["M","M","$","?","?","E","?","E","T","$","?"],"build_version":"2019-07-17","purchased_purges":0,"victory":false,"max_hp_per_floor":[71,71,71,71,64,66,68,68,68,68,68],"card_choices":[{"not_picked":["Coolheaded","Gash"],"picked":"Sweeping Beam","floor":1},{"not_picked":["Rebound","Steam","Reprogram"],"picked":"SKIP","floor":2},{"not_picked":["Recycle","All For One","Steam"],"picked":"Singing Bowl","floor":6},{"not_picked":["Auto Shields","Double Energy","Beam Cell"],"picked":"Singing Bowl","floor":7},{"not_picked":["Stack","Ball Lightning"],"picked":"Conserve Battery","floor":8}],"player_experience":562645,"relics_obtained":[{"floor":6,"key":"Singing Bowl"},{"floor":8,"key":"Regal Pillow"},{"floor":9,"key":"Orichalcum"}],"event_choices":[{"damage_healed":0,"gold_gain":0,"player_choice":"Leave","damage_taken":0,"max_hp_gain":0,"max_hp_loss":0,"event_name":"The Cleric","floor":4,"gold_loss":0},{"damage_healed":0,"gold_gain":0,"player_choice":"Lose Max HP","damage_taken":0,"relics_obtained":["Golden Idol"],"max_hp_gain":0,"max_hp_loss":7,"event_name":"Golden Idol","floor":5,"gold_loss":0},{"damage_healed":0,"gold_gain":0,"player_choice":"Fought Mushrooms","damage_taken":0,"max_hp_gain":0,"max_hp_loss":0,"event_name":"Mushrooms","floor":11,"gold_loss":0}],"is_beta":false,"boss_relics":[],"items_purged_floors":[],"is_endless":false,"potions_floor_spawned":[7,8],"killed_by":"The Mushroom Lair","ascension_level":20}