{"gold_per_floor":[111,126,140,153,31,64,64,98,98,98,126,26,39,50,50,152,152,167,61,81,95,95,126,126,146,146,161,161,161],"floor_reached":29,"playtime":1864,"items_purged":["Strike_G","Strike_G"],"score":294,"play_id":"b3e552b7-b6af-4c61-95c0-27fa157c6caa","local_time":"20190717185422","is_ascension_mode":true,"campfire_choices":[{"floor":7,"key":"REST"},{"floor":10,"key":"REST"},{"data":"Terror","floor":15,"key":"SMITH"},{"floor":24,"key":"REST"}],"neow_cost":"NONE","seed_source_timestamp":94241340069346,"circlet_count":0,"master_deck":["Strike_G","Strike_G","Defend_G","Defend_G","Defend_G","Defend_G","Defend_G","Survivor","Neutralize","Terror+1","Cloak And Dagger","Cloak And Dagger","Leg Sweep","Cloak And Dagger","After Image","Dagger Throw+1","Footwork","Poisoned Stab","Dagger Spray+1","Dash+1","Writhe","Concentrate","Corpse Explosion"],"relics":["Ring of the Snake","Bottled Lightning","StoneCalendar","The Specimen","Unceasing Top","Sozu","Dream Catcher","Gremlin Horn","Pocketwatch"],"potions_floor_usage":[6,16,23],"damage_taken":[{"damage":0,"enemies":"2 Louse","floor":1,"turns":4},{"damage":4,"enemies":"Small Slimes","floor":2,"turns":5},{"damage":0,"enemies":"Cultist","floor":3,"turns":4},{"damage":0,"enemies":"Large Slime","floor":4,"turns":6},{"damage":27,"enemies":"3 Sentries","floor":6,"turns":17},{"damage":23,"enemies":"Gremlin Nob","floor":8,"turns":5},{"damage":11,"enemies":"Lagavulin","floor":11,"turns":7},{"damage":8,"enemies":"Lots of Slimes","floor":13,"turns":7},{"damage":0,"enemies":"Blue Slaver","floor":14,"turns":4},{"damage":28,"enemies":"The Guardian","floor":16,"turns":16},{"damage":1,"enemies":"3 Byrds","floor":18,"turns":7},{"damage":16,"enemies":"Chosen","floor":20,"turns":6},{"damage":0,"enemies":"Centurion and Healer","floor":21,"turns":7},{"damage":28,"enemies":"Slavers","floor":23,"turns":5},{"damage":0,"enemies":"3 Cultists","floor":25,"turns":2},{"damage":18,"enemies":"Sentry and Sphere","floor":27,"turns":6},{"damage":9,"enemies":"Colosseum Slavers","floor":28,"turns":2},{"damage":20,"enemies":"Snecko","floor":29,"turns":3}],"seed_played":"1419618644246308102","potions_obtained":[{"floor":1,"key":"Dexterity Potion"},{"floor":13,"key":"Strength Potion"},{"floor":14,"key":"Poison Potion"},{"floor":16,"key":"Explosive Potion"}],"is_trial":false,"path_per_floor":["M","M","M","M","$","E","R","E","T","R","E","$","M","M","R","B",null,"M","$","M","M","?","E","R","M","T","M","?","M"],"character_chosen":"THE_SILENT","items_purchased":["Cloak And Dagger","Footwork","Poisoned Stab"],"campfire_rested":3,"item_purchase_floors":[5,19,19],"current_hp_per_floor":[70,66,66,66,66,39,60,37,37,58,47,47,39,39,39,11,70,69,69,53,53,53,25,46,46,46,28,19,0],"gold":161,"neow_bonus":"REMOVE_CARD","is_prod":false,"is_daily":false,"chose_seed":false,"campfire_upgraded":1,"win_rate":0,"timestamp":1563407662,"path_taken":["M","M","M","M","$","E","R","E","T","R","E","$","M","M","R","BOSS","M","$","M","M","?","E","R","M","T","M","?","M"],"build_version":"2019-07-05","purchased_purges":2,"victory":false,"max_hp_per_floor":[70,70,70,70,70,70,70,70,70,70,70,70,70,70,70,70,70,70,70,70,70,70,70,70,70,70,70,70,70],"card_choices":[{"not_picked":["Tactician","PiercingWail"],"picked":"Terror","floor":1},{"not_picked":["PiercingWail","Riddle With Holes","Deflect"],"picked":"SKIP","floor":2},{"not_picked":["Prepared","Outmaneuver","Poisoned Stab"],"picked":"SKIP","floor":3},{"not_picked":["Dodge and Roll","Concentrate","Expertise"],"picked":"SKIP","floor":4},{"not_picked":["Prepared","Outmaneuver"],"picked":"Cloak And Dagger","floor":6},{"not_picked":["Concentrate","PiercingWail","Outmaneuver"],"picked":"SKIP","floor":8},{"not_picked":["Doppelganger","PiercingWail","Malaise"],"picked":"SKIP","floor":11},{"not_picked":["Poisoned Stab","Backflip"],"picked":"Leg Sweep","floor":13},{"not_picked":["Blade Dance","Flying Knee"],"picked":"Cloak And Dagger","floor":14},{"not_picked":["Die Die Die","Storm of Steel"],"picked":"After Image","floor":16},{"not_picked":["Outmaneuver","Sucker Punch"],"picked":"Dagger Throw+1","floor":18},{"not_picked":["Acrobatics+1","Deflect"],"picked":"Dagger Spray+1","floor":20},{"not_picked":["Deadly Poison+1","Eviscerate"],"picked":"Dash+1","floor":21},{"not_picked":["Distraction","Deflect"],"picked":"Concentrate","floor":23},{"not_picked":["Outmaneuver","Dagger Spray"],"picked":"Corpse Explosion","floor":24},{"not_picked":["Quick Slash","Endless Agony","PiercingWail"],"picked":"SKIP","floor":25},{"not_picked":["Skewer","Setup","Reflex"],"picked":"SKIP","floor":27}],"player_experience":127259,"relics_obtained":[{"floor":6,"key":"Bottled Lightning"},{"floor":8,"key":"StoneCalendar"},{"floor":9,"key":"The Specimen"},{"floor":11,"key":"Unceasing Top"},{"floor":23,"key":"Gremlin Horn"},{"floor":26,"key":"Pocketwatch"}],"event_choices":[{"damage_healed":0,"gold_gain":0,"player_choice":"Opened","damage_taken":0,"relics_obtained":["Dream Catcher"],"max_hp_gain":0,"max_hp_loss":0,"event_name":"The Mausoleum","floor":22,"gold_loss":0,"cards_obtained":["Writhe"]},{"damage_healed":0,"gold_gain":0,"player_choice":"Fight","damage_taken":0,"max_hp_gain":0,"max_hp_loss":0,"event_name":"Colosseum","floor":28,"gold_loss":0},{"damage_healed":0,"gold_gain":0,"player_choice":"Fled From Nobs","damage_taken":0,"max_hp_gain":0,"max_hp_loss":0,"event_name":"Colosseum","floor":28,"gold_loss":0}],"is_beta":false,"boss_relics":[{"not_picked":["Orrery","Calling Bell"],"picked":"Sozu"}],"items_purged_floors":[5,12],"is_endless":false,"potions_floor_spawned":[1,13,14,16,18,25,28],"killed_by":"Snecko","ascension_level":2}