{"gold_per_floor":[110,185,360,5,5,5,5,19,19,19,19,48,48,60,60,165,165,177,177,2,2,2,31,31,62,89,21,41,41,57,19,19,114,114,131,31,31,51,1050,1050,1075,1075,1098,1098,1108,1127,1143,1491,1491,1491],"floor_reached":51,"playtime":7032,"items_purged":["Doubt","Decay"],"score":807,"play_id":"4ff6bc82-f079-4ae1-a9b3-549d0e20539e","local_time":"20190626160521","is_ascension_mode":false,"campfire_choices":[{"floor":6,"key":"REST"},{"data":"Shrug It Off","floor":10,"key":"SMITH"},{"data":"Strike_R","floor":13,"key":"SMITH"},{"data":"Defend_R","floor":15,"key":"PURGE"},{"data":"Bludgeon","floor":24,"key":"SMITH"},{"floor":32,"key":"REST"},{"data":"Normality","floor":40,"key":"PURGE"},{"data":"Normality","floor":42,"key":"PURGE"},{"data":"Doubt","floor":44,"key":"PURGE"},{"floor":49,"key":"REST"}],"neow_cost":"","seed_source_timestamp":764801529853400,"circlet_count":0,"master_deck":["Strike_R+1","Strike_R+1","Strike_R","Strike_R","Strike_R","Defend_R","Defend_R","Bash+1","Shrug It Off+1","Uppercut+1","Power Through+1","Armaments+1","Warcry+1","Bludgeon+1","True Grit+1","Double Tap+1","Fire Breathing","Shockwave+1","Inflame+1","Disarm+1","Clumsy","Battle Trance+1","Intimidate+1","Pummel","Pummel","Dark Embrace","Doubt","Disarm+1","Ghostly Armor+1","Body Slam+1","Second Wind+1","Shame","Bloodletting+1","Body Slam+1","Corruption+1","Dropkick+1"],"relics":["Burning Blood","Toxic Egg 2","Pear","Peace Pipe","Cursed Key","MutagenicStrength","Shuriken","Anchor","Darkstone Periapt","Potion Belt","Calling Bell","Lantern","Letter Opener","Incense Burner","Dodecahedron","Bronze Scales","Old Coin"],"potions_floor_usage":[25,25,47,47,50,50],"damage_taken":[{"damage":0,"enemies":"2 Louse","floor":1,"turns":3},{"damage":7,"enemies":"Jaw Worm","floor":8,"turns":3},{"damage":20,"enemies":"3 Sentries","floor":12,"turns":8},{"damage":0,"enemies":"Small Slimes","floor":14,"turns":3},{"damage":46,"enemies":"The Guardian","floor":16,"turns":13},{"damage":0,"enemies":"Chosen","floor":18,"turns":3},{"damage":16,"enemies":"Book of Stabbing","floor":23,"turns":6},{"damage":8,"enemies":"Gremlin Leader","floor":25,"turns":3},{"damage":0,"enemies":"3 Byrds","floor":28,"turns":4},{"damage":21,"enemies":"Sentry and Sphere","floor":30,"turns":4},{"damage":33,"enemies":"Champ","floor":33,"turns":9},{"damage":0,"enemies":"3 Shapes","floor":35,"turns":2},{"damage":0,"enemies":"Orb Walker","floor":38,"turns":3},{"damage":18,"enemies":"Nemesis","floor":41,"turns":9},{"damage":10,"enemies":"Maw","floor":45,"turns":9},{"damage":18,"enemies":"3 Darklings","floor":46,"turns":7},{"damage":14,"enemies":"Writhing Mass","floor":47,"turns":4},{"damage":26,"enemies":"2 Orb Walkers","floor":48,"turns":4},{"damage":93,"enemies":"Awakened One","floor":50,"turns":14}],"seed_played":"-4044080305773637701","potions_obtained":[{"floor":8,"key":"Fire Potion"},{"floor":12,"key":"Energy Potion"},{"floor":25,"key":"Regen Potion"},{"floor":30,"key":"Poison Potion"},{"floor":38,"key":"SteroidPotion"},{"floor":41,"key":"Ancient Potion"},{"floor":46,"key":"EssenceOfSteel"}],"is_trial":false,"path_per_floor":["M","?","?","$","?","R","$","M","T","R","?","E","R","M","R","B",null,"M","?","$","?","T","E","R","E","T","$","M","?","M","$","R","B",null,"M","$","?","M","?","R","E","R","T","R","M","M","M","?","R","B",null],"character_chosen":"IRONCLAD","items_purchased":["Toxic Egg 2","Uppercut","Double Tap+1","Fire Breathing","Battle Trance+1","Pummel"],"campfire_rested":3,"item_purchase_floors":[4,4,20,20,27,31],"current_hp_per_floor":[80,69,69,69,53,77,77,76,86,86,86,72,72,78,78,38,90,90,90,90,90,90,80,80,78,84,84,90,90,75,75,96,69,114,114,114,114,114,126,126,114,114,120,120,116,104,108,88,127,40],"gold":1491,"neow_bonus":"","is_prod":false,"is_daily":false,"chose_seed":false,"campfire_upgraded":3,"win_rate":0.0,"timestamp":1561557921,"path_taken":["M","?","?","$","?","R","?","M","T","R","?","E","R","M","R","BOSS","M","?","$","?","?","E","R","E","T","$","?","?","M","?","R","BOSS","M","$","?","?","?","R","E","R","T","R","M","M","M","?","R","BOSS"],"build_version":"2019-01-23","purchased_purges":2,"victory":true,"max_hp_per_floor":[80,80,80,80,80,80,80,80,90,90,90,90,90,90,90,90,90,90,90,90,90,90,90,90,90,96,96,96,96,96,96,96,96,114,114,114,114,114,126,126,126,126,132,132,132,132,132,132,132,132],"card_choices":[{"not_picked":["True Grit","Dual Wield"],"picked":"Shrug It Off","floor":1},{"not_picked":["Cleave","Combust"],"picked":"Power Through+1","floor":8},{"not_picked":["Thunderclap","Iron Wave"],"picked":"Armaments+1","floor":12},{"not_picked":["Twin Strike","Headbutt"],"picked":"Warcry+1","floor":14},{"not_picked":["Impervious+1","Fiend Fire"],"picked":"Bludgeon","floor":16},{"not_picked":["Flex+1","Rampage"],"picked":"True Grit+1","floor":18},{"not_picked":["Warcry+1","Reaper"],"picked":"Inflame+1","floor":23},{"not_picked":["Combust+1","Anger"],"picked":"Disarm+1","floor":25},{"not_picked":["Shrug It Off+1","Pommel Strike"],"picked":"Intimidate+1","floor":28},{"not_picked":["Iron Wave","Rupture"],"picked":"Pummel","floor":30},{"not_picked":["Offering+1","Reaper"],"picked":"Dark Embrace","floor":33},{"not_picked":["Bloodletting+1","Armaments+1"],"picked":"Disarm+1","floor":35},{"not_picked":["Clothesline+1","Pommel Strike+1"],"picked":"Body Slam+1","floor":38},{"not_picked":["Dropkick","Reckless Charge+1"],"picked":"Second Wind+1","floor":41},{"not_picked":["Power Through+1","Armaments+1"],"picked":"Bloodletting+1","floor":45},{"not_picked":["Clash+1","Twin Strike+1"],"picked":"Body Slam+1","floor":46},{"not_picked":["Armaments+1","Anger+1"],"picked":"Corruption+1","floor":47},{"not_picked":["Corruption+1","Armaments+1"],"picked":"Dropkick+1","floor":48}],"player_experience":0,"relics_obtained":[{"floor":9,"key":"Pear"},{"floor":12,"key":"Peace Pipe"},{"floor":22,"key":"Shuriken"},{"floor":23,"key":"Anchor"},{"floor":25,"key":"Darkstone Periapt"},{"floor":26,"key":"Potion Belt"},{"floor":34,"key":"Lantern"},{"floor":34,"key":"Letter Opener"},{"floor":34,"key":"Incense Burner"},{"floor":41,"key":"Dodecahedron"},{"floor":43,"key":"Bronze Scales"},{"floor":48,"key":"Old Coin"}],"event_choices":[{"damage_healed":0,"gold_gain":75,"player_choice":"Gather Gold","damage_taken":11,"max_hp_gain":0,"max_hp_loss":0,"event_name":"World of Goop","floor":2,"gold_loss":0},{"damage_healed":0,"gold_gain":175,"player_choice":"AGREE","damage_taken":0,"max_hp_gain":0,"max_hp_loss":0,"event_name":"Liars Game","floor":3,"gold_loss":0,"cards_obtained":["Doubt"]},{"damage_healed":0,"gold_gain":0,"player_choice":"Entered Light","damage_taken":16,"max_hp_gain":0,"max_hp_loss":0,"event_name":"Shining Light","floor":5,"gold_loss":0,"cards_upgraded":["Strike_R","Bash"]},{"damage_healed":0,"gold_gain":0,"player_choice":"Grow","damage_taken":0,"max_hp_gain":0,"max_hp_loss":0,"event_name":"Living Wall","floor":11,"gold_loss":0,"cards_upgraded":["Uppercut"]},{"damage_healed":0,"gold_gain":0,"player_choice":"Inject Mutagens","damage_taken":0,"relics_obtained":["MutagenicStrength"],"max_hp_gain":0,"max_hp_loss":0,"event_name":"Drug Dealer","floor":19,"gold_loss":0},{"damage_healed":0,"gold_gain":0,"player_choice":"Read","damage_taken":0,"max_hp_gain":0,"max_hp_loss":0,"event_name":"The Library","floor":21,"gold_loss":0,"cards_obtained":["Shockwave"]},{"cards_removed":["Clumsy"],"damage_healed":0,"gold_gain":0,"player_choice":"Purged","damage_taken":0,"max_hp_gain":0,"max_hp_loss":0,"event_name":"Purifier","floor":29,"gold_loss":0},{"damage_healed":0,"gold_gain":0,"cards_transformed":["Defend_R"],"player_choice":"Transformed","damage_taken":0,"max_hp_gain":0,"max_hp_loss":0,"event_name":"Transmorgrifier","floor":37,"gold_loss":0,"cards_obtained":["Ghostly Armor"]},{"damage_healed":0,"gold_gain":999,"player_choice":"Gold","damage_taken":0,"max_hp_gain":0,"max_hp_loss":0,"event_name":"MindBloom","floor":39,"gold_loss":0,"cards_obtained":["Normality","Normality"]},{"damage_healed":0,"gold_gain":0,"player_choice":"Fight","damage_taken":0,"max_hp_gain":0,"max_hp_loss":0,"event_name":"Mysterious Sphere","floor":48,"gold_loss":0}],"is_beta":false,"boss_relics":[{"not_picked":["Empty Cage","Busted Crown"],"picked":"Cursed Key"},{"not_picked":["Sozu","Snecko Eye"],"picked":"Calling Bell"}],"items_purged_floors":[4,36],"is_endless":false,"potions_floor_spawned":[8,12,25,30,38,41,46],"ascension_level":0}