{"gold_per_floor":[115,115,14,44,44,44,64,64,90,133,208,222,122,143,143,263,263,284,284,305,318,193,193,232,82,82,82,82,98,98,13,13,139,139,154,168,168,168,168,168,168,183,483,51,69,93,118,133,133,133],"floor_reached":50,"playtime":2500,"items_purged":["Strike_R","Strike_R","Defend_R","Strike_R","Shame"],"score":485,"play_id":"cb164110-a436-410f-829a-00c876d8c27c","local_time":"20181221225738","is_ascension_mode":false,"campfire_choices":[{"data":"Cleave","floor":6,"key":"SMITH"},{"data":"Bash","floor":8,"key":"SMITH"},{"data":"Whirlwind","floor":15,"key":"SMITH"},{"data":"Berserk","floor":23,"key":"SMITH"},{"floor":28,"key":"REST"},{"floor":32,"key":"REST"},{"data":"Inflame","floor":40,"key":"SMITH"},{"floor":49,"key":"REST"}],"neow_cost":"NONE","seed_source_timestamp":16436689512730,"circlet_count":0,"master_deck":["Strike_R","Defend_R","Defend_R","Bash+1","Cleave+1","Shrug It Off+1","Shrug It Off+1","Whirlwind+1","Berserk+1","Pommel Strike+1","Inflame+1","Bash","Infernal Blade+1","Seeing Red+1"],"relics":["Burning Blood","Golden Idol","Tiny Chest","Orichalcum","Self Forming Clay","Philosopher\u0027s Stone","Mango","Bottled Flame","War Paint","Bag of Marbles","Cursed Key","FossilizedHelix","Old Coin","Mercury Hourglass"],"potions_floor_usage":[16,24,33,33,50,50,50],"damage_taken":[{"damage":9,"enemies":"Jaw Worm","floor":1,"turns":4},{"damage":0,"enemies":"Small Slimes","floor":7,"turns":3},{"damage":16,"enemies":"Gremlin Nob","floor":10,"turns":4},{"damage":0,"enemies":"Cultist","floor":12,"turns":3},{"damage":4,"enemies":"Large Slime","floor":14,"turns":5},{"damage":23,"enemies":"Slime Boss","floor":16,"turns":10},{"damage":8,"enemies":"Shell Parasite","floor":18,"turns":3},{"damage":0,"enemies":"3 Byrds","floor":20,"turns":2},{"damage":9,"enemies":"Cultist and Chosen","floor":21,"turns":4},{"damage":59,"enemies":"Book of Stabbing","floor":24,"turns":6},{"damage":17,"enemies":"Shelled Parasite and Fungi","floor":29,"turns":4},{"damage":72,"enemies":"Champ","floor":33,"turns":9},{"damage":6,"enemies":"3 Shapes","floor":35,"turns":2},{"damage":0,"enemies":"3 Darklings","floor":36,"turns":1},{"damage":0,"enemies":"Sphere and 2 Shapes","floor":42,"turns":3},{"damage":0,"enemies":"Spire Growth","floor":45,"turns":3},{"damage":21,"enemies":"4 Shapes","floor":46,"turns":1},{"damage":21,"enemies":"Maw","floor":47,"turns":5},{"damage":0,"enemies":"Jaw Worm Horde","floor":48,"turns":1},{"damage":109,"enemies":"Awakened One","floor":50,"turns":5}],"seed_played":"1884416287788881129","potions_obtained":[{"floor":10,"key":"SkillPotion"},{"floor":12,"key":"LiquidBronze"},{"floor":16,"key":"SteroidPotion"},{"floor":20,"key":"GamblersBrew"},{"floor":24,"key":"SneckoOil"},{"floor":33,"key":"Energy Potion"},{"floor":35,"key":"Dexterity Potion"},{"floor":42,"key":"Strength Potion"},{"floor":48,"key":"Strength Potion"}],"is_trial":false,"path_per_floor":["M","?","$","?","?","R","M","R","T","E","?","M","$","M","R","B",null,"M","?","M","M","$","R","E","$","T","T","R","M","?","?","R","B",null,"M","M","?","$","T","R","?","M","T","$","M","M","M","M","R","B"],"character_chosen":"IRONCLAD","items_purchased":["Shrug It Off","Mercury Hourglass"],"campfire_rested":3,"item_purchase_floors":[3,44],"current_hp_per_floor":[77,57,57,54,54,54,60,60,60,50,39,45,45,47,47,30,80,78,78,80,77,77,77,38,38,38,38,66,55,55,55,83,17,94,94,94,94,94,94,94,94,94,94,94,94,79,64,70,94,0],"gold":133,"neow_bonus":"TRANSFORM_CARD","is_prod":false,"is_daily":false,"chose_seed":false,"campfire_upgraded":5,"win_rate":0,"timestamp":1545429458,"path_taken":["M","?","$","?","?","R","?","R","T","E","?","M","$","M","R","BOSS","M","?","M","M","$","R","E","$","T","?","R","M","?","?","R","BOSS","M","M","?","$","?","R","?","M","T","$","?","M","M","?","R","BOSS"],"build_version":"2018-12-13","purchased_purges":5,"victory":false,"max_hp_per_floor":[80,80,80,80,80,80,80,80,80,80,80,80,80,80,80,80,80,80,80,80,80,80,80,94,94,94,94,94,94,94,94,94,94,94,94,94,94,94,94,94,94,94,94,94,94,94,94,94,94,94],"card_choices":[{"not_picked":["Flex","Warcry","Heavy Blade"],"picked":"SKIP","floor":1},{"not_picked":["Iron Wave","Clash"],"picked":"Shrug It Off","floor":7},{"not_picked":["Flex","Metallicize"],"picked":"Whirlwind","floor":10},{"not_picked":["Anger","Shrug It Off","Iron Wave"],"picked":"SKIP","floor":12},{"not_picked":["Pommel Strike","Sentinel","Uppercut"],"picked":"SKIP","floor":14},{"not_picked":["Brutality","Immolate"],"picked":"Berserk","floor":16},{"not_picked":["Sentinel","Feel No Pain","Infernal Blade"],"picked":"SKIP","floor":18},{"not_picked":["Clash+1","Twin Strike+1"],"picked":"Pommel Strike+1","floor":20},{"not_picked":["Havoc","Carnage","Disarm"],"picked":"SKIP","floor":21},{"not_picked":["Searing Blow+1","Disarm"],"picked":"Inflame","floor":24},{"not_picked":["Corruption","Pommel Strike","True Grit"],"picked":"SKIP","floor":29},{"not_picked":["Feel No Pain+1","Rage","Iron Wave+1"],"picked":"SKIP","floor":35},{"not_picked":["Thunderclap","Uppercut","Clothesline"],"picked":"SKIP","floor":36},{"not_picked":["Cleave+1","Pommel Strike","Anger"],"picked":"SKIP","floor":42},{"not_picked":["Perfected Strike","Blood for Blood+1","Offering"],"picked":"SKIP","floor":45},{"not_picked":["Cleave","Thunderclap"],"picked":"Infernal Blade+1","floor":46},{"not_picked":["Iron Wave+1","Pommel Strike","Warcry+1"],"picked":"SKIP","floor":47},{"not_picked":["Bloodletting","Uppercut+1"],"picked":"Seeing Red+1","floor":48}],"player_experience":345725,"relics_obtained":[{"floor":9,"key":"Orichalcum"},{"floor":10,"key":"Self Forming Clay"},{"floor":24,"key":"Mango"},{"floor":26,"key":"Bottled Flame"},{"floor":27,"key":"War Paint"},{"floor":39,"key":"FossilizedHelix"},{"floor":43,"key":"Old Coin"}],"event_choices":[{"damage_healed":0,"gold_gain":0,"player_choice":"Take Damage","damage_taken":20,"relics_obtained":["Golden Idol"],"max_hp_gain":0,"max_hp_loss":0,"event_name":"Golden Idol","floor":2,"gold_loss":0},{"damage_healed":0,"gold_gain":0,"player_choice":"Success","damage_taken":3,"relics_obtained":["Tiny Chest"],"max_hp_gain":0,"max_hp_loss":0,"event_name":"Scrap Ooze","floor":4,"gold_loss":0},{"cards_removed":["Defend_R"],"damage_healed":0,"gold_gain":0,"player_choice":"Purged","damage_taken":0,"max_hp_gain":0,"max_hp_loss":0,"event_name":"Purifier","floor":5,"gold_loss":0},{"damage_healed":0,"gold_gain":75,"player_choice":"Gather Gold","damage_taken":11,"max_hp_gain":0,"max_hp_loss":0,"event_name":"World of Goop","floor":11,"gold_loss":0},{"damage_healed":0,"gold_gain":0,"player_choice":"Ignored","damage_taken":0,"max_hp_gain":0,"max_hp_loss":0,"event_name":"The Mausoleum","floor":19,"gold_loss":0},{"damage_healed":0,"gold_gain":0,"player_choice":"Ignored","damage_taken":0,"max_hp_gain":0,"max_hp_loss":0,"event_name":"Ghosts","floor":30,"gold_loss":0},{"damage_healed":0,"gold_gain":0,"player_choice":"Obtained Relic","damage_taken":0,"relics_obtained":["Bag of Marbles"],"max_hp_gain":0,"max_hp_loss":0,"event_name":"Addict","floor":31,"gold_loss":85},{"damage_healed":0,"gold_gain":0,"player_choice":"1 cards matched","damage_taken":0,"max_hp_gain":0,"max_hp_loss":0,"event_name":"Match and Keep!","floor":37,"gold_loss":0,"cards_obtained":["Bash"]},{"cards_removed":["Regret"],"damage_healed":0,"gold_gain":0,"player_choice":"Removed Curses","damage_taken":0,"max_hp_gain":0,"max_hp_loss":0,"event_name":"Fountain of Cleansing","floor":41,"gold_loss":0}],"is_beta":false,"boss_relics":[{"not_picked":["Coffee Dripper","Lizard Tail"],"picked":"Philosopher\u0027s Stone"},{"not_picked":["Busted Crown","Runic Dome"],"picked":"Cursed Key"}],"items_purged_floors":[3,13,22,25,44],"is_endless":false,"potions_floor_spawned":[10,12,16,20,24,33,35,42,47,48],"killed_by":"Awakened One","ascension_level":0}