{"gold_per_floor":[115,129,5,5,5,45,59,100,100,135,149,149,190,206,206,206],"floor_reached":16,"playtime":1182,"items_purged":["Strike_B"],"score":171,"play_id":"82a3bd6c-f119-4c76-a3a5-9fa976019c63","local_time":"20190706223659","is_ascension_mode":true,"campfire_choices":[{"floor":12,"key":"REST"},{"data":"Fusion","floor":15,"key":"SMITH"}],"neow_cost":"NONE","seed_source_timestamp":616061374711456,"circlet_count":0,"master_deck":["Strike_B","Strike_B","Strike_B","Defend_B","Defend_B","Defend_B","Zap","Dualcast","Fusion+1","Hologram","Ball Lightning","Core Surge","Chill","Recycle+1","Redo+1","Reprogram+1","Double Energy+1","Coolheaded+1"],"special_seed":0,"relics":["Cracked Core","NeowsBlessing","Golden Idol","Blue Candle","Toxic Egg 2","Ornamental Fan","Anchor"],"potions_floor_usage":[],"damage_taken":[{"damage":0.0,"enemies":"Small Slimes","floor":1.0,"turns":1.0},{"damage":0.0,"enemies":"Jaw Worm","floor":2.0,"turns":1.0},{"damage":0.0,"enemies":"3 Sentries","floor":6.0,"turns":1.0},{"damage":8.0,"enemies":"2 Louse","floor":7.0,"turns":2.0},{"damage":13.0,"enemies":"Lagavulin","floor":8.0,"turns":6.0},{"damage":13,"enemies":"Gremlin Nob","floor":10,"turns":3},{"damage":14,"enemies":"Red Slaver","floor":11,"turns":2},{"damage":8,"enemies":"3 Sentries","floor":13,"turns":8},{"damage":0,"enemies":"Lots of Slimes","floor":14,"turns":4},{"damage":29,"enemies":"Hexaghost","floor":16,"turns":11}],"seed_played":"-2725393186621848512","potions_obtained":[{"floor":1.0,"key":"Weak Potion"},{"floor":8,"key":"Poison Potion"},{"floor":11,"key":"SkillPotion"},{"floor":14,"key":"Swift Potion"}],"is_trial":false,"path_per_floor":["M","M","$","?","?","E","M","E","T","E","M","R","E","M","R","B"],"character_chosen":"DEFECT","items_purchased":["Ball Lightning"],"campfire_rested":1,"item_purchase_floors":[3],"current_hp_per_floor":[75,75,75,75,57,57,49,36,36,23,9,31,23,23,23,0],"gold":206,"neow_bonus":"THREE_ENEMY_KILL","is_prod":false,"is_daily":false,"chose_seed":false,"campfire_upgraded":1,"win_rate":0,"timestamp":1562477819,"path_taken":["M","M","$","?","?","E","M","E","T","E","M","R","E","M","R","BOSS"],"build_version":"2019-07-05","purchased_purges":1,"victory":false,"max_hp_per_floor":[75,75,75,75,75,75,75,75,75,75,75,75,75,75,75,75],"card_choices":[{"not_picked":["Force Field","Turbo"],"picked":"Fusion","floor":1.0},{"not_picked":["Barrage","Scrape"],"picked":"Hologram","floor":2.0},{"not_picked":["Consume","Barrage"],"picked":"Core Surge","floor":6.0},{"not_picked":["Ball Lightning","Compile Driver"],"picked":"Chill","floor":7.0},{"not_picked":["Redo","Leap"],"picked":"Recycle","floor":8},{"not_picked":["Rebound","Streamline"],"picked":"Redo+1","floor":10},{"not_picked":["Compile Driver","Double Energy+1"],"picked":"Reprogram+1","floor":11},{"not_picked":["Compile Driver","Stack+1"],"picked":"Double Energy+1","floor":13},{"not_picked":["Stack+1","Thunder Strike"],"picked":"Coolheaded+1","floor":14}],"player_experience":159547,"relics_obtained":[{"floor":6.0,"key":"Blue Candle"},{"floor":8,"key":"Toxic Egg 2"},{"floor":10,"key":"Ornamental Fan"},{"floor":13,"key":"Anchor"}],"event_choices":[{"cards_removed":["Defend_B"],"damage_healed":0.0,"max_hp_gain":0.0,"max_hp_loss":0.0,"gold_gain":0.0,"event_name":"Living Wall","player_choice":"Forget","floor":4.0,"gold_loss":0.0,"damage_taken":0.0},{"damage_healed":0.0,"max_hp_gain":0.0,"max_hp_loss":0.0,"gold_gain":0.0,"event_name":"Golden Idol","player_choice":"Take Damage","floor":5.0,"gold_loss":0.0,"damage_taken":18.0,"relics_obtained":["Golden Idol"]}],"is_beta":false,"boss_relics":[],"items_purged_floors":[3],"is_endless":false,"potions_floor_spawned":[1,8,11,14],"killed_by":"Hexaghost","ascension_level":2}