{"gold_per_floor":[114,114,39,56,31,62,80,80,155,165,182,182,198,230,230,334,334,349,361,165,184,103,132,132],"floor_reached":24,"playtime":1347,"items_purged":[],"score":276,"play_id":"1aa70337-313a-4ed0-9235-4fbebe8d3566","local_time":"20190718015941","is_ascension_mode":true,"campfire_choices":[{"floor":8,"key":"REST"},{"data":"Double Energy","floor":15,"key":"SMITH"}],"neow_cost":"TEN_PERCENT_HP_LOSS","seed_source_timestamp":4681765271465,"circlet_count":0,"master_deck":["Defend_B","Defend_B","Defend_B","Defend_B","Dualcast","Double Energy+1","Doom and Gloom","Ball Lightning","Leap","Coolheaded","Coolheaded","Coolheaded","Undo","Double Energy","Coolheaded","Tempest","Rainbow","Leap","Melter+1","Defragment"],"relics":["Cracked Core","Anchor","Cables","Unceasing Top","Empty Cage","Lantern","PreservedInsect"],"potions_floor_usage":[6,23,24],"damage_taken":[{"damage":0,"enemies":"Cultist","floor":1,"turns":4},{"damage":6,"enemies":"2 Louse","floor":4,"turns":2},{"damage":8,"enemies":"3 Sentries","floor":6,"turns":6},{"damage":0,"enemies":"Small Slimes","floor":7,"turns":2},{"damage":2,"enemies":"Blue Slaver","floor":10,"turns":3},{"damage":0,"enemies":"Large Slime","floor":11,"turns":3},{"damage":0,"enemies":"Exordium Thugs","floor":13,"turns":4},{"damage":22,"enemies":"Lagavulin","floor":14,"turns":7},{"damage":7,"enemies":"Hexaghost","floor":16,"turns":11},{"damage":11,"enemies":"Spheric Guardian","floor":18,"turns":4},{"damage":11,"enemies":"2 Thieves","floor":19,"turns":4},{"damage":24,"enemies":"Shelled Parasite and Fungi","floor":21,"turns":9},{"damage":16,"enemies":"Book of Stabbing","floor":23,"turns":9},{"damage":9,"enemies":"Centurion and Healer","floor":24,"turns":7}],"seed_played":"-7147168559832465427","potions_obtained":[{"floor":1,"key":"Strength Potion"},{"floor":4,"key":"AttackPotion"},{"floor":10,"key":"FocusPotion"},{"floor":11,"key":"Dexterity Potion"},{"floor":23,"key":"Poison Potion"}],"is_trial":false,"path_per_floor":["M","?","$","M","$","E","M","R","T","M","M","?","M","E","R","B",null,"M","M","$","M","$","E","M"],"character_chosen":"DEFECT","items_purchased":["Doom and Gloom","Leap","Lantern","Leap","Defragment"],"campfire_rested":1,"item_purchase_floors":[3,5,20,20,22],"current_hp_per_floor":[68,61,61,55,55,47,47,67,67,65,65,65,65,43,43,36,68,57,46,46,22,22,6,0],"gold":132,"neow_bonus":"REMOVE_TWO","is_prod":false,"is_daily":false,"chose_seed":false,"campfire_upgraded":1,"win_rate":0,"timestamp":1563433181,"path_taken":["M","?","$","M","$","E","M","R","T","M","M","?","M","E","R","BOSS","M","M","$","?","?","E","?"],"build_version":"2019-07-17","purchased_purges":0,"victory":false,"max_hp_per_floor":[68,68,68,68,68,68,68,68,68,68,68,68,68,68,68,68,68,68,68,68,68,68,68,68],"card_choices":[{"not_picked":["Blizzard","Steam"],"picked":"Double Energy","floor":1},{"not_picked":["Streamline","Stack"],"picked":"Ball Lightning","floor":4},{"not_picked":["Fission","Steam"],"picked":"Coolheaded","floor":6},{"not_picked":["Undo","Barrage"],"picked":"Coolheaded","floor":7},{"not_picked":["Streamline","Stack"],"picked":"Coolheaded","floor":10},{"not_picked":["Doom and Gloom","Lockon"],"picked":"Undo","floor":11},{"not_picked":["Steam","FTL"],"picked":"Coolheaded","floor":13},{"not_picked":["Barrage","Genetic Algorithm"],"picked":"Tempest","floor":14},{"not_picked":["Reboot","Amplify"],"picked":"Rainbow","floor":16},{"not_picked":["Glacier+1","Reinforced Body","Undo"],"picked":"SKIP","floor":18},{"not_picked":["Cold Snap","Steam","Stack+1"],"picked":"SKIP","floor":19},{"not_picked":["Sweeping Beam","Genetic Algorithm"],"picked":"Melter+1","floor":21},{"not_picked":["Sweeping Beam+1","Rip and Tear+1","Melter"],"picked":"SKIP","floor":23}],"player_experience":146638,"relics_obtained":[{"floor":6,"key":"Anchor"},{"floor":9,"key":"Cables"},{"floor":14,"key":"Unceasing Top"},{"floor":23,"key":"PreservedInsect"}],"event_choices":[{"cards_removed":["Strike_B"],"damage_healed":0,"gold_gain":0,"player_choice":"Card Removal","damage_taken":7,"max_hp_gain":0,"max_hp_loss":0,"event_name":"Golden Wing","floor":2,"gold_loss":0},{"damage_healed":0,"gold_gain":0,"player_choice":"1 cards matched","damage_taken":0,"max_hp_gain":0,"max_hp_loss":0,"event_name":"Match and Keep!","floor":12,"gold_loss":0,"cards_obtained":["Double Energy"]}],"is_beta":false,"boss_relics":[{"not_picked":["Runic Dome","Orrery"],"picked":"Empty Cage"}],"items_purged_floors":[],"is_endless":false,"potions_floor_spawned":[1,4,10,11,16,23],"killed_by":"Centurion and Healer","ascension_level":2}