{"gold_per_floor":[99,99,99,99,99,99,99,99,99,49,49,49,49,49,49,49,49,49,49,49,49,49,49,49,49,49,49,49,23,23,23,23,23,23,23,23,23,23,0,0,0,0,0,0,0,0,0,0,0,0],"floor_reached":51,"playtime":4868,"items_purged":[],"score":969,"play_id":"8ba42a4c-6242-4dd6-a9db-3e01fec16529","local_time":"20190701155328","is_ascension_mode":true,"campfire_choices":[{"data":"Dash","floor":6,"key":"SMITH"},{"floor":8,"key":"REST"},{"data":"Masterful Stab","floor":12,"key":"SMITH"},{"data":"Outmaneuver","floor":15,"key":"SMITH"},{"data":"Noxious Fumes","floor":23,"key":"SMITH"},{"data":"1","floor":30,"key":"LIFT"},{"data":"2","floor":32,"key":"LIFT"},{"data":"3","floor":41,"key":"LIFT"},{"data":"A Thousand Cuts","floor":44,"key":"SMITH"},{"data":"Bouncing Flask","floor":47,"key":"SMITH"},{"floor":49,"key":"REST"}],"neow_cost":"NONE","seed_source_timestamp":178645698205200,"circlet_count":0,"master_deck":["Defend_G+1","Defend_G+1","Defend_G+1","Defend_G+1","Strike_G+1","Strike_G+1","Strike_G+1","Strike_G+1","Survivor","Neutralize","Masterful Stab+1","Dash+1","Choke","Venomology","Bouncing Flask+1","Outmaneuver+1","Outmaneuver+1","Burst+1","Noxious Fumes+1","Ghostly+1","Ghostly+1","Ghostly+1","Ghostly+1","Ghostly+1","Tactician+1","Backflip+1","Deflect+1","Underhanded Strike+1","Writhe","Parasite","Blade Dance+1","RitualDagger","Cloak And Dagger+1","A Thousand Cuts+1","Cloak And Dagger+1","Slice+1","Calculated Gamble+1","Burst+1","Cloak And Dagger+1","Blade Dance+1","Parasite","Dagger Throw+1","Terror+1","Mind Blast","The Bomb+1","Forethought+1"],"relics":["Ectoplasm","FossilizedHelix","Bottled Flame","Juzu Bracelet","Toxic Egg 2","Cursed Key","Torii","Darkstone Periapt","Girya","Orichalcum","Boot","Happy Flower","Runic Pyramid","StoneCalendar","Red Mask","Sundial","Bronze Scales","Bag of Preparation","Old Coin"],"potions_floor_usage":[16,16,18,20,21,21,21,21,24,27,33,33,40,42,42,45,50,50,50],"damage_taken":[{"damage":0,"enemies":"2 Louse","floor":1,"turns":3},{"damage":8,"enemies":"Jaw Worm","floor":2,"turns":3},{"damage":0,"enemies":"Cultist","floor":5,"turns":3},{"damage":10,"enemies":"3 Sentries","floor":7,"turns":8},{"damage":2,"enemies":"Lagavulin","floor":11,"turns":8},{"damage":0,"enemies":"3 Louse","floor":14,"turns":2},{"damage":33,"enemies":"The Guardian","floor":16,"turns":10},{"damage":4,"enemies":"3 Byrds","floor":18,"turns":6},{"damage":0,"enemies":"Chosen","floor":20,"turns":5},{"damage":0,"enemies":"Colosseum Slavers","floor":21,"turns":6},{"damage":0,"enemies":"Colosseum Nobs","floor":21,"turns":7},{"damage":0,"enemies":"Snake Plant","floor":22,"turns":4},{"damage":1,"enemies":"Book of Stabbing","floor":24,"turns":7},{"damage":0,"enemies":"Slavers","floor":27,"turns":7},{"damage":0,"enemies":"Collector","floor":33,"turns":9},{"damage":0,"enemies":"3 Darklings","floor":35,"turns":7},{"damage":16,"enemies":"2 Orb Walkers","floor":36,"turns":5},{"damage":0,"enemies":"Orb Walker","floor":37,"turns":3},{"damage":0,"enemies":"Nemesis","floor":40,"turns":7},{"damage":0,"enemies":"Reptomancer","floor":42,"turns":7},{"damage":0,"enemies":"Nemesis","floor":45,"turns":5},{"damage":0,"enemies":"Jaw Worm Horde","floor":46,"turns":4},{"damage":26,"enemies":"Donu and Deca","floor":50,"turns":6}],"seed_played":"-7987873292520225203","potions_obtained":[{"floor":7,"key":"Ancient Potion"},{"floor":14,"key":"Block Potion"},{"floor":16,"key":"Strength Potion"},{"floor":18,"key":"Explosive Potion"},{"floor":21,"key":"GhostInAJar"},{"floor":27,"key":"Poison Potion"},{"floor":40,"key":"FairyPotion"},{"floor":45,"key":"SkillPotion"}],"is_trial":false,"path_per_floor":["M","M","?","?","M","R","E","R","T","?","E","R","T","M","R","B",null,"M","?","M","?","M","R","E","?","T","E","?","$","R","?","R","B",null,"M","?","M","?","?","E","R","E","T","R","E","M","R","?","R","B",null],"character_chosen":"THE_SILENT","items_purchased":["Cloak And Dagger+1"],"campfire_rested":2,"item_purchase_floors":[29],"current_hp_per_floor":[70,62,55,55,55,55,45,66,66,66,64,64,64,64,64,31,70,66,35,35,35,35,35,34,40,46,46,40,40,40,40,40,40,47,47,31,31,31,31,45,45,47,53,53,53,53,53,43,53,27],"gold":0,"neow_bonus":"BOSS_RELIC","is_prod":false,"is_daily":false,"chose_seed":false,"campfire_upgraded":6,"win_rate":0,"timestamp":1561989208,"path_taken":["M","M","?","?","?","R","E","R","T","?","E","R","?","M","R","BOSS","M","?","M","?","M","R","E","?","T","E","?","$","R","?","R","BOSS","M","?","M","?","?","E","R","E","T","R","E","M","R","?","R","BOSS"],"build_version":"2019-01-23","purchased_purges":0,"victory":true,"max_hp_per_floor":[70,70,70,70,70,70,70,70,70,70,70,70,70,70,70,70,70,70,35,35,35,35,35,35,41,47,47,47,47,47,47,47,47,47,47,47,47,47,47,47,47,47,53,53,53,53,53,53,53,53],"card_choices":[{"not_picked":["Sucker Punch","Dagger Throw"],"picked":"Masterful Stab","floor":1},{"not_picked":["Crippling Poison","Bane"],"picked":"Dash","floor":2},{"not_picked":["Calculated Gamble","All Out Attack"],"picked":"Venomology","floor":5},{"not_picked":["Choke","Dagger Spray"],"picked":"Bouncing Flask","floor":7},{"not_picked":["Bouncing Flask","Choke"],"picked":"Outmaneuver","floor":11},{"not_picked":["Poisoned Stab","Leg Sweep+1"],"picked":"Outmaneuver+1","floor":14},{"not_picked":["Storm of Steel+1","Bullet Time+1"],"picked":"Burst+1","floor":16},{"not_picked":["Dagger Throw","Flying Knee"],"picked":"Noxious Fumes","floor":18},{"not_picked":["Slice","Infinite Blades"],"picked":"Tactician+1","floor":20},{"not_picked":["Deflect+1","Flying Knee"],"picked":"Backflip+1","floor":21},{"not_picked":["Slice","Eviscerate"],"picked":"Deflect+1","floor":22},{"not_picked":["Endless Agony","All Out Attack"],"picked":"Underhanded Strike+1","floor":24},{"not_picked":["Footwork","Leg Sweep+1"],"picked":"Blade Dance+1","floor":27},{"not_picked":["Die Die Die","Unload"],"picked":"A Thousand Cuts","floor":33},{"not_picked":["Riddle With Holes","Dagger Throw+1"],"picked":"Cloak And Dagger+1","floor":35},{"not_picked":["Flying Knee","Sucker Punch+1"],"picked":"Slice+1","floor":36},{"not_picked":["Blade Dance+1","Tactician+1"],"picked":"Calculated Gamble+1","floor":37},{"not_picked":["Dagger Spray","Dodge and Roll+1"],"picked":"Cloak And Dagger+1","floor":40},{"not_picked":["Outmaneuver+1","Terror+1"],"picked":"Blade Dance+1","floor":42},{"not_picked":["Doppelganger+1","Predator"],"picked":"Dagger Throw+1","floor":45},{"not_picked":["Cloak And Dagger+1","Predator+1"],"picked":"Terror+1","floor":46},{"not_picked":["Apotheosis+1","Madness+1"],"picked":"Mind Blast","floor":48},{"not_picked":["HandOfGreed","Finesse+1"],"picked":"The Bomb+1","floor":48},{"not_picked":["Discovery+1","Blind+1"],"picked":"Forethought+1","floor":48}],"player_experience":73577,"relics_obtained":[{"floor":7,"key":"FossilizedHelix"},{"floor":9,"key":"Bottled Flame"},{"floor":11,"key":"Juzu Bracelet"},{"floor":13,"key":"Toxic Egg 2"},{"floor":21,"key":"Torii"},{"floor":21,"key":"Darkstone Periapt"},{"floor":24,"key":"Girya"},{"floor":26,"key":"Boot"},{"floor":27,"key":"Happy Flower"},{"floor":36,"key":"StoneCalendar"},{"floor":40,"key":"Sundial"},{"floor":42,"key":"Bronze Scales"},{"floor":43,"key":"Bag of Preparation"},{"floor":45,"key":"Old Coin"}],"event_choices":[{"cards_removed":["Defend_G"],"damage_healed":0,"gold_gain":0,"player_choice":"Card Removal","damage_taken":7,"max_hp_gain":0,"max_hp_loss":0,"event_name":"Golden Wing","floor":3,"gold_loss":0},{"damage_healed":0,"gold_gain":0,"player_choice":"1 cards matched","damage_taken":0,"max_hp_gain":0,"max_hp_loss":0,"event_name":"Match and Keep!","floor":4,"gold_loss":0,"cards_obtained":["Choke"]},{"cards_removed":["Strike_G"],"damage_healed":0,"gold_gain":0,"player_choice":"Card Removal","damage_taken":0,"max_hp_gain":0,"max_hp_loss":0,"event_name":"The Cleric","floor":10,"gold_loss":50},{"damage_healed":0,"gold_gain":0,"player_choice":"Became a Ghost","damage_taken":0,"max_hp_gain":0,"max_hp_loss":35,"event_name":"Ghosts","floor":19,"gold_loss":0,"cards_obtained":["Ghostly","Ghostly","Ghostly","Ghostly","Ghostly"]},{"damage_healed":0,"gold_gain":0,"player_choice":"Fight","damage_taken":0,"max_hp_gain":0,"max_hp_loss":0,"event_name":"Colosseum","floor":21,"gold_loss":0},{"damage_healed":0,"gold_gain":0,"player_choice":"Fought Nobs","damage_taken":0,"max_hp_gain":0,"max_hp_loss":0,"event_name":"Colosseum","floor":21,"gold_loss":0},{"damage_healed":0,"gold_gain":0,"player_choice":"Opened","damage_taken":0,"relics_obtained":["Orichalcum"],"max_hp_gain":0,"max_hp_loss":0,"event_name":"The Mausoleum","floor":25,"gold_loss":0,"cards_obtained":["Writhe"]},{"damage_healed":0,"gold_gain":0,"player_choice":"Joined the Cult","damage_taken":6,"max_hp_gain":0,"max_hp_loss":0,"event_name":"Nest","floor":28,"gold_loss":0,"cards_obtained":["RitualDagger"]},{"damage_healed":0,"gold_gain":0,"player_choice":"Simplicity","damage_taken":0,"max_hp_gain":0,"max_hp_loss":0,"event_name":"Back to Basics","floor":31,"gold_loss":0,"cards_upgraded":["Defend_G","Defend_G","Defend_G","Defend_G","Strike_G","Strike_G","Strike_G","Strike_G"]},{"damage_healed":0,"gold_gain":0,"player_choice":"Fight","damage_taken":0,"max_hp_gain":0,"max_hp_loss":0,"event_name":"Mysterious Sphere","floor":36,"gold_loss":0},{"damage_healed":0,"gold_gain":0,"player_choice":"Copied","damage_taken":0,"max_hp_gain":0,"max_hp_loss":0,"event_name":"Duplicator","floor":38,"gold_loss":0,"cards_obtained":["Burst"]},{"damage_healed":0,"gold_gain":0,"player_choice":"Paid","damage_taken":0,"relics_obtained":["Red Mask"],"max_hp_gain":0,"max_hp_loss":0,"event_name":"Tomb of Lord Red Mask","floor":39,"gold_loss":23},{"damage_healed":0,"gold_gain":0,"player_choice":"Memory 3","damage_taken":10,"max_hp_gain":0,"max_hp_loss":0,"event_name":"SensoryStone","floor":48,"gold_loss":0}],"is_beta":false,"boss_relics":[{"not_picked":["White Beast Statue","Tiny House"],"picked":"Cursed Key"},{"not_picked":["Velvet Choker","Philosopher\u0027s Stone"],"picked":"Runic Pyramid"}],"items_purged_floors":[],"is_endless":false,"potions_floor_spawned":[7,14,16,18,21,21,27,37,40,45],"ascension_level":1}