{"gold_per_floor":[119,44,44,60,30,63,81,116,184,184],"floor_reached":10,"playtime":522,"items_purged":["Strike_G"],"score":111,"play_id":"734f3f1c-757f-44b0-b855-f88a77da40d2","local_time":"20190627021420","is_ascension_mode":true,"campfire_choices":[],"neow_cost":"NONE","seed_source_timestamp":351218332735078,"circlet_count":0,"master_deck":["Defend_G","Defend_G","Defend_G","Defend_G","Defend_G","Strike_G","Strike_G","Strike_G","Strike_G","Survivor","Neutralize","Accuracy","Leg Sweep","Infinite Blades","Flying Knee","Backstab"],"relics":["Ring of the Snake","NeowsBlessing","GremlinMask","Thread and Needle","Art of War"],"potions_floor_usage":[],"damage_taken":[{"damage":0,"enemies":"Cultist","floor":1,"turns":1},{"damage":0,"enemies":"Jaw Worm","floor":4,"turns":1},{"damage":0,"enemies":"Lagavulin","floor":6,"turns":2},{"damage":0,"enemies":"2 Louse","floor":7,"turns":5},{"damage":9,"enemies":"3 Sentries","floor":8,"turns":9},{"damage":0,"enemies":"Large Slime","floor":10,"turns":2}],"seed_played":"8197043907524097499","potions_obtained":[{"floor":1,"key":"SpeedPotion"},{"floor":5,"key":"Weak Potion"},{"floor":5,"key":"Ancient Potion"},{"floor":8,"key":"LiquidBronze"}],"is_trial":false,"path_per_floor":["M","$","?","M","?","E","M","E","T","M"],"character_chosen":"THE_SILENT","items_purchased":[],"campfire_rested":0,"item_purchase_floors":[],"current_hp_per_floor":[70,70,70,70,70,70,70,61,61,61],"gold":184,"neow_bonus":"THREE_ENEMY_KILL","is_prod":false,"is_daily":false,"chose_seed":false,"campfire_upgraded":0,"win_rate":0,"timestamp":1561626860,"path_taken":["M","$","?","?","?","E","?","E","T","?"],"build_version":"2019-01-23","purchased_purges":1,"victory":false,"max_hp_per_floor":[70,70,70,70,70,70,70,70,70,70],"card_choices":[{"not_picked":["Setup","Deflect"],"picked":"Accuracy","floor":1},{"not_picked":["Eviscerate","Poisoned Stab"],"picked":"Leg Sweep","floor":4},{"not_picked":["Backflip","Dagger Throw"],"picked":"Infinite Blades","floor":6},{"not_picked":["Acrobatics","Dagger Spray"],"picked":"Flying Knee","floor":7},{"not_picked":["Sucker Punch","Glass Knife"],"picked":"Backstab","floor":8}],"player_experience":125828,"relics_obtained":[{"floor":6,"key":"Thread and Needle"},{"floor":8,"key":"Art of War"}],"event_choices":[{"damage_healed":0,"gold_gain":0,"player_choice":"Trade","damage_taken":0,"relics_obtained":["GremlinMask"],"max_hp_gain":0,"max_hp_loss":0,"event_name":"FaceTrader","floor":3,"gold_loss":0},{"damage_healed":0,"gold_gain":0,"player_choice":"Bought 2 Potions","damage_taken":0,"max_hp_gain":0,"max_hp_loss":0,"event_name":"The Woman in Blue","floor":5,"gold_loss":0}],"is_beta":false,"boss_relics":[],"items_purged_floors":[2],"is_endless":false,"potions_floor_spawned":[1,8],"killed_by":"Large Slime","ascension_level":2}