{"gold_per_floor":[118,135,53,73,38,38,38,67,67,86,86,121,121,139,139,217,217,230,230,244,260,272,272,287,287,287,297,297,322,322,322,322,322],"floor_reached":33,"playtime":1906,"items_purged":[],"score":485,"play_id":"9107e489-a94b-4965-b7ee-52e85e6400ff","local_time":"20190216083705","is_ascension_mode":true,"campfire_choices":[{"data":"Neutralize","floor":6,"key":"SMITH"},{"data":"Poisoned Stab","floor":11,"key":"SMITH"},{"data":"Predator","floor":15,"key":"SMITH"},{"floor":23,"key":"REST"},{"floor":28,"key":"REST"},{"data":"Die Die Die","floor":30,"key":"SMITH"},{"floor":32,"key":"REST"}],"neow_cost":"NONE","seed_source_timestamp":94448517986462,"circlet_count":0,"master_deck":["AscendersBane","Defend_G","Defend_G","Defend_G","Defend_G","Defend_G","Strike_G+1","Strike_G","Strike_G+1","Strike_G","Strike_G","Survivor","Neutralize+1","Well Laid Plans","Predator+1","Die Die Die+1","Poisoned Stab+1","All Out Attack+1"],"relics":["Ring of the Snake","Whetstone","Bottled Tornado","Pantograph","Omamori","Bronze Scales","Busted Crown","Vajra","Blood Vial"],"potions_floor_usage":[8,22,24,29,33],"damage_taken":[{"damage":4,"enemies":"Small Slimes","floor":1,"turns":4},{"damage":3,"enemies":"2 Louse","floor":2,"turns":4},{"damage":0,"enemies":"Jaw Worm","floor":4,"turns":3},{"damage":12,"enemies":"Lagavulin","floor":8,"turns":5},{"damage":11,"enemies":"Exordium Thugs","floor":10,"turns":4},{"damage":12,"enemies":"3 Sentries","floor":12,"turns":7},{"damage":6,"enemies":"Gremlin Gang","floor":14,"turns":2},{"damage":40,"enemies":"Slime Boss","floor":16,"turns":12},{"damage":2,"enemies":"Chosen","floor":18,"turns":4},{"damage":12,"enemies":"2 Thieves","floor":20,"turns":3},{"damage":3,"enemies":"Cultist and Chosen","floor":21,"turns":5},{"damage":15,"enemies":"Snake Plant","floor":22,"turns":4},{"damage":3,"enemies":"Sentry and Sphere","floor":24,"turns":3},{"damage":22,"enemies":"Colosseum Slavers","floor":25,"turns":3},{"damage":12,"enemies":"3 Cultists","floor":27,"turns":4},{"damage":13,"enemies":"Gremlin Leader","floor":29,"turns":5},{"damage":101,"enemies":"Automaton","floor":33,"turns":12}],"seed_played":"9070692065947438954","potions_obtained":[{"floor":4,"key":"Poison Potion"},{"floor":12,"key":"AttackPotion"},{"floor":16,"key":"Weak Potion"},{"floor":21,"key":"Fruit Juice"},{"floor":22,"key":"Strength Potion"},{"floor":24,"key":"GamblersBrew"}],"is_trial":false,"path_per_floor":["M","M","$","M","?","R","?","E","T","M","R","E","T","M","R","B",null,"M","?","M","M","M","R","M","?","T","M","R","E","R","?","R","B"],"character_chosen":"THE_SILENT","items_purchased":["Predator"],"campfire_rested":3,"item_purchase_floors":[3],"current_hp_per_floor":[55,52,52,52,66,66,66,54,54,43,43,31,31,25,25,10,52,50,44,32,29,19,40,37,15,15,3,24,11,11,11,32,0],"gold":322,"neow_bonus":"RANDOM_COMMON_RELIC","is_prod":false,"is_daily":false,"chose_seed":false,"campfire_upgraded":4,"win_rate":0,"timestamp":1550273825,"path_taken":["M","M","$","M","?","R","?","E","T","M","R","E","?","M","R","BOSS","M","?","?","M","M","R","M","?","T","M","R","E","R","?","R","BOSS"],"build_version":"2019-01-23","purchased_purges":0,"victory":false,"max_hp_per_floor":[66,66,66,66,66,66,66,66,66,66,66,66,66,66,66,66,66,66,66,66,66,71,71,71,71,71,71,71,71,71,71,71,71],"card_choices":[{"not_picked":["Dodge and Roll","Flechettes","Backflip"],"picked":"SKIP","floor":1},{"not_picked":["Backflip","Deflect"],"picked":"Well Laid Plans","floor":2},{"not_picked":["Night Terror","Backflip","Bane"],"picked":"SKIP","floor":4},{"not_picked":["Outmaneuver","Bane"],"picked":"Die Die Die","floor":8},{"not_picked":["Dagger Spray","Infinite Blades"],"picked":"Poisoned Stab","floor":10},{"not_picked":["Deflect","Underhanded Strike","Blade Dance"],"picked":"SKIP","floor":12},{"not_picked":["Prepared","Deadly Poison","Blade Dance"],"picked":"SKIP","floor":14},{"not_picked":[],"picked":"All Out Attack+1","floor":18},{"not_picked":["Accuracy"],"picked":"SKIP","floor":20},{"not_picked":["Slice"],"picked":"SKIP","floor":21},{"not_picked":["Acrobatics"],"picked":"SKIP","floor":22},{"not_picked":["Poisoned Stab"],"picked":"SKIP","floor":24},{"not_picked":["Bane"],"picked":"SKIP","floor":27},{"not_picked":["Accuracy"],"picked":"SKIP","floor":29}],"player_experience":487927,"relics_obtained":[{"floor":8,"key":"Bottled Tornado"},{"floor":9,"key":"Pantograph"},{"floor":12,"key":"Omamori"},{"floor":13,"key":"Bronze Scales"},{"floor":29,"key":"Vajra"}],"event_choices":[{"damage_healed":16,"gold_gain":0,"player_choice":"Healed","damage_taken":0,"max_hp_gain":0,"max_hp_loss":0,"event_name":"The Cleric","floor":5,"gold_loss":35},{"damage_healed":0,"gold_gain":0,"player_choice":"Ignored","damage_taken":0,"max_hp_gain":0,"max_hp_loss":0,"event_name":"Liars Game","floor":7,"gold_loss":0},{"damage_healed":0,"gold_gain":0,"player_choice":"","damage_taken":6,"max_hp_gain":0,"max_hp_loss":0,"event_name":"Knowing Skull","floor":19,"potions_obtained":[],"gold_loss":0,"cards_obtained":[]},{"damage_healed":0,"gold_gain":0,"player_choice":"Fight","damage_taken":0,"max_hp_gain":0,"max_hp_loss":0,"event_name":"Colosseum","floor":25,"gold_loss":0},{"damage_healed":0,"gold_gain":0,"player_choice":"Fled From Nobs","damage_taken":0,"max_hp_gain":0,"max_hp_loss":0,"event_name":"Colosseum","floor":25,"gold_loss":0},{"damage_healed":0,"gold_gain":0,"player_choice":"Stole Relic","damage_taken":0,"relics_obtained":["Blood Vial"],"max_hp_gain":0,"max_hp_loss":0,"event_name":"Addict","floor":31,"gold_loss":0,"cards_obtained":["Shame"]}],"is_beta":false,"boss_relics":[{"not_picked":["Astrolabe","Fusion Hammer"],"picked":"Busted Crown"}],"items_purged_floors":[],"is_endless":false,"potions_floor_spawned":[4,12,16,18,21,22,24],"killed_by":"Automaton","ascension_level":15}