{"gold_per_floor":[117,136,136,38,50,50,85,99,99,99,126,156,189,189,189,289,289,303,303,8,18,18,18,31,50,50,50,50,83,83,93,93,196,196,211,211,311,137,12,12,12,27,27,27,27,27,27,42,42,42],"floor_reached":50,"playtime":2660,"items_purged":["Strike_R","Strike_R","Doubt"],"score":574,"play_id":"b6c79078-4197-448e-bd98-c6230bd4bba8","local_time":"20190713222811","is_ascension_mode":true,"campfire_choices":[{"data":"Inflame","floor":6,"key":"SMITH"},{"data":"Clothesline","floor":10,"key":"SMITH"},{"floor":15,"key":"REST"},{"data":"Limit Break","floor":23,"key":"SMITH"},{"data":"True Grit","floor":27,"key":"SMITH"},{"data":"Barricade","floor":30,"key":"SMITH"},{"floor":32,"key":"REST"},{"data":"1","floor":40,"key":"LIFT"},{"floor":44,"key":"REST"},{"data":"Madness","floor":47,"key":"SMITH"},{"floor":49,"key":"REST"}],"neow_cost":"NONE","seed_source_timestamp":46160604064707,"circlet_count":0,"master_deck":["Strike_R","Strike_R","Strike_R","Defend_R","Defend_R","Defend_R","Defend_R","Bash+1","Clothesline+1","Anger","Inflame+1","Sword Boomerang","Iron Wave","Shrug It Off","Cleave","Twin Strike","Limit Break+1","Spot Weakness","Pommel Strike+1","Disarm+1","Feed","Headbutt","Inflame","True Grit+1","Barricade+1","Body Slam+1","Offering","True Grit+1","Havoc+1","Battle Trance","Feel No Pain","Madness+1"],"relics":["Burning Blood","Mercury Hourglass","Prayer Wheel","Odd Mushroom","Blue Candle","Bag of Marbles","Cursed Key","Oddly Smooth Stone","GremlinMask","Pantograph","Pear","Velvet Choker","Girya"],"potions_floor_usage":[7,16,25,25,33],"damage_taken":[{"damage":5,"enemies":"Cultist","floor":1,"turns":4},{"damage":0,"enemies":"2 Louse","floor":2,"turns":2},{"damage":17,"enemies":"Jaw Worm","floor":5,"turns":4},{"damage":0,"enemies":"Gremlin Nob","floor":7,"turns":3},{"damage":6,"enemies":"2 Fungi Beasts","floor":8,"turns":3},{"damage":14,"enemies":"3 Sentries","floor":11,"turns":4},{"damage":18,"enemies":"The Mushroom Lair","floor":12,"turns":3},{"damage":21,"enemies":"Lagavulin","floor":13,"turns":7},{"damage":26,"enemies":"Hexaghost","floor":16,"turns":8},{"damage":5,"enemies":"3 Byrds","floor":18,"turns":3},{"damage":12,"enemies":"2 Thieves","floor":21,"turns":3},{"damage":24,"enemies":"Snake Plant","floor":24,"turns":4},{"damage":7,"enemies":"Snecko","floor":25,"turns":4},{"damage":31,"enemies":"Gremlin Leader","floor":29,"turns":5},{"damage":40,"enemies":"Sentry and Sphere","floor":31,"turns":6},{"damage":70,"enemies":"Champ","floor":33,"turns":10},{"damage":52,"enemies":"3 Darklings","floor":35,"turns":6},{"damage":42,"enemies":"Mind Bloom Boss Battle","floor":37,"turns":4},{"damage":17,"enemies":"Orb Walker","floor":42,"turns":4},{"damage":39,"enemies":"Writhing Mass","floor":48,"turns":5},{"damage":87,"enemies":"Donu and Deca","floor":50,"turns":6}],"seed_played":"7745323312346656527","potions_obtained":[{"floor":1,"key":"Block Potion"},{"floor":5,"key":"Dexterity Potion"},{"floor":7,"key":"Weak Potion"},{"floor":16,"key":"Regen Potion"},{"floor":18,"key":"Regen Potion"},{"floor":24,"key":"Swift Potion"}],"is_trial":false,"path_per_floor":["M","M","?","$","M","R","E","M","T","R","E","?","E","?","R","B",null,"M","?","$","M","?","R","M","M","T","R","?","E","R","M","R","B",null,"M","?","?","$","$","R","?","M","T","R","$","?","R","M","R","B"],"character_chosen":"IRONCLAD","items_purchased":["Inflame","Sword Boomerang","Disarm","Oddly Smooth Stone","Battle Trance"],"campfire_rested":4,"item_purchase_floors":[4,4,20,20,38],"current_hp_per_floor":[80,80,85,85,74,74,80,80,80,80,72,60,45,38,63,43,85,85,85,85,79,79,79,61,72,72,72,72,57,57,23,51,12,95,49,49,38,38,38,38,38,27,27,55,55,55,55,22,50,0],"gold":42,"neow_bonus":"UPGRADE_CARD","is_prod":false,"is_daily":false,"chose_seed":false,"campfire_upgraded":6,"win_rate":0,"timestamp":1563049691,"path_taken":["M","?","?","$","M","R","E","M","T","R","E","?","E","?","R","BOSS","M","?","?","M","?","R","?","M","T","R","?","E","R","M","R","BOSS","M","?","?","?","$","R","?","?","T","R","$","?","R","M","R","BOSS"],"build_version":"2019-07-05","purchased_purges":3,"victory":false,"max_hp_per_floor":[80,80,85,85,85,85,85,85,85,85,85,85,85,85,85,85,85,85,85,85,85,85,85,85,85,85,85,85,95,95,95,95,95,95,95,95,95,95,95,95,95,95,95,95,95,95,95,95,95,95],"card_choices":[{"not_picked":["Pummel","Anger"],"picked":"Clothesline","floor":1},{"not_picked":["Cleave","Perfected Strike"],"picked":"Anger","floor":2},{"not_picked":["Bloodletting","Flex"],"picked":"Iron Wave","floor":5},{"not_picked":["Headbutt","Disarm"],"picked":"Shrug It Off","floor":7},{"not_picked":["Dropkick","Combust"],"picked":"Cleave","floor":8},{"not_picked":["Corruption","Searing Blow","Whirlwind"],"picked":"SKIP","floor":11},{"not_picked":["Searing Blow","Rage"],"picked":"Twin Strike","floor":13},{"not_picked":["Double Tap","Exhume"],"picked":"Limit Break","floor":16},{"not_picked":["Iron Wave","Pommel Strike+1"],"picked":"Spot Weakness","floor":18},{"not_picked":["Pommel Strike+1","Body Slam","Twin Strike"],"picked":"SKIP","floor":18},{"not_picked":["Body Slam","Twin Strike"],"picked":"Pommel Strike+1","floor":18},{"not_picked":["Entrench+1","Headbutt"],"picked":"Feed","floor":21},{"not_picked":["Sword Boomerang","Rupture"],"picked":"Headbutt","floor":21},{"not_picked":["Body Slam","Perfected Strike"],"picked":"Inflame","floor":24},{"not_picked":["Pummel","Thunderclap","Anger+1"],"picked":"SKIP","floor":24},{"not_picked":["Combust","Clothesline+1"],"picked":"True Grit","floor":25},{"not_picked":["Sever Soul+1","Reckless Charge","Iron Wave+1"],"picked":"SKIP","floor":25},{"not_picked":["Dropkick","Infernal Blade"],"picked":"Barricade","floor":29},{"not_picked":["True Grit","Perfected Strike+1"],"picked":"Body Slam+1","floor":31},{"not_picked":["Clothesline","Inflame","Wild Strike"],"picked":"SKIP","floor":31},{"not_picked":["Barricade","Bludgeon"],"picked":"Offering","floor":33},{"not_picked":["Rupture+1","Armaments"],"picked":"True Grit+1","floor":35},{"not_picked":["Pummel+1","Clothesline+1"],"picked":"Havoc+1","floor":35},{"not_picked":["Headbutt+1","Dropkick+1"],"picked":"Feel No Pain","floor":42},{"not_picked":["Metallicize","Bludgeon","Twin Strike"],"picked":"SKIP","floor":42},{"not_picked":["Trip","Impatience"],"picked":"Madness","floor":46},{"not_picked":["Perfected Strike","Dropkick","Pommel Strike"],"picked":"SKIP","floor":48},{"not_picked":["True Grit","Headbutt+1","Body Slam"],"picked":"SKIP","floor":48}],"player_experience":450948,"relics_obtained":[{"floor":7,"key":"Mercury Hourglass"},{"floor":11,"key":"Prayer Wheel"},{"floor":12,"key":"Odd Mushroom"},{"floor":13,"key":"Blue Candle"},{"floor":26,"key":"Pantograph"},{"floor":29,"key":"Pear"},{"floor":37,"key":"Girya"}],"event_choices":[{"damage_healed":0,"gold_gain":0,"player_choice":"Donut","damage_taken":0,"max_hp_gain":5,"max_hp_loss":0,"event_name":"Big Fish","floor":3,"gold_loss":0},{"damage_healed":0,"gold_gain":0,"player_choice":"Fought Mushrooms","damage_taken":0,"max_hp_gain":0,"max_hp_loss":0,"event_name":"Mushrooms","floor":12,"gold_loss":0},{"damage_healed":0,"gold_gain":0,"player_choice":"Success","damage_taken":7,"relics_obtained":["Bag of Marbles"],"max_hp_gain":0,"max_hp_loss":0,"event_name":"Scrap Ooze","floor":14,"gold_loss":0},{"damage_healed":0,"gold_gain":0,"player_choice":"0 cards matched","damage_taken":0,"max_hp_gain":0,"max_hp_loss":0,"event_name":"Match and Keep!","floor":19,"gold_loss":0,"cards_obtained":[]},{"damage_healed":0,"gold_gain":0,"player_choice":"Trade","damage_taken":0,"relics_obtained":["GremlinMask"],"max_hp_gain":0,"max_hp_loss":0,"event_name":"FaceTrader","floor":22,"gold_loss":0},{"damage_healed":0,"gold_gain":0,"player_choice":"Ignored","damage_taken":0,"max_hp_gain":0,"max_hp_loss":0,"event_name":"Tomb of Lord Red Mask","floor":36,"gold_loss":0},{"damage_healed":0,"gold_gain":0,"player_choice":"Fight","damage_taken":0,"max_hp_gain":0,"max_hp_loss":0,"event_name":"MindBloom","floor":37,"gold_loss":0},{"damage_healed":0,"gold_gain":0,"player_choice":"Forge","damage_taken":0,"max_hp_gain":0,"max_hp_loss":0,"event_name":"Accursed Blacksmith","floor":41,"gold_loss":0,"cards_upgraded":["Disarm"]},{"damage_healed":0,"gold_gain":0,"player_choice":"Memory 1","damage_taken":0,"max_hp_gain":0,"max_hp_loss":0,"event_name":"SensoryStone","floor":46,"gold_loss":0}],"is_beta":false,"boss_relics":[{"not_picked":["Ectoplasm","Eternal Feather"],"picked":"Cursed Key"},{"not_picked":["Coffee Dripper","Calling Bell"],"picked":"Velvet Choker"}],"items_purged_floors":[20,38,39],"is_endless":false,"potions_floor_spawned":[1,5,7,16,18,24],"killed_by":"Donu and Deca","ascension_level":1}