{"gold_per_floor":[119,136,136,146,160,160,186,203,276,276,292,292,309,334,334,334],"floor_reached":16,"playtime":956,"items_purged":[],"score":228,"play_id":"f9ebcbb7-f2d8-469d-b27e-b4a519a91435","local_time":"20190623093233","is_ascension_mode":true,"campfire_choices":[{"data":"Spot Weakness","floor":6,"key":"SMITH"},{"floor":15,"key":"REST"}],"neow_cost":"NONE","seed_source_timestamp":473000414066787,"circlet_count":0,"master_deck":["AscendersBane","Strike_R","Strike_R","Strike_R","Strike_R","Strike_R","Defend_R","Defend_R","Defend_R","Defend_R","Bash","Twin Strike","Armaments","Clothesline+1","Spot Weakness+1","Immolate","Shrug It Off"],"relics":["Burning Blood","Ancient Tea Set","Potion Belt","Sundial","Torii"],"potions_floor_usage":[7,14,16],"damage_taken":[{"damage":7,"enemies":"2 Louse","floor":1,"turns":5},{"damage":7,"enemies":"Small Slimes","floor":2,"turns":3},{"damage":2,"enemies":"Jaw Worm","floor":4,"turns":5},{"damage":5,"enemies":"2 Fungi Beasts","floor":5,"turns":3},{"damage":29,"enemies":"3 Sentries","floor":7,"turns":9},{"damage":30,"enemies":"Large Slime","floor":8,"turns":6},{"damage":10,"enemies":"Gremlin Gang","floor":11,"turns":3},{"damage":6,"enemies":"Red Slaver","floor":13,"turns":3},{"damage":40,"enemies":"Lagavulin","floor":14,"turns":8},{"damage":33,"enemies":"The Guardian","floor":16,"turns":5}],"seed_played":"4370415626965422569","potions_obtained":[{"floor":2,"key":"Dexterity Potion"},{"floor":4,"key":"GamblersBrew"},{"floor":13,"key":"EssenceOfSteel"}],"is_trial":false,"path_per_floor":["M","M","$","M","M","R","E","M","T","?","M","?","M","E","R","B"],"character_chosen":"IRONCLAD","items_purchased":[],"campfire_rested":1,"item_purchase_floors":[],"current_hp_per_floor":[67,66,66,70,71,71,48,24,24,49,45,45,45,11,33,0],"gold":334,"neow_bonus":"RANDOM_COMMON_RELIC","is_prod":false,"is_daily":false,"chose_seed":false,"campfire_upgraded":1,"win_rate":0,"timestamp":1561249953,"path_taken":["M","M","$","M","M","R","E","M","T","?","M","?","M","E","R","BOSS"],"build_version":"2019-01-23","purchased_purges":0,"victory":false,"max_hp_per_floor":[75,75,75,75,75,75,75,75,75,75,75,75,75,75,75,75],"card_choices":[{"not_picked":["Wild Strike","Clash"],"picked":"Twin Strike","floor":1},{"not_picked":["Infernal Blade","Warcry"],"picked":"Armaments","floor":2},{"not_picked":["Body Slam","Flex"],"picked":"Clothesline","floor":4},{"not_picked":["Pommel Strike","Body Slam"],"picked":"Spot Weakness","floor":5},{"not_picked":["Iron Wave","Inflame","Twin Strike"],"picked":"SKIP","floor":7},{"not_picked":["Armaments","Flex"],"picked":"Immolate","floor":8},{"not_picked":["Warcry","Hemokinesis","Iron Wave"],"picked":"SKIP","floor":11},{"not_picked":["Twin Strike","Thunderclap"],"picked":"Shrug It Off","floor":13},{"not_picked":["Warcry","Bloodletting","Headbutt"],"picked":"SKIP","floor":14}],"player_experience":535139,"relics_obtained":[{"floor":7,"key":"Potion Belt"},{"floor":9,"key":"Sundial"},{"floor":14,"key":"Torii"}],"event_choices":[{"damage_healed":25,"gold_gain":0,"player_choice":"Banana","damage_taken":0,"max_hp_gain":0,"max_hp_loss":0,"event_name":"Big Fish","floor":10,"gold_loss":0},{"damage_healed":0,"gold_gain":0,"player_choice":"Grow","damage_taken":0,"max_hp_gain":0,"max_hp_loss":0,"event_name":"Living Wall","floor":12,"gold_loss":0,"cards_upgraded":["Clothesline"]}],"is_beta":false,"boss_relics":[],"items_purged_floors":[],"is_endless":false,"potions_floor_spawned":[2,4,5,13],"killed_by":"The Guardian","ascension_level":20}