{"gold_per_floor":[119,134,134,145,163,163,183,183,183,198,208,239,239,274,274,376,376,386,386,386,386,144,172,188,188],"floor_reached":25,"playtime":2236,"items_purged":["Defend_B"],"score":283,"play_id":"6afe44b1-49ac-461b-8303-eb566ccd6d33","local_time":"20190608035649","is_ascension_mode":false,"campfire_choices":[{"floor":6.0,"key":"REST"},{"floor":8.0,"key":"REST"},{"floor":13.0,"key":"REST"},{"floor":15.0,"key":"REST"}],"neow_cost":"NONE","seed_source_timestamp":0,"circlet_count":0,"master_deck":["Defend_B","Defend_B","Defend_B","Zap","Dualcast","FTL","Ball Lightning","Decay","Amplify","Darkness","FTL","Melter","Redo","Stack+1","Reprogram+1","Creative AI","Leap+1","Ghostly+1","Ghostly+1","Ghostly+1","Ghostly+1","Ghostly+1","Bite","Bite","Bite","Bite","Bite","Turbo+1","Turbo+1","Coolheaded+1","Barrage+1"],"special_seed":0,"relics":["Fusion Hammer","Gremlin Horn","Toxic Egg 2","The Courier","Inserter","Anchor","Mercury Hourglass"],"potions_floor_usage":[],"damage_taken":[{"damage":3.0,"enemies":"2 Louse","floor":1.0,"turns":3.0},{"damage":0.0,"enemies":"Cultist","floor":2.0,"turns":3.0},{"damage":13.0,"enemies":"Jaw Worm","floor":4.0,"turns":2.0},{"damage":12.0,"enemies":"Looter","floor":5.0,"turns":2.0},{"damage":12.0,"enemies":"3 Louse","floor":7.0,"turns":4.0},{"damage":6.0,"enemies":"2 Fungi Beasts","floor":10.0,"turns":3.0},{"damage":25.0,"enemies":"Large Slime","floor":11.0,"turns":4.0},{"damage":13.0,"enemies":"Gremlin Nob","floor":12.0,"turns":3.0},{"damage":11.0,"enemies":"3 Sentries","floor":14.0,"turns":6.0},{"damage":62.0,"enemies":"The Guardian","floor":16.0,"turns":10.0},{"damage":34.0,"enemies":"Chosen","floor":18.0,"turns":5.0},{"damage":17.0,"enemies":"Slavers","floor":23.0,"turns":8.0},{"damage":0.0,"enemies":"Shell Parasite","floor":24.0,"turns":5.0},{"damage":34,"enemies":"Gremlin Leader","floor":25,"turns":8}],"seed_played":"-2255568890063279803","potions_obtained":[{"floor":2.0,"key":"SteroidPotion"},{"floor":7.0,"key":"Energy Potion"},{"floor":10.0,"key":"LiquidBronze"},{"floor":11.0,"key":"SmokeBomb"},{"floor":18.0,"key":"Regen Potion"}],"is_trial":false,"path_per_floor":["M","M","?","M","M","R","M","R","T","M","M","E","R","E","R","B",null,"M","?","?","?","$","E","M","E"],"character_chosen":"DEFECT","items_purchased":["Anchor","Turbo+1","Turbo+1"],"campfire_rested":4,"item_purchase_floors":[22,22,22],"current_hp_per_floor":[72,72,72,59,47,69,57,75,75,69,44,31,53,42,64,2,75,41,27,27,27,27,19,27,0],"gold":188,"neow_bonus":"BOSS_RELIC","is_prod":false,"is_daily":false,"chose_seed":false,"campfire_upgraded":0,"win_rate":0.0,"timestamp":1559991409,"path_taken":["M","M","?","M","M","R","M","R","T","?","M","E","R","E","R","BOSS","M","?","?","?","$","E","M","E"],"build_version":"2019-01-23","purchased_purges":1,"victory":false,"max_hp_per_floor":[75,75,75,75,75,75,75,75,75,75,75,75,75,75,75,75,75,75,80,40,28,28,28,28,28],"card_choices":[{"not_picked":["Leap","Conserve Battery"],"picked":"FTL","floor":1.0},{"not_picked":["Barrage","Conserve Battery"],"picked":"Ball Lightning","floor":2.0},{"not_picked":["Streamline","Beam Cell"],"picked":"Amplify","floor":4.0},{"not_picked":["Stack","Scrape"],"picked":"Darkness","floor":5.0},{"not_picked":["Hologram","Steam"],"picked":"FTL","floor":7.0},{"not_picked":["Hello World","Cold Snap"],"picked":"Melter","floor":10.0},{"not_picked":["Beam Cell","Blizzard"],"picked":"Redo","floor":11.0},{"not_picked":["Hello World","Rip and Tear"],"picked":"Stack","floor":12.0},{"not_picked":["Cold Snap","Doom and Gloom"],"picked":"Reprogram+1","floor":14.0},{"not_picked":["Rainbow+1","Seek+1"],"picked":"Creative AI","floor":16.0},{"not_picked":["Streamline","Lockon"],"picked":"Leap+1","floor":18.0},{"not_picked":["Sweeping Beam","Beam Cell"],"picked":"Coolheaded+1","floor":23.0},{"not_picked":["Steam+1","Hologram+1"],"picked":"Barrage+1","floor":24}],"player_experience":56879,"relics_obtained":[{"floor":9.0,"key":"Gremlin Horn"},{"floor":12.0,"key":"Toxic Egg 2"},{"floor":14.0,"key":"The Courier"},{"floor":23.0,"key":"Mercury Hourglass"}],"event_choices":[{"damage_healed":0.0,"max_hp_gain":0.0,"max_hp_loss":0.0,"gold_gain":0.0,"event_name":"Wheel of Change","player_choice":"Cursed","floor":3.0,"gold_loss":0.0,"damage_taken":0.0,"cards_obtained":["Decay"]},{"damage_healed":0.0,"max_hp_gain":5.0,"max_hp_loss":0.0,"gold_gain":0.0,"event_name":"Forgotten Altar","player_choice":"Shed Blood","floor":19.0,"gold_loss":0.0,"damage_taken":19.0},{"damage_healed":0.0,"max_hp_gain":0.0,"max_hp_loss":40.0,"gold_gain":0.0,"event_name":"Ghosts","player_choice":"Became a Ghost","floor":20.0,"gold_loss":0.0,"damage_taken":0.0,"cards_obtained":["Ghostly","Ghostly","Ghostly","Ghostly","Ghostly"]},{"damage_healed":0.0,"max_hp_gain":0.0,"max_hp_loss":12.0,"gold_gain":0.0,"event_name":"Vampires","player_choice":"Became a vampire","floor":21.0,"gold_loss":0.0,"damage_taken":0.0,"cards_obtained":["Bite","Bite","Bite","Bite","Bite"]}],"is_beta":false,"boss_relics":[{"not_picked":["Cursed Key","Ectoplasm"],"picked":"Inserter"}],"items_purged_floors":[22],"is_endless":false,"potions_floor_spawned":[2,7,10,11,16,18,24],"killed_by":"Gremlin Leader","ascension_level":0}