{"gold_per_floor":[116,40,58,76,76,94,112,125,125,50,50],"floor_reached":11,"playtime":624,"items_purged":["Defend_G"],"score":67,"play_id":"963e9ad8-1fca-4efc-ba54-998d80cbd3c9","local_time":"20190528172311","is_ascension_mode":false,"campfire_choices":[],"neow_cost":"TEN_PERCENT_HP_LOSS","seed_source_timestamp":921919106806476,"circlet_count":0,"master_deck":["Defend_G","Defend_G","Strike_G","Strike_G","Strike_G","Strike_G","Strike_G","Survivor","Neutralize","Blade Dance","Die Die Die","Dagger Throw","Backflip","Poisoned Stab","Dagger Throw","Blade Dance"],"relics":["Ring of the Snake","GremlinMask","Bottled Lightning"],"potions_floor_usage":[],"damage_taken":[{"damage":1,"enemies":"Cultist","floor":1,"turns":4},{"damage":0,"enemies":"2 Louse","floor":3,"turns":1},{"damage":0,"enemies":"Jaw Worm","floor":4,"turns":2},{"damage":1,"enemies":"2 Fungi Beasts","floor":6,"turns":3},{"damage":10,"enemies":"Looter","floor":7,"turns":3},{"damage":5,"enemies":"Gremlin Gang","floor":8,"turns":4},{"damage":0,"enemies":"Lagavulin","floor":11,"turns":2}],"seed_played":"1897514011177212206","potions_obtained":[{"floor":1,"key":"Regen Potion"},{"floor":7,"key":"Regen Potion"}],"is_trial":false,"path_per_floor":["M","$","M","M","?","M","M","M","T","$","E"],"character_chosen":"THE_SILENT","items_purchased":["Die Die Die"],"campfire_rested":0,"item_purchase_floors":[2],"current_hp_per_floor":[62,62,62,62,62,61,51,46,46,46,46],"gold":50,"neow_bonus":"REMOVE_TWO","is_prod":false,"is_daily":false,"chose_seed":false,"campfire_upgraded":0,"win_rate":0.0,"timestamp":1559089391,"path_taken":["M","?","M","M","?","?","M","M","T","$","E"],"build_version":"2019-01-23","purchased_purges":1,"victory":false,"max_hp_per_floor":[63,63,63,63,63,63,63,63,63,63,63],"card_choices":[{"not_picked":["Riddle With Holes","Outmaneuver"],"picked":"Blade Dance","floor":1},{"not_picked":["Underhanded Strike","Tactician"],"picked":"Dagger Throw","floor":3},{"not_picked":["Deflect","Sucker Punch"],"picked":"Backflip","floor":4},{"not_picked":["Eviscerate","Choke"],"picked":"Poisoned Stab","floor":6},{"not_picked":["Choke","Prepared"],"picked":"Dagger Throw","floor":7},{"not_picked":["All Out Attack","Slice"],"picked":"Blade Dance","floor":8}],"player_experience":11108,"relics_obtained":[{"floor":9,"key":"Bottled Lightning"}],"event_choices":[{"damage_healed":0,"gold_gain":0,"player_choice":"Trade","damage_taken":0,"relics_obtained":["GremlinMask"],"max_hp_gain":0,"max_hp_loss":0,"event_name":"FaceTrader","floor":5,"gold_loss":0}],"is_beta":false,"boss_relics":[],"items_purged_floors":[10],"is_endless":false,"potions_floor_spawned":[1,7],"killed_by":"Lagavulin","ascension_level":0}