{"gold_per_floor":[115,125,143,158,158,158,184,184,232,197,197,197,232,252,252,252],"floor_reached":16,"playtime":1287,"items_purged":[],"score":116,"play_id":"43fbbdbe-3f54-4d05-83a2-afe256f6ada6","local_time":"20190615235209","is_ascension_mode":true,"campfire_choices":[{"data":"Cloak And Dagger","floor":6,"key":"SMITH"},{"floor":8,"key":"RECALL"},{"data":"Crippling Poison","floor":15,"key":"SMITH"}],"neow_cost":"NONE","seed_source_timestamp":367064183978521,"circlet_count":0,"master_deck":["Defend_G","Defend_G","Defend_G","Defend_G","Defend_G","Strike_G","Strike_G","Strike_G","Strike_G+1","Survivor","Neutralize","Impatience","Cloak And Dagger+1","Cloak And Dagger+1","Deadly Poison","Crippling Poison+1","PiercingWail"],"relics":["Ring of the Snake","Frozen Egg 2","Lantern","Strawberry"],"potions_floor_usage":[13],"damage_taken":[{"damage":0,"enemies":"Cultist","floor":1,"turns":4},{"damage":0,"enemies":"Jaw Worm","floor":2,"turns":5},{"damage":0,"enemies":"Small Slimes","floor":3,"turns":5},{"damage":0,"enemies":"3 Louse","floor":4,"turns":3},{"damage":26,"enemies":"3 Sentries","floor":7,"turns":10},{"damage":7,"enemies":"Gremlin Nob","floor":13,"turns":4},{"damage":0,"enemies":"Gremlin Gang","floor":14,"turns":4},{"damage":31,"enemies":"Slime Boss","floor":16,"turns":5}],"seed_played":"7703267566693076910","potions_obtained":[{"floor":2,"key":"LiquidBronze"},{"floor":4,"key":"Weak Potion"}],"is_trial":false,"path_per_floor":["M","M","M","M","?","R","E","R","T","?","?","?","E","M","R","B"],"character_chosen":"THE_SILENT","items_purchased":[],"campfire_rested":0,"item_purchase_floors":[],"current_hp_per_floor":[70,70,70,70,56,56,30,30,30,47,47,47,47,47,47,16],"gold":252,"neow_bonus":"RANDOM_COLORLESS","is_prod":false,"is_daily":false,"chose_seed":false,"campfire_upgraded":2,"win_rate":0,"timestamp":1560667929,"path_taken":["M","?","M","M","?","R","E","R","T","?","?","?","E","M","R","BOSS"],"build_version":"2019-01-23","purchased_purges":0,"victory":false,"max_hp_per_floor":[70,70,70,70,70,70,70,70,70,70,70,70,77,77,77,77],"card_choices":[{"not_picked":["Setup","Calculated Gamble","Slice"],"picked":"SKIP","floor":1},{"not_picked":["Infinite Blades","Blade Dance"],"picked":"Cloak And Dagger","floor":2},{"not_picked":["PiercingWail","Deflect"],"picked":"Cloak And Dagger","floor":3},{"not_picked":["Dodge and Roll","Expertise"],"picked":"Deadly Poison","floor":4},{"not_picked":["Flechettes","Leg Sweep"],"picked":"Crippling Poison","floor":7},{"not_picked":["Venomology","Acrobatics","Dash"],"picked":"SKIP","floor":13},{"not_picked":["Endless Agony","Dodge and Roll"],"picked":"PiercingWail","floor":14}],"player_experience":88009,"relics_obtained":[{"floor":7,"key":"Frozen Egg 2"},{"floor":13,"key":"Strawberry"}],"event_choices":[{"damage_healed":0,"gold_gain":0,"player_choice":"Entered Light","damage_taken":14,"max_hp_gain":0,"max_hp_loss":0,"event_name":"Shining Light","floor":5,"gold_loss":0,"cards_upgraded":["Strike_G","Cloak And Dagger"]},{"damage_healed":17,"gold_gain":0,"player_choice":"Healed","damage_taken":0,"max_hp_gain":0,"max_hp_loss":0,"event_name":"The Cleric","floor":10,"gold_loss":35},{"damage_healed":0,"gold_gain":0,"player_choice":"Searched \u00271\u0027 times","damage_taken":0,"relics_obtained":["Lantern"],"max_hp_gain":0,"max_hp_loss":0,"event_name":"Dead Adventurer","floor":11,"gold_loss":0},{"cards_removed":["Strike_G"],"damage_healed":0,"gold_gain":0,"player_choice":"Offered Basic","damage_taken":0,"max_hp_gain":0,"max_hp_loss":0,"event_name":"Bonfire Elementals","floor":12,"gold_loss":0}],"is_beta":false,"boss_relics":[],"items_purged_floors":[],"is_endless":false,"potions_floor_spawned":[2,4],"killed_by":"Slime Boss","ascension_level":1}