{"gold_per_floor":[117,117,134,84,96,130,142,142,142,90,107,107,117,132,132,228,278,293,164,79,99,99],"floor_reached":22,"playtime":1400,"items_purged":["Pain"],"score":197,"play_id":"ab8a5ebd-32cd-42f7-9fb6-ea5d98749936","local_time":"20190622030953","is_ascension_mode":true,"campfire_choices":[{"floor":8,"key":"REST"},{"floor":15,"key":"REST"}],"neow_cost":"NONE","seed_source_timestamp":897204617503512,"circlet_count":0,"master_deck":["Defend_G","Defend_G","Strike_G","Strike_G","Strike_G","Strike_G+1","Strike_G","Survivor","Neutralize","Deadly Poison","Deflect","Deadly Poison","Noxious Fumes","Tactician+1","Blade Dance+1","Outmaneuver+1","Outmaneuver+1","Cloak And Dagger+1","A Thousand Cuts+1","Prepared+1","Tools of the Trade+1","Cloak And Dagger+1","Flechettes+1"],"relics":["Empty Cage","WarpedTongs","Toxic Egg 2","Frozen Egg 2","Tiny House","Incense Burner"],"potions_floor_usage":[14],"damage_taken":[{"damage":0,"enemies":"Cultist","floor":1,"turns":4},{"damage":4,"enemies":"Small Slimes","floor":3,"turns":3},{"damage":4,"enemies":"Jaw Worm","floor":5,"turns":3},{"damage":36,"enemies":"3 Sentries","floor":6,"turns":11},{"damage":4,"enemies":"3 Louse","floor":7,"turns":3},{"damage":6,"enemies":"2 Fungi Beasts","floor":11,"turns":3},{"damage":11,"enemies":"Gremlin Gang","floor":13,"turns":6},{"damage":0,"enemies":"3 Louse","floor":14,"turns":2},{"damage":20,"enemies":"Hexaghost","floor":16,"turns":9},{"damage":22,"enemies":"Chosen","floor":18,"turns":5},{"damage":4,"enemies":"3 Byrds","floor":21,"turns":5},{"damage":0,"enemies":"Snake Plant","floor":22,"turns":2}],"seed_played":"6573239403754314356","potions_obtained":[{"floor":6,"key":"Explosive Potion"},{"floor":7,"key":"EntropicBrew"},{"floor":11,"key":"Weak Potion"},{"floor":16,"key":"GamblersBrew"},{"floor":17,"key":"Strength Potion"}],"is_trial":false,"path_per_floor":["M","?","M","?","M","E","M","R","T","$","M","?","M","M","R","B",null,"M","$","?","M","M"],"character_chosen":"THE_SILENT","items_purchased":["Blade Dance+1","Cloak And Dagger+1"],"campfire_rested":2,"item_purchase_floors":[10,19],"current_hp_per_floor":[70,70,66,66,62,26,22,43,43,43,37,19,8,8,29,9,75,53,53,53,49,49],"gold":99,"neow_bonus":"BOSS_RELIC","is_prod":false,"is_daily":false,"chose_seed":false,"campfire_upgraded":0,"win_rate":0,"timestamp":1561198193,"path_taken":["M","?","?","?","M","E","M","R","T","$","M","?","M","M","R","BOSS","M","$","?","M","M"],"build_version":"2019-01-23","purchased_purges":1,"victory":false,"max_hp_per_floor":[70,70,70,70,70,70,70,70,70,70,70,70,70,70,70,70,75,75,75,75,75,75],"card_choices":[{"not_picked":["Bane","Prepared"],"picked":"Deadly Poison","floor":1},{"not_picked":["Predator","Doppelganger"],"picked":"Deflect","floor":3},{"not_picked":["Expertise","Heel Hook"],"picked":"Deadly Poison","floor":5},{"not_picked":["Dash","Quick Slash"],"picked":"Noxious Fumes","floor":6},{"not_picked":["Slice","Caltrops"],"picked":"Tactician+1","floor":7},{"not_picked":["Skewer","Slice"],"picked":"Outmaneuver+1","floor":11},{"not_picked":["Heel Hook","Riddle With Holes"],"picked":"Outmaneuver+1","floor":13},{"not_picked":["Well Laid Plans+1","Sucker Punch"],"picked":"Cloak And Dagger+1","floor":14},{"not_picked":["Wraith Form v2+1","Burst+1"],"picked":"A Thousand Cuts+1","floor":16},{"not_picked":["Dagger Throw","Riddle With Holes"],"picked":"Prepared+1","floor":17},{"not_picked":["Dash+1","Poisoned Stab"],"picked":"Tools of the Trade+1","floor":18},{"not_picked":["Dagger Throw","Expertise+1"],"picked":"Flechettes+1","floor":21}],"player_experience":106016,"relics_obtained":[{"floor":6,"key":"Toxic Egg 2"}],"event_choices":[{"damage_healed":0,"gold_gain":0,"player_choice":"Rummage","damage_taken":0,"relics_obtained":["WarpedTongs"],"max_hp_gain":0,"max_hp_loss":0,"event_name":"Accursed Blacksmith","floor":2,"gold_loss":0,"cards_obtained":["Pain"]},{"cards_removed":["Defend_G"],"damage_healed":0,"gold_gain":0,"player_choice":"Card Removal","damage_taken":0,"max_hp_gain":0,"max_hp_loss":0,"event_name":"The Cleric","floor":4,"gold_loss":50},{"damage_healed":0,"gold_gain":0,"player_choice":"Success","damage_taken":18,"relics_obtained":["Frozen Egg 2"],"max_hp_gain":0,"max_hp_loss":0,"event_name":"Scrap Ooze","floor":12,"gold_loss":0},{"damage_healed":0,"gold_gain":0,"player_choice":"Obtained Relic","damage_taken":0,"relics_obtained":["Incense Burner"],"max_hp_gain":0,"max_hp_loss":0,"event_name":"Addict","floor":20,"gold_loss":85}],"is_beta":false,"boss_relics":[{"not_picked":["Pandora\u0027s Box","Orrery"],"picked":"Tiny House"}],"items_purged_floors":[19],"is_endless":false,"potions_floor_spawned":[6,7,11,16],"killed_by":"Snake Plant","ascension_level":1}