{"gold_per_floor":[118,118,133,147,164,164,183,213,238,238,313,313,333,349,349,349],"floor_reached":16,"playtime":1010,"items_purged":[],"score":156,"play_id":"2f04ea19-5386-41ff-aae0-717265c05e3c","local_time":"20190713012403","is_ascension_mode":true,"campfire_choices":[{"data":"Zap","floor":6,"key":"SMITH"},{"data":"Dualcast","floor":10,"key":"SMITH"},{"floor":12,"key":"REST"},{"floor":15,"key":"RECALL"}],"neow_cost":"TEN_PERCENT_HP_LOSS","seed_source_timestamp":94930431070500,"circlet_count":0,"master_deck":["AscendersBane","Strike_B","Strike_B+1","Strike_B","Strike_B","Defend_B","Defend_B+1","Defend_B","Defend_B","Zap+1","Dualcast+1","Biased Cognition","Undo","Self Repair","Chill","Seek","Defragment","Capacitor"],"relics":["Cracked Core","Mummified Hand","Anchor"],"potions_floor_usage":[],"damage_taken":[{"damage":0,"enemies":"Small Slimes","floor":1,"turns":3},{"damage":2,"enemies":"Jaw Worm","floor":3,"turns":3},{"damage":1,"enemies":"Cultist","floor":4,"turns":4},{"damage":9,"enemies":"Red Slaver","floor":5,"turns":3},{"damage":26,"enemies":"Exordium Wildlife","floor":7,"turns":6},{"damage":2,"enemies":"3 Sentries","floor":8,"turns":12},{"damage":0,"enemies":"Blue Slaver","floor":13,"turns":3},{"damage":0,"enemies":"Looter","floor":14,"turns":2},{"damage":74,"enemies":"Hexaghost","floor":16,"turns":14}],"seed_played":"-7023904093713976940","potions_obtained":[{"floor":1,"key":"Strength Potion"},{"floor":3,"key":"FairyPotion"},{"floor":8,"key":"FocusPotion"},{"floor":13,"key":"FearPotion"}],"is_trial":false,"path_per_floor":["M","?","M","M","M","R","M","E","T","R","?","R","M","M","R","B"],"character_chosen":"DEFECT","items_purchased":[],"campfire_rested":1,"item_purchase_floors":[],"current_hp_per_floor":[68,54,52,51,42,42,23,28,28,28,22,42,49,56,56,0],"gold":349,"neow_bonus":"THREE_RARE_CARDS","is_prod":false,"is_daily":false,"chose_seed":false,"campfire_upgraded":2,"win_rate":0,"timestamp":1562995443,"path_taken":["M","?","M","M","M","R","M","E","T","R","?","R","M","?","R","BOSS"],"build_version":"2019-07-05","purchased_purges":0,"victory":false,"max_hp_per_floor":[68,68,68,68,68,68,68,68,68,68,68,68,68,68,68,68],"card_choices":[{"not_picked":["All For One","Seek"],"picked":"Biased Cognition","floor":0},{"not_picked":["Rip and Tear","Gash","Compile Driver"],"picked":"SKIP","floor":1},{"not_picked":["Gash","Steam Power"],"picked":"Undo","floor":3},{"not_picked":["Go for the Eyes","Blizzard","Turbo"],"picked":"SKIP","floor":4},{"not_picked":["Reprogram","Leap"],"picked":"Self Repair","floor":5},{"not_picked":["Compile Driver","Self Repair"],"picked":"Chill","floor":7},{"not_picked":["Compile Driver","Ball Lightning"],"picked":"Seek","floor":8},{"not_picked":["Beam Cell","Sweeping Beam"],"picked":"Defragment","floor":13},{"not_picked":["Coolheaded","Blizzard"],"picked":"Capacitor","floor":14}],"player_experience":376498,"relics_obtained":[{"floor":8,"key":"Mummified Hand"},{"floor":9,"key":"Anchor"}],"event_choices":[{"damage_healed":0,"gold_gain":0,"player_choice":"Entered Light","damage_taken":14,"max_hp_gain":0,"max_hp_loss":0,"event_name":"Shining Light","floor":2,"gold_loss":0,"cards_upgraded":["Defend_B","Strike_B"]},{"damage_healed":0,"gold_gain":75,"player_choice":"Touch","damage_taken":6,"max_hp_gain":0,"max_hp_loss":0,"event_name":"FaceTrader","floor":11,"gold_loss":0}],"is_beta":false,"boss_relics":[],"items_purged_floors":[],"is_endless":false,"potions_floor_spawned":[1,3,8,13],"killed_by":"Hexaghost","ascension_level":10}