{"gold_per_floor":[11,11,11,11,31,70,70,151,151,151,76,76,76,351,351,482,482,496,482,24,77,176,176],"floor_reached":23,"playtime":1055,"items_purged":["Defend_R"],"score":183,"play_id":"56f006d3-d486-4a6d-8958-abdc665ae8d6","local_time":"20190531023202","is_ascension_mode":false,"campfire_choices":[{"floor":7,"key":"REST"},{"floor":12,"key":"REST"},{"data":"Twin Strike","floor":15,"key":"SMITH"}],"neow_cost":"NO_GOLD","seed_source_timestamp":1127217637858908,"circlet_count":0,"master_deck":["Strike_R","Strike_R","Strike_R","Strike_R","Strike_R","Defend_R","Defend_R","Bash","Demon Form","Pommel Strike+1","Cleave","Evolve","Twin Strike+1","Regret","Berserk","Wild Strike","Power Through+1","Flex"],"relics":["Black Blood","Golden Idol","Juzu Bracelet","Ornamental Fan","Kunai","Singing Bowl","Vajra","Regal Pillow"],"potions_floor_usage":[],"damage_taken":[{"damage":10,"enemies":"Small Slimes","floor":1,"turns":4},{"damage":0,"enemies":"2 Louse","floor":5,"turns":3},{"damage":27,"enemies":"Gremlin Nob","floor":6,"turns":4},{"damage":28,"enemies":"Gremlin Nob","floor":8,"turns":4},{"damage":53,"enemies":"Hexaghost","floor":16,"turns":7},{"damage":12,"enemies":"3 Byrds","floor":18,"turns":5},{"damage":35,"enemies":"2 Thieves","floor":19,"turns":4},{"damage":63,"enemies":"Slavers","floor":23,"turns":4}],"seed_played":"8057175929981487738","potions_obtained":[{"floor":8,"key":"Block Potion"},{"floor":19,"key":"GamblersBrew"}],"is_trial":false,"path_per_floor":["M","?","?","$","M","E","R","?","T","?","$","R","$","?","R","B",null,"M","M","$","T","?","E"],"character_chosen":"IRONCLAD","items_purchased":["Singing Bowl","Vajra","Flex"],"campfire_rested":2,"item_purchase_floors":[20,20,20],"current_hp_per_floor":[76,76,56,56,62,41,65,43,43,43,43,67,67,67,67,20,80,78,53,53,53,53,0],"gold":176,"neow_bonus":"THREE_RARE_CARDS","is_prod":false,"is_daily":false,"chose_seed":false,"campfire_upgraded":1,"win_rate":0.0,"timestamp":1559295122,"path_taken":["M","?","?","?","M","E","R","?","T","?","?","R","$","?","R","BOSS","M","M","$","?","?","E"],"build_version":"2019-01-23","purchased_purges":1,"victory":false,"max_hp_per_floor":[80,80,80,80,80,80,80,80,80,80,80,80,80,80,80,80,80,80,80,80,80,80,80],"card_choices":[{"not_picked":["Fiend Fire","Dark Embrace"],"picked":"Demon Form","floor":0},{"not_picked":["Iron Wave","Havoc"],"picked":"Pommel Strike","floor":1},{"not_picked":["Rampage","Anger"],"picked":"Cleave","floor":5},{"not_picked":["Infernal Blade","Pommel Strike"],"picked":"Evolve","floor":6},{"not_picked":["Clothesline","Body Slam"],"picked":"Twin Strike","floor":8},{"not_picked":["Reaper","Fiend Fire"],"picked":"Berserk","floor":16},{"not_picked":["Carnage+1","Sentinel"],"picked":"Wild Strike","floor":18},{"not_picked":["Sword Boomerang","Searing Blow"],"picked":"Power Through+1","floor":19}],"player_experience":41409,"relics_obtained":[{"floor":6,"key":"Juzu Bracelet"},{"floor":8,"key":"Ornamental Fan"},{"floor":9,"key":"Kunai"},{"floor":21,"key":"Regal Pillow"}],"event_choices":[{"damage_healed":0,"gold_gain":0,"player_choice":"Grow","damage_taken":0,"max_hp_gain":0,"max_hp_loss":0,"event_name":"Living Wall","floor":2,"gold_loss":0,"cards_upgraded":["Pommel Strike"]},{"damage_healed":0,"gold_gain":0,"player_choice":"Take Damage","damage_taken":20,"relics_obtained":["Golden Idol"],"max_hp_gain":0,"max_hp_loss":0,"event_name":"Golden Idol","floor":3,"gold_loss":0},{"damage_healed":0,"gold_gain":0,"player_choice":"Searched \u00272\u0027 times","damage_taken":0,"max_hp_gain":0,"max_hp_loss":0,"event_name":"Dead Adventurer","floor":8,"gold_loss":0},{"cards_removed":["Defend_R"],"damage_healed":0,"gold_gain":0,"player_choice":"Purged","damage_taken":0,"max_hp_gain":0,"max_hp_loss":0,"event_name":"Purifier","floor":10,"gold_loss":0},{"damage_healed":0,"gold_gain":275,"player_choice":"Desecrate","damage_taken":0,"max_hp_gain":0,"max_hp_loss":0,"event_name":"Golden Shrine","floor":14,"gold_loss":0,"cards_obtained":["Regret"]},{"damage_healed":0,"gold_gain":99,"player_choice":"Stole From Cult","damage_taken":0,"max_hp_gain":0,"max_hp_loss":0,"event_name":"Nest","floor":22,"gold_loss":0}],"is_beta":false,"boss_relics":[{"not_picked":["Busted Crown","Eternal Feather"],"picked":"Black Blood"}],"items_purged_floors":[11],"is_endless":false,"potions_floor_spawned":[8,19],"killed_by":"Slavers","ascension_level":0}