{"gold_per_floor":[118,118,118,118,128,160,85,260,260,294,350,381,381,77,77,181,181,181],"floor_reached":18,"playtime":820,"items_purged":["Defend_R","Defend_R"],"score":219,"play_id":"7f83a2ed-3ceb-45cf-87c0-c563d4cf76be","local_time":"20190624152536","is_ascension_mode":true,"campfire_choices":[{"floor":13.0,"key":"REST"},{"floor":15.0,"key":"RECALL"}],"neow_cost":"NONE","seed_source_timestamp":0,"circlet_count":0,"master_deck":["Strike_R","Strike_R","Strike_R","Strike_R","Strike_R","Defend_R","Defend_R+1","Bash","Body Slam","Combust","Perfected Strike","Doubt","Flex+1","Battle Trance","Armaments","Barricade"],"special_seed":0,"relics":["Burning Blood","NeowsBlessing","Pen Nib","Paper Frog","Juzu Bracelet","Ornamental Fan","Regal Pillow","War Paint","Brimstone","Philosopher\u0027s Stone"],"potions_floor_usage":[],"damage_taken":[{"damage":0.0,"enemies":"2 Louse","floor":1.0,"turns":1.0},{"damage":0.0,"enemies":"Small Slimes","floor":5.0,"turns":1.0},{"damage":0.0,"enemies":"Lagavulin","floor":6.0,"turns":1.0},{"damage":39.0,"enemies":"Gremlin Nob","floor":10.0,"turns":6.0},{"damage":31.0,"enemies":"Lagavulin Event","floor":11.0,"turns":5.0},{"damage":21.0,"enemies":"Lagavulin","floor":12.0,"turns":7.0},{"damage":41.0,"enemies":"Hexaghost","floor":16.0,"turns":7.0},{"damage":10,"enemies":"Shell Parasite","floor":18,"turns":2}],"seed_played":"-3191054646704002517","potions_obtained":[{"floor":6.0,"key":"Weak Potion"},{"floor":11.0,"key":"Block Potion"},{"floor":12.0,"key":"GamblersBrew"}],"is_trial":false,"path_per_floor":["M","?","?","?","M","E","$","?","T","E","?","E","R","$","R","B",null,"M"],"character_chosen":"IRONCLAD","items_purchased":["Brimstone"],"campfire_rested":1,"item_purchase_floors":[14],"current_hp_per_floor":[80,80,80,68,74,80,80,80,80,47,22,7,46,46,46,11,80,70],"gold":181,"neow_bonus":"THREE_ENEMY_KILL","is_prod":false,"is_daily":false,"chose_seed":false,"campfire_upgraded":0,"win_rate":0,"timestamp":1561415136,"path_taken":["M","?","?","?","?","E","$","?","T","E","?","E","R","?","R","BOSS","M"],"build_version":"2019-01-23","purchased_purges":2,"victory":false,"max_hp_per_floor":[80,80,80,80,80,80,80,80,80,80,80,80,80,80,80,80,80,80],"card_choices":[{"not_picked":["Havoc","Bloodletting"],"picked":"Body Slam","floor":1.0},{"not_picked":["Clash","Second Wind"],"picked":"Combust","floor":5.0},{"not_picked":["Uppercut","Heavy Blade"],"picked":"Perfected Strike","floor":6.0},{"not_picked":["Double Tap","Heavy Blade"],"picked":"Flex","floor":10.0},{"not_picked":["Burning Pact","Body Slam"],"picked":"Battle Trance","floor":11.0},{"not_picked":["True Grit","Sword Boomerang"],"picked":"Armaments","floor":12.0},{"not_picked":["Fiend Fire","Exhume"],"picked":"Barricade","floor":16.0}],"player_experience":118666,"relics_obtained":[{"floor":6.0,"key":"Juzu Bracelet"},{"floor":10.0,"key":"Ornamental Fan"},{"floor":11.0,"key":"Regal Pillow"},{"floor":12.0,"key":"War Paint"}],"event_choices":[{"damage_healed":0.0,"max_hp_gain":0.0,"max_hp_loss":0.0,"gold_gain":0.0,"event_name":"Big Fish","player_choice":"Box","floor":2.0,"gold_loss":0.0,"damage_taken":0.0,"relics_obtained":["Pen Nib"],"cards_obtained":["Regret"]},{"cards_removed":["Regret"],"damage_healed":0.0,"max_hp_gain":0.0,"max_hp_loss":0.0,"gold_gain":0.0,"event_name":"Living Wall","player_choice":"Forget","floor":3.0,"gold_loss":0.0,"damage_taken":0.0},{"damage_healed":0.0,"max_hp_gain":0.0,"max_hp_loss":0.0,"gold_gain":0.0,"event_name":"Scrap Ooze","player_choice":"Success","floor":4.0,"gold_loss":0.0,"damage_taken":12.0,"relics_obtained":["Paper Frog"]},{"damage_healed":0.0,"max_hp_gain":0.0,"max_hp_loss":0.0,"gold_gain":175.0,"event_name":"Liars Game","player_choice":"AGREE","floor":8.0,"gold_loss":0.0,"damage_taken":0.0,"cards_obtained":["Doubt"]},{"damage_healed":0.0,"max_hp_gain":0.0,"max_hp_loss":0.0,"gold_gain":0.0,"event_name":"Dead Adventurer","player_choice":"Searched \u00271\u0027 times","floor":11.0,"gold_loss":0.0,"damage_taken":0.0}],"is_beta":false,"boss_relics":[{"not_picked":["White Beast Statue","Black Star"],"picked":"Philosopher\u0027s Stone"}],"items_purged_floors":[7,14],"is_endless":false,"potions_floor_spawned":[6,11,12],"killed_by":"Shell Parasite","ascension_level":2}