{"gold_per_floor":[109,123,123,134,134,134,134,14,39,39,51,84,84,99,99,201,251,265,70,70,52,52,80,93,93],"floor_reached":25,"playtime":1334,"items_purged":["Strike_G","Strike_G"],"score":268,"play_id":"ec544e09-833f-4dd6-9959-5592b08217fe","local_time":"20190717043154","is_ascension_mode":true,"campfire_choices":[{"data":"Dash","floor":6,"key":"SMITH"},{"data":"Night Terror","floor":10,"key":"SMITH"},{"floor":13,"key":"REST"},{"floor":15,"key":"REST"}],"neow_cost":"NONE","seed_source_timestamp":43016858430125,"circlet_count":0,"master_deck":["Strike_G+1","Strike_G","Defend_G","Defend_G","Defend_G","Defend_G","Defend_G","Survivor","Neutralize","Dash+1","Backflip","Quick Slash","Neutralize","Night Terror+1","Quick Slash","Leg Sweep","Grand Finale+1","Backflip","After Image","Acrobatics","Well Laid Plans+1","Acrobatics","Quick Slash","Quick Slash"],"relics":["Ring of the Snake","Snake Skull","Question Card","Tiny House","Unceasing Top"],"potions_floor_usage":[11,12,12],"damage_taken":[{"damage":1,"enemies":"Jaw Worm","floor":1,"turns":4},{"damage":0,"enemies":"Cultist","floor":2,"turns":3},{"damage":0,"enemies":"2 Louse","floor":4,"turns":2},{"damage":12,"enemies":"Lots of Slimes","floor":11,"turns":5},{"damage":19,"enemies":"3 Sentries","floor":12,"turns":8},{"damage":0,"enemies":"Blue Slaver","floor":14,"turns":3},{"damage":74,"enemies":"Slime Boss","floor":16,"turns":18},{"damage":28,"enemies":"Spheric Guardian","floor":18,"turns":7},{"damage":14,"enemies":"2 Thieves","floor":21,"turns":4},{"damage":19,"enemies":"Slavers","floor":23,"turns":3},{"damage":5,"enemies":"Centurion and Healer","floor":24,"turns":3},{"damage":41,"enemies":"Sentry and Sphere","floor":25,"turns":7}],"seed_played":"1114623805294687284","potions_obtained":[{"floor":2,"key":"PowerPotion"},{"floor":4,"key":"EssenceOfSteel"},{"floor":11,"key":"EssenceOfSteel"},{"floor":17,"key":"Dexterity Potion"},{"floor":18,"key":"GamblersBrew"},{"floor":24,"key":"FearPotion"}],"is_trial":false,"path_per_floor":["M","M","?","M","?","R","?","$","T","R","M","E","R","M","R","B",null,"M","$","?","M","?","E","M","M"],"character_chosen":"THE_SILENT","items_purchased":["Quick Slash","Acrobatics","Quick Slash"],"campfire_rested":2,"item_purchase_floors":[8,19,19],"current_hp_per_floor":[76,76,69,69,62,62,62,62,62,62,50,31,54,54,77,3,82,54,54,81,67,67,48,43,2],"gold":93,"neow_bonus":"TEN_PERCENT_HP_BONUS","is_prod":false,"is_daily":false,"chose_seed":false,"campfire_upgraded":2,"win_rate":0,"timestamp":1563355914,"path_taken":["M","M","?","?","?","R","?","$","T","R","?","E","R","M","R","BOSS","M","$","?","M","?","E","M","?"],"build_version":"2019-07-05","purchased_purges":2,"victory":false,"max_hp_per_floor":[77,77,77,77,77,77,77,77,77,77,77,77,77,77,77,77,82,82,82,82,82,82,82,82,82],"card_choices":[{"not_picked":["Backflip","Riddle With Holes"],"picked":"Dash","floor":1},{"not_picked":["Slice","Poisoned Stab"],"picked":"Backflip","floor":2},{"not_picked":["Deflect","Dagger Throw"],"picked":"Quick Slash","floor":4},{"not_picked":["Skewer","Backflip"],"picked":"Leg Sweep","floor":11},{"not_picked":["Sucker Punch","Bane"],"picked":"Grand Finale","floor":12},{"not_picked":["Slice","Dodge and Roll","PiercingWail"],"picked":"Backflip","floor":14},{"not_picked":["A Thousand Cuts","Corpse Explosion","Doppelganger"],"picked":"After Image","floor":16},{"not_picked":["Backflip","Blur","Outmaneuver"],"picked":"Acrobatics","floor":17},{"not_picked":["Dodge and Roll","Terror","Slice+1"],"picked":"Well Laid Plans+1","floor":18},{"not_picked":["Bane+1","Riddle With Holes","Flechettes+1"],"picked":"Quick Slash","floor":21},{"not_picked":["Well Laid Plans","Cloak And Dagger","Quick Slash","Infinite Blades+1"],"picked":"SKIP","floor":23},{"not_picked":["Acrobatics","Dagger Throw","Caltrops","Blur+1"],"picked":"SKIP","floor":24}],"player_experience":119065,"relics_obtained":[{"floor":9,"key":"Snake Skull"},{"floor":12,"key":"Question Card"},{"floor":23,"key":"Unceasing Top"}],"event_choices":[{"damage_healed":0,"gold_gain":0,"player_choice":"Damaged","damage_taken":7,"max_hp_gain":0,"max_hp_loss":0,"event_name":"Wheel of Change","floor":3,"gold_loss":0},{"cards_removed":["Strike_G"],"damage_healed":0,"gold_gain":0,"player_choice":"Card Removal","damage_taken":7,"max_hp_gain":0,"max_hp_loss":0,"event_name":"Golden Wing","floor":5,"gold_loss":0},{"damage_healed":0,"gold_gain":0,"player_choice":"2 cards matched","damage_taken":0,"max_hp_gain":0,"max_hp_loss":0,"event_name":"Match and Keep!","floor":7,"gold_loss":0,"cards_obtained":["Neutralize","Night Terror"]},{"damage_healed":27,"gold_gain":0,"player_choice":"Heal","damage_taken":0,"max_hp_gain":0,"max_hp_loss":0,"event_name":"The Library","floor":20,"gold_loss":0},{"damage_healed":0,"gold_gain":0,"player_choice":"Forge","damage_taken":0,"max_hp_gain":0,"max_hp_loss":0,"event_name":"Accursed Blacksmith","floor":22,"gold_loss":0,"cards_upgraded":["Grand Finale"]}],"is_beta":false,"boss_relics":[{"not_picked":["Velvet Choker","Astrolabe"],"picked":"Tiny House"}],"items_purged_floors":[8,19],"is_endless":false,"potions_floor_spawned":[2,4,11,18,24],"killed_by":"Sentry and Sphere","ascension_level":2}