{"gold_per_floor":[112,112,122,132,143,171,171,203,203,45,45,55,55,55,55,129,129,146,196,210,228,278,278,309,322,322,322,322],"floor_reached":28,"playtime":1904,"items_purged":[],"score":496,"play_id":"78a0389b-b2df-4378-9382-000773a8a63e","local_time":"20190623110941","is_ascension_mode":true,"campfire_choices":[{"data":"Clothesline","floor":7,"key":"SMITH"},{"data":"Bash","floor":11,"key":"SMITH"},{"floor":13,"key":"REST"},{"data":"Battle Trance","floor":15,"key":"SMITH"},{"floor":23,"key":"REST"}],"neow_cost":"NONE","seed_source_timestamp":477879938802845,"circlet_count":0,"master_deck":["AscendersBane","Strike_R","Strike_R","Strike_R","Strike_R","Strike_R","Defend_R","Defend_R","Defend_R","Defend_R","Bash+1","Battle Trance+1","Sword Boomerang","Clothesline+1","Headbutt","Metallicize","Barricade","Shrug It Off","Entrench","Juggernaut"],"relics":["Burning Blood","Letter Opener","Matryoshka","Mummified Hand","Bottled Lightning","Happy Flower","Fusion Hammer","PreservedInsect","Blood Vial","Frozen Egg 2"],"potions_floor_usage":[6,8,20,25,27],"damage_taken":[{"damage":8,"enemies":"Jaw Worm","floor":1,"turns":6},{"damage":8,"enemies":"Cultist","floor":3,"turns":5},{"damage":4,"enemies":"Small Slimes","floor":4,"turns":3},{"damage":10,"enemies":"3 Louse","floor":5,"turns":4},{"damage":26,"enemies":"Gremlin Nob","floor":6,"turns":4},{"damage":30,"enemies":"3 Sentries","floor":8,"turns":8},{"damage":7,"enemies":"Blue Slaver","floor":12,"turns":4},{"damage":40,"enemies":"The Guardian","floor":16,"turns":16},{"damage":8,"enemies":"2 Thieves","floor":18,"turns":4},{"damage":13,"enemies":"3 Byrds","floor":20,"turns":5},{"damage":5,"enemies":"Centurion and Healer","floor":21,"turns":9},{"damage":42,"enemies":"Book of Stabbing","floor":24,"turns":7},{"damage":42,"enemies":"Shelled Parasite and Fungi","floor":25,"turns":6},{"damage":13,"enemies":"Colosseum Slavers","floor":27,"turns":7},{"damage":19,"enemies":"Slavers","floor":28,"turns":1}],"seed_played":"4662052170901837925","potions_obtained":[{"floor":1,"key":"Fire Potion"},{"floor":2,"key":"FearPotion"},{"floor":2,"key":"PowerPotion"},{"floor":16,"key":"Block Potion"},{"floor":20,"key":"BloodPotion"},{"floor":25,"key":"SpeedPotion"}],"is_trial":false,"path_per_floor":["M","?","M","M","M","E","R","E","T","$","R","M","R","$","R","B",null,"M","?","M","M","?","R","E","M","T","?","E"],"character_chosen":"IRONCLAD","items_purchased":["Happy Flower"],"campfire_rested":2,"item_purchase_floors":[10],"current_hp_per_floor":[73,73,71,73,69,49,49,25,25,25,25,24,48,48,48,14,65,63,63,56,57,57,81,45,17,17,12,0],"gold":322,"neow_bonus":"TEN_PERCENT_HP_BONUS","is_prod":false,"is_daily":false,"chose_seed":false,"campfire_upgraded":3,"win_rate":0,"timestamp":1561255781,"path_taken":["M","?","M","?","M","E","R","E","T","?","R","M","R","$","R","BOSS","M","?","M","?","?","R","E","M","T","?","E"],"build_version":"2019-01-23","purchased_purges":0,"victory":false,"max_hp_per_floor":[82,82,82,82,82,82,82,82,82,82,82,82,82,82,82,82,82,82,82,82,82,82,82,82,82,82,82,82],"card_choices":[{"not_picked":["Iron Wave","Ghostly Armor"],"picked":"Battle Trance","floor":1},{"not_picked":["Dropkick","Perfected Strike"],"picked":"Sword Boomerang","floor":3},{"not_picked":["Wild Strike","Rupture"],"picked":"Clothesline","floor":4},{"not_picked":["Cleave","Berserk","Pommel Strike"],"picked":"SKIP","floor":5},{"not_picked":["Cleave","Berserk","Pommel Strike"],"picked":"SKIP","floor":5},{"not_picked":["Fire Breathing","Sentinel","Dual Wield"],"picked":"SKIP","floor":6},{"not_picked":["Pommel Strike","Second Wind"],"picked":"Headbutt","floor":8},{"not_picked":["Body Slam","Anger"],"picked":"Metallicize","floor":12},{"not_picked":["Juggernaut","Berserk"],"picked":"Barricade","floor":16},{"not_picked":["Body Slam","Shockwave"],"picked":"Shrug It Off","floor":18},{"not_picked":["Cleave","Anger"],"picked":"Entrench","floor":20},{"not_picked":["Wild Strike","Anger","Flex"],"picked":"SKIP","floor":21},{"not_picked":["Pummel","Heavy Blade"],"picked":"Juggernaut","floor":24},{"not_picked":["Clash+1","Spot Weakness","Havoc"],"picked":"SKIP","floor":25}],"player_experience":539923,"relics_obtained":[{"floor":6,"key":"Letter Opener"},{"floor":8,"key":"Matryoshka"},{"floor":9,"key":"Mummified Hand"},{"floor":9,"key":"Bottled Lightning"},{"floor":24,"key":"PreservedInsect"},{"floor":26,"key":"Blood Vial"},{"floor":26,"key":"Frozen Egg 2"}],"event_choices":[{"damage_healed":0,"gold_gain":0,"player_choice":"Got Potions","damage_taken":0,"max_hp_gain":0,"max_hp_loss":0,"event_name":"Lab","floor":2,"gold_loss":0},{"damage_healed":0,"gold_gain":100,"player_choice":"Bet on Murderer","damage_taken":0,"max_hp_gain":0,"max_hp_loss":0,"event_name":"The Joust","floor":19,"gold_loss":50},{"damage_healed":0,"gold_gain":50,"player_choice":"Stole From Cult","damage_taken":0,"max_hp_gain":0,"max_hp_loss":0,"event_name":"Nest","floor":22,"gold_loss":0},{"damage_healed":0,"gold_gain":0,"player_choice":"Fight","damage_taken":0,"max_hp_gain":0,"max_hp_loss":0,"event_name":"Colosseum","floor":27,"gold_loss":0},{"damage_healed":0,"gold_gain":0,"player_choice":"Fled From Nobs","damage_taken":0,"max_hp_gain":0,"max_hp_loss":0,"event_name":"Colosseum","floor":27,"gold_loss":0}],"is_beta":false,"boss_relics":[{"not_picked":["White Beast Statue","Calling Bell"],"picked":"Fusion Hammer"}],"items_purged_floors":[],"is_endless":false,"potions_floor_spawned":[1,5,16,20,25],"killed_by":"Slavers","ascension_level":20}