{"gold_per_floor":[114,129,404,68,83,83,46,46,121,136,166,181,211,226,226,326,326,341,341,356,356,371,401,416,416,491,521,41,71,96,126,126,226,226,241,241,242,42,57,57,87,87,112,142,142,172,202,17,17,17],"floor_reached":51,"playtime":4140,"items_purged":[],"score":1649,"play_id":"3dca8b9b-84d7-45f3-9500-1cbc46981e69","local_time":"20190701043054","daily_mods":["Insanity","Hoarder","Elite Swarm"],"is_ascension_mode":false,"campfire_choices":[{"data":"Infinite Blades","floor":6,"key":"SMITH"},{"data":"Infinite Blades","floor":8,"key":"SMITH"},{"floor":15,"key":"REST"},{"data":"Backstab","floor":25,"key":"SMITH"},{"data":"Backstab","floor":32,"key":"SMITH"},{"data":"After Image","floor":40,"key":"SMITH"},{"data":"After Image","floor":42,"key":"SMITH"},{"data":"Backstab","floor":49,"key":"SMITH"}],"neow_cost":"","seed_source_timestamp":0,"circlet_count":0,"master_deck":["Deadly Poison","Eviscerate","Sucker Punch","PiercingWail","Catalyst","Riddle With Holes","Eviscerate","Riddle With Holes","Dodge and Roll","Flying Knee","Deflect","Blade Dance","Accuracy","Dodge and Roll","Acrobatics","Cloak And Dagger","Footwork","Flechettes","Tactician","Prepared","Backflip","Quick Slash","Cloak And Dagger","Acrobatics","Dash","Acrobatics","Dagger Throw","Dodge and Roll","Underhanded Strike","Poisoned Stab","Well Laid Plans","Crippling Poison","Quick Slash","Terror","Flying Knee","Backflip","Catalyst","Sucker Punch","Predator","Quick Slash","Dagger Throw","Escape Plan","Blade Dance","Predator","Skewer","Dodge and Roll","Blade Dance","Bouncing Flask","Distraction","Quick Slash","Prepared","Prepared","Prepared","Infinite Blades","Infinite Blades+1","Infinite Blades+1","Regret","Regret","Regret","Noxious Fumes","Noxious Fumes","Noxious Fumes","Bouncing Flask","Bouncing Flask","Bouncing Flask","Escape Plan","Escape Plan","Escape Plan","Outmaneuver","Outmaneuver","Outmaneuver","Adrenaline","Adrenaline","Adrenaline","Dagger Spray","Dagger Spray","Dagger Spray","Storm of Steel","Storm of Steel","Storm of Steel","Noxious Fumes","Noxious Fumes","Bullet Time","Bullet Time","Bullet Time","PiercingWail+1","PiercingWail+1","PiercingWail+1","Outmaneuver","Outmaneuver","Outmaneuver","Backstab+1","Backstab+1","Backstab+1","Bane+1","Bane+1","Bane+1","Die Die Die","Die Die Die","Die Die Die","Setup+1","Setup+1","Setup+1","After Image","After Image+1","After Image+1","Venomology","Venomology","Venomology","Glass Knife","Glass Knife","Glass Knife","Glass Knife","Glass Knife","Glass Knife","Dash+1","Dash+1","Dash+1","Slice","Slice","Slice","Backstab+1","Backstab+1","Backstab+1","After Image","After Image","After Image","Injury","Injury","Injury","Wraith Form v2","Wraith Form v2","Wraith Form v2","Writhe","Writhe","Writhe","Bullet Time","Bullet Time","Bullet Time","Flash of Steel","Flash of Steel","Flash of Steel"],"special_seed":18078,"relics":["Ring of the Snake","Du-Vu Doll","Pear","Regal Pillow","Vajra","Coffee Dripper","Bag of Preparation","Incense Burner","The Courier","PreservedInsect","Oddly Smooth Stone","Bronze Scales","Blood Vial","Orichalcum","Nunchaku","Centennial Puzzle","WingedGreaves","Cursed Key","Mango","Letter Opener","Juzu Bracelet","Anchor","Ice Cream","Singing Bowl","Mummified Hand","Strawberry"],"potions_floor_usage":[22,24,33,37,50,50,50,50],"damage_taken":[{"damage":0,"enemies":"2 Louse","floor":1,"turns":2},{"damage":0,"enemies":"Cultist","floor":2,"turns":2},{"damage":2,"enemies":"Small Slimes","floor":5,"turns":3},{"damage":2,"enemies":"2 Fungi Beasts","floor":10,"turns":2},{"damage":12,"enemies":"3 Sentries","floor":11,"turns":4},{"damage":1,"enemies":"Exordium Wildlife","floor":12,"turns":2},{"damage":13,"enemies":"Lagavulin","floor":13,"turns":5},{"damage":8,"enemies":"Blue Slaver","floor":14,"turns":3},{"damage":4,"enemies":"Slime Boss","floor":16,"turns":5},{"damage":3,"enemies":"Chosen","floor":18,"turns":3},{"damage":10,"enemies":"3 Byrds","floor":20,"turns":4},{"damage":11,"enemies":"Centurion and Healer","floor":22,"turns":3},{"damage":0,"enemies":"Gremlin Leader","floor":23,"turns":3},{"damage":10,"enemies":"Cultist and Chosen","floor":24,"turns":3},{"damage":7,"enemies":"Slavers","floor":27,"turns":2},{"damage":0,"enemies":"Book of Stabbing","floor":29,"turns":2},{"damage":0,"enemies":"Gremlin Leader","floor":31,"turns":2},{"damage":10,"enemies":"Champ","floor":33,"turns":5},{"damage":0,"enemies":"Orb Walker","floor":35,"turns":1},{"damage":0,"enemies":"2 Orb Walkers","floor":37,"turns":3},{"damage":0,"enemies":"3 Darklings","floor":39,"turns":2},{"damage":0,"enemies":"Reptomancer","floor":41,"turns":3},{"damage":0,"enemies":"Giant Head","floor":44,"turns":2},{"damage":3,"enemies":"Nemesis","floor":46,"turns":3},{"damage":0,"enemies":"Giant Head","floor":47,"turns":3},{"damage":2,"enemies":"Donu and Deca","floor":50,"turns":3}],"seed_played":"1608779508579201905","potions_obtained":[{"floor":2,"key":"EssenceOfSteel"},{"floor":5,"key":"Regen Potion"},{"floor":12,"key":"LiquidBronze"},{"floor":14,"key":"Regen Potion"},{"floor":16,"key":"Strength Potion"},{"floor":23,"key":"AttackPotion"},{"floor":27,"key":"Explosive Potion"},{"floor":29,"key":"GhostInAJar"},{"floor":37,"key":"GamblersBrew"},{"floor":41,"key":"SkillPotion"}],"is_trial":false,"path_per_floor":["M","M","?","$","M","R","$","R","T","M","E","M","E","M","R","B",null,"M","?","M","?","M","E","M","R","T","E","$","E","T","E","R","B",null,"M","?","?","$","M","R","E","R","T","E","?","E","E","$","R","B",null],"character_chosen":"THE_SILENT","items_purchased":["Du-Vu Doll","Noxious Fumes","Escape Plan","Oddly Smooth Stone","Bronze Scales","Blood Vial","Orichalcum","Letter Opener","Strawberry","Flash of Steel"],"campfire_rested":1,"item_purchase_floors":[4,4,7,28,28,28,28,38,48,48],"current_hp_per_floor":[70,70,70,70,68,68,68,68,78,76,64,63,50,42,80,76,80,77,77,67,67,68,68,67,67,67,60,60,62,62,64,64,56,80,80,80,94,94,94,94,94,94,94,94,94,91,95,102,102,101],"gold":17,"neow_bonus":"","is_prod":false,"is_daily":true,"chose_seed":false,"campfire_upgraded":7,"win_rate":0,"timestamp":1561948254,"path_taken":["M","M","?","$","M","R","?","R","T","M","E","M","E","M","R","BOSS","M","?","M","?","M","E","M","R","T","E","?","E","?","E","R","BOSS","M","?","?","?","M","R","E","R","T","E","?","E","E","$","R","BOSS"],"build_version":"2019-01-23","purchased_purges":0,"victory":true,"max_hp_per_floor":[70,70,70,70,70,70,70,70,80,80,80,80,80,80,80,80,80,80,80,80,80,80,80,80,80,80,80,80,80,80,80,80,80,80,80,80,94,94,94,94,94,94,94,94,94,94,96,103,103,103],"card_choices":[{"not_picked":["Bane","Deflect"],"picked":"Prepared","floor":1},{"not_picked":["Cloak And Dagger","Eviscerate"],"picked":"Infinite Blades","floor":2},{"not_picked":["Deadly Poison","Footwork"],"picked":"Bouncing Flask","floor":5},{"not_picked":["Acrobatics","Sucker Punch"],"picked":"Outmaneuver","floor":10},{"not_picked":["Bullet Time","Grand Finale"],"picked":"Adrenaline","floor":11},{"not_picked":["Blade Dance","Choke"],"picked":"Dagger Spray","floor":12},{"not_picked":["Tools of the Trade","Corpse Explosion"],"picked":"Storm of Steel","floor":13},{"not_picked":["Caltrops","Poisoned Stab"],"picked":"Noxious Fumes","floor":14},{"not_picked":["Wraith Form v2","Die Die Die"],"picked":"Bullet Time","floor":16},{"not_picked":["Dagger Throw","Eviscerate"],"picked":"PiercingWail+1","floor":18},{"not_picked":["Dagger Throw+1","Choke"],"picked":"Outmaneuver","floor":20},{"not_picked":["Caltrops+1","Acrobatics+1"],"picked":"Bane+1","floor":22},{"not_picked":["Tools of the Trade","Wraith Form v2"],"picked":"Die Die Die","floor":23},{"not_picked":["Expertise","Accuracy"],"picked":"Setup+1","floor":24},{"not_picked":["Corpse Explosion","Unload"],"picked":"After Image","floor":27},{"not_picked":["Burst","Grand Finale"],"picked":"Venomology","floor":29},{"not_picked":["Phantasmal Killer","Envenom"],"picked":"Glass Knife","floor":31},{"not_picked":["Phantasmal Killer","Bullet Time"],"picked":"Glass Knife","floor":33},{"not_picked":["Underhanded Strike","Flying Knee"],"picked":"Dash+1","floor":35},{"not_picked":["PiercingWail","Catalyst+1"],"picked":"Slice","floor":37},{"not_picked":["Expertise+1","Eviscerate+1"],"picked":"Backstab+1","floor":39},{"not_picked":["Adrenaline","Venomology"],"picked":"After Image","floor":41},{"not_picked":["Tools of the Trade","Unload"],"picked":"Wraith Form v2","floor":44},{"not_picked":["Corpse Explosion","Wraith Form v2"],"picked":"Bullet Time","floor":46},{"not_picked":["Doppelganger","Burst","Unload"],"picked":"Singing Bowl","floor":47}],"player_experience":69437,"relics_obtained":[{"floor":9,"key":"Pear"},{"floor":11,"key":"Regal Pillow"},{"floor":13,"key":"Vajra"},{"floor":23,"key":"Incense Burner"},{"floor":26,"key":"The Courier"},{"floor":27,"key":"PreservedInsect"},{"floor":29,"key":"Nunchaku"},{"floor":30,"key":"Centennial Puzzle"},{"floor":31,"key":"WingedGreaves"},{"floor":37,"key":"Mango"},{"floor":41,"key":"Juzu Bracelet"},{"floor":43,"key":"Anchor"},{"floor":44,"key":"Ice Cream"},{"floor":46,"key":"Singing Bowl"},{"floor":47,"key":"Mummified Hand"}],"event_choices":[{"damage_healed":0,"gold_gain":275,"player_choice":"Desecrate","damage_taken":0,"max_hp_gain":0,"max_hp_loss":0,"event_name":"Golden Shrine","floor":3,"gold_loss":0,"cards_obtained":["Regret"]},{"damage_healed":0,"gold_gain":0,"player_choice":"Opened","damage_taken":0,"relics_obtained":["Bag of Preparation"],"max_hp_gain":0,"max_hp_loss":0,"event_name":"The Mausoleum","floor":19,"gold_loss":0},{"damage_healed":0,"gold_gain":0,"player_choice":"Read","damage_taken":0,"max_hp_gain":0,"max_hp_loss":0,"event_name":"The Library","floor":21,"gold_loss":0,"cards_obtained":["Backstab"]},{"cards_removed":["Noxious Fumes"],"damage_healed":0,"gold_gain":0,"player_choice":"Removed Power","damage_taken":0,"max_hp_gain":0,"max_hp_loss":0,"event_name":"Falling","floor":36,"gold_loss":0},{"damage_healed":0,"gold_gain":0,"player_choice":"Fight","damage_taken":0,"max_hp_gain":0,"max_hp_loss":0,"event_name":"Mysterious Sphere","floor":37,"gold_loss":0},{"damage_healed":24,"gold_gain":0,"player_choice":"Writhe","damage_taken":0,"max_hp_gain":0,"max_hp_loss":0,"event_name":"Winding Halls","floor":45,"gold_loss":0,"cards_obtained":["Writhe"]}],"is_beta":false,"boss_relics":[{"not_picked":["Snecko Eye","Lizard Tail"],"picked":"Coffee Dripper"},{"not_picked":["Empty Cage","HoveringKite"],"picked":"Cursed Key"}],"items_purged_floors":[],"is_endless":false,"potions_floor_spawned":[2,5,12,14,16,18,23,27,29,37,39,41,46],"ascension_level":0}