{"gold_per_floor":[110,129,129,129,144,144,144,144,195,215,215,235,210,222,222,324,324,341,351,369,369,61,61,77,93,169,169,185,204,204,204],"floor_reached":31,"playtime":1189,"items_purged":[],"score":370,"play_id":"b3c8c9de-0897-48d7-a505-2c47fcc3363a","local_time":"20190719195703","is_ascension_mode":true,"campfire_choices":[{"data":"White Noise","floor":6,"key":"SMITH"},{"data":"Zap","floor":8,"key":"SMITH"},{"data":"Auto Shields","floor":15,"key":"SMITH"},{"floor":23,"key":"REST"},{"floor":27,"key":"REST"},{"floor":30,"key":"REST"}],"neow_cost":"NONE","seed_source_timestamp":487410865446300,"circlet_count":0,"master_deck":["AscendersBane","Strike_B","Strike_B","Defend_B","Defend_B","Defend_B","Zap+1","Dualcast","White Noise+1","Auto Shields+1","Double Energy","BootSequence","Cold Snap","Core Surge","Loop","Static Discharge","Defragment","Electrodynamics","Chill"],"relics":["Cracked Core","NeowsBlessing","Happy Flower","Nloth\u0027s Gift","Singing Bowl","Frozen Egg 2"],"potions_floor_usage":[4,16,20,20,24,28,29],"damage_taken":[{"damage":0,"enemies":"Small Slimes","floor":1,"turns":1},{"damage":0,"enemies":"Jaw Worm","floor":2,"turns":1},{"damage":0,"enemies":"Cultist","floor":5,"turns":1},{"damage":2,"enemies":"Blue Slaver","floor":10,"turns":3},{"damage":18,"enemies":"Lots of Slimes","floor":12,"turns":5},{"damage":2,"enemies":"Looter","floor":14,"turns":4},{"damage":17,"enemies":"Hexaghost","floor":16,"turns":12},{"damage":17,"enemies":"Spheric Guardian","floor":18,"turns":4},{"damage":16,"enemies":"Shell Parasite","floor":19,"turns":8},{"damage":7,"enemies":"Shelled Parasite and Fungi","floor":20,"turns":9},{"damage":11,"enemies":"3 Cultists","floor":24,"turns":7},{"damage":33,"enemies":"Sentry and Sphere","floor":25,"turns":6},{"damage":11,"enemies":"Snake Plant","floor":28,"turns":4},{"damage":27,"enemies":"Shelled Parasite and Fungi","floor":29,"turns":7},{"damage":37,"enemies":"Book of Stabbing","floor":31,"turns":5}],"seed_played":"-1975013695432588055","potions_obtained":[{"floor":1,"key":"Block Potion"},{"floor":2,"key":"FocusPotion"},{"floor":4,"key":"Fruit Juice"},{"floor":4,"key":"EntropicBrew"},{"floor":19,"key":"Block Potion"},{"floor":28,"key":"Dexterity Potion"},{"floor":29,"key":"SteroidPotion"}],"is_trial":false,"path_per_floor":["M","M","?","?","M","R","$","R","T","M","?","M","$","M","R","B",null,"M","M","M","?","$","R","M","M","T","R","M","M","R","E"],"character_chosen":"DEFECT","items_purchased":["Cold Snap","Defragment","Singing Bowl"],"campfire_rested":3,"item_purchase_floors":[13,22,22],"current_hp_per_floor":[68,68,73,78,78,78,78,78,78,76,76,58,58,56,56,39,74,57,41,34,34,34,59,50,17,17,43,32,7,33,0],"gold":204,"neow_bonus":"THREE_ENEMY_KILL","is_prod":false,"is_daily":false,"chose_seed":false,"campfire_upgraded":3,"win_rate":0,"timestamp":1563559023,"path_taken":["M","M","?","?","M","R","$","R","T","?","?","M","$","M","R","BOSS","M","?","M","?","$","R","?","M","T","R","M","?","R","E"],"build_version":"2019-07-17","purchased_purges":0,"victory":false,"max_hp_per_floor":[75,75,80,85,85,85,85,85,85,85,85,85,85,85,85,85,85,85,85,85,85,85,85,87,87,87,87,87,89,89,89],"card_choices":[{"not_picked":["Coolheaded","Genetic Algorithm"],"picked":"White Noise","floor":1},{"not_picked":["Hello World","Aggregate"],"picked":"Auto Shields","floor":2},{"not_picked":["Hologram","Heatsinks","Compile Driver"],"picked":"SKIP","floor":5},{"not_picked":["Beam Cell","Rebound"],"picked":"Double Energy","floor":10},{"not_picked":["Stack","Compile Driver","Steam"],"picked":"SKIP","floor":12},{"not_picked":["Barrage","Scrape","Lockon"],"picked":"SKIP","floor":14},{"not_picked":["Fission","Buffer"],"picked":"Core Surge","floor":16},{"not_picked":["Consume","Capacitor"],"picked":"Loop","floor":18},{"not_picked":["Conserve Battery","Stack","Redo"],"picked":"SKIP","floor":19},{"not_picked":["Self Repair","Stack+1"],"picked":"Static Discharge","floor":20},{"not_picked":["Melter","FTL","Scrape"],"picked":"Singing Bowl","floor":24},{"not_picked":["FTL","Barrage"],"picked":"Electrodynamics","floor":25},{"not_picked":["Redo","Rip and Tear"],"picked":"Chill","floor":28},{"not_picked":["Hello World+1","Gash","Scrape"],"picked":"Singing Bowl","floor":29}],"player_experience":347559,"relics_obtained":[{"floor":9,"key":"Happy Flower"},{"floor":26,"key":"Frozen Egg 2"}],"event_choices":[{"damage_healed":0,"gold_gain":0,"player_choice":"Donut","damage_taken":0,"max_hp_gain":5,"max_hp_loss":0,"event_name":"Big Fish","floor":3,"gold_loss":0},{"damage_healed":0,"gold_gain":0,"player_choice":"Got Potions","damage_taken":0,"max_hp_gain":0,"max_hp_loss":0,"event_name":"Lab","floor":4,"gold_loss":0},{"damage_healed":0,"gold_gain":0,"cards_transformed":["Strike_B"],"player_choice":"Transformed","damage_taken":0,"max_hp_gain":0,"max_hp_loss":0,"event_name":"Transmorgrifier","floor":11,"gold_loss":0,"cards_obtained":["BootSequence"]},{"damage_healed":0,"gold_gain":0,"player_choice":"Traded Relic","damage_taken":0,"relics_obtained":["Nloth\u0027s Gift"],"max_hp_gain":0,"max_hp_loss":0,"event_name":"N\u0027loth","floor":21,"relics_lost":["Empty Cage"],"gold_loss":0}],"is_beta":false,"boss_relics":[{"not_picked":["Fusion Hammer","Coffee Dripper"],"picked":"Empty Cage"}],"items_purged_floors":[],"is_endless":false,"potions_floor_spawned":[1,2,14,19,28,29],"killed_by":"Book of Stabbing","ascension_level":12}