{"gold_per_floor":[114,114,129,90,105,105,135,135,135,135,150,180,180,195,195,295,295,335,335,60,60,100,100,130,170,195,235,275,305,305,56,56,56],"floor_reached":33,"playtime":3515,"items_purged":[],"score":445,"play_id":"a7c5569b-f7f3-4458-97b8-3791982c2f67","local_time":"20190716043242","daily_mods":["Insanity","Colorless Cards","Terminal"],"is_ascension_mode":false,"campfire_choices":[{"data":"Well Laid Plans","floor":6.0,"key":"SMITH"},{"data":"Infinite Blades","floor":13.0,"key":"SMITH"},{"data":"HandOfGreed","floor":15.0,"key":"SMITH"},{"data":"Adrenaline","floor":23.0,"key":"SMITH"},{"data":"Caltrops","floor":30,"key":"SMITH"},{"floor":32,"key":"REST"}],"neow_cost":"","seed_source_timestamp":0,"circlet_count":0,"master_deck":["Outmaneuver","Dodge and Roll","Slice","Infinite Blades+1","Dagger Throw","Dodge and Roll","Cloak And Dagger","Bane","Underhanded Strike","Deadly Poison","Deadly Poison","Dagger Spray","Prepared","Prepared","Cloak And Dagger","Dagger Spray","Sucker Punch","Flying Knee","Finisher","Sucker Punch","Discovery","All Out Attack+1","Dagger Spray","Finisher","Quick Slash","Sucker Punch","Dagger Spray","Finesse","Jack Of All Trades","Cloak And Dagger","PiercingWail+1","Prepared","Outmaneuver+1","Heel Hook","Sucker Punch","Dodge and Roll","Flechettes","Flechettes","Deflect","Escape Plan","Acrobatics","Blade Dance","Noxious Fumes","Blade Dance","Tactician","Blade Dance","Bane+1","Deflect+1","Blade Dance","Backflip","Concentrate","Enlightenment","Well Laid Plans+1","Blade Dance","HandOfGreed+1","Neutralize","Flechettes","Flying Knee","Secret Weapon","Dark Shackles","Adrenaline+1","Outmaneuver+1","Dark Shackles+1","PiercingWail","Discovery","Caltrops+1","Trip","Dagger Throw+1","Secret Weapon","Mind Blast"],"special_seed":18092,"relics":["Ring of the Snake","Ginger","Pear","Anchor","Black Star","Membership Card","Omamori","War Paint","Kunai","Bag of Marbles","Meat on the Bone","Matryoshka","Dodecahedron","Whetstone"],"potions_floor_usage":[29,33],"damage_taken":[{"damage":0.0,"enemies":"Cultist","floor":1.0,"turns":1.0},{"damage":0.0,"enemies":"Small Slimes","floor":3.0,"turns":2.0},{"damage":3.0,"enemies":"Jaw Worm","floor":5.0,"turns":2.0},{"damage":0.0,"enemies":"3 Sentries","floor":7.0,"turns":4.0},{"damage":3.0,"enemies":"Lots of Slimes","floor":11.0,"turns":2.0},{"damage":21.0,"enemies":"Gremlin Nob","floor":12.0,"turns":4.0},{"damage":0.0,"enemies":"Large Slime","floor":14.0,"turns":3.0},{"damage":15.0,"enemies":"Slime Boss","floor":16.0,"turns":4.0},{"damage":0.0,"enemies":"3 Byrds","floor":18.0,"turns":3.0},{"damage":1.0,"enemies":"Shell Parasite","floor":22.0,"turns":4.0},{"damage":13.0,"enemies":"Gremlin Leader","floor":24.0,"turns":7.0},{"damage":1,"enemies":"3 Cultists","floor":25,"turns":6},{"damage":0,"enemies":"Cultist and Chosen","floor":27,"turns":5},{"damage":16,"enemies":"Snake Plant","floor":28,"turns":4},{"damage":16,"enemies":"Book of Stabbing","floor":29,"turns":5},{"damage":62,"enemies":"Champ","floor":33,"turns":7}],"seed_played":"-2632603489159351887","potions_obtained":[{"floor":5.0,"key":"Fire Potion"},{"floor":7.0,"key":"Block Potion"},{"floor":16.0,"key":"SpeedPotion"},{"floor":18.0,"key":"SteroidPotion"},{"floor":19.0,"key":"Swift Potion"},{"floor":19.0,"key":"Explosive Potion"},{"floor":19.0,"key":"Fire Potion"},{"floor":27,"key":"Regen Potion"},{"floor":28,"key":"Dexterity Potion"}],"is_trial":false,"path_per_floor":["M","$","M","$","M","R","E","?","T","?","M","E","R","M","R","B",null,"M","?","$","?","M","R","E","M","T","M","M","E","R","$","R","B"],"character_chosen":"THE_SILENT","items_purchased":["Well Laid Plans","Membership Card","Omamori","Mind Blast","Dodecahedron","Whetstone"],"campfire_rested":1,"item_purchase_floors":[4,20,20,31,31,31],"current_hp_per_floor":[68,67,66,65,62,62,62,50,60,60,57,36,36,36,36,21,62,61,60,59,58,57,56,43,42,42,42,26,10,10,10,24,0],"gold":56,"neow_bonus":"","is_prod":false,"is_daily":true,"chose_seed":false,"campfire_upgraded":5,"win_rate":0,"timestamp":1563244362,"path_taken":["M","?","M","$","?","R","E","?","T","?","M","E","R","?","R","BOSS","M","?","?","?","?","R","E","M","T","M","?","E","R","$","R","BOSS"],"build_version":"2019-07-05","purchased_purges":0,"victory":false,"max_hp_per_floor":[68,67,66,65,64,63,62,61,70,69,68,67,66,65,64,63,62,61,60,59,58,57,56,55,54,53,52,51,50,49,48,47,47],"card_choices":[{"not_picked":["Crippling Poison","Dash"],"picked":"Concentrate","floor":1.0},{"not_picked":["Acrobatics","Cloak And Dagger"],"picked":"Enlightenment","floor":3.0},{"not_picked":["Dodge and Roll","Dagger Throw"],"picked":"Blade Dance","floor":5.0},{"not_picked":["Corpse Explosion","Poisoned Stab"],"picked":"HandOfGreed","floor":7.0},{"not_picked":["Dagger Spray","Dodge and Roll"],"picked":"Flying Knee","floor":11.0},{"not_picked":["Dodge and Roll","Skewer"],"picked":"Secret Weapon","floor":12.0},{"not_picked":["Deep Breath","Deflect"],"picked":"Dark Shackles","floor":14.0},{"not_picked":["Secret Weapon","Master of Strategy"],"picked":"Adrenaline","floor":16.0},{"not_picked":["Flechettes","Underhanded Strike"],"picked":"Outmaneuver+1","floor":18.0},{"not_picked":["Blade Dance+1","Acrobatics"],"picked":"PiercingWail","floor":22.0},{"not_picked":["Outmaneuver","Prepared"],"picked":"Discovery","floor":24},{"not_picked":["Outmaneuver","Noxious Fumes"],"picked":"Caltrops","floor":25},{"not_picked":["Flying Knee+1","Sucker Punch"],"picked":"Trip","floor":27},{"not_picked":["Madness","Purity"],"picked":"Dagger Throw+1","floor":28},{"not_picked":["Deflect","Poisoned Stab"],"picked":"Secret Weapon","floor":29}],"player_experience":137929,"relics_obtained":[{"floor":7.0,"key":"Ginger"},{"floor":9.0,"key":"Pear"},{"floor":12.0,"key":"Anchor"},{"floor":24,"key":"War Paint"},{"floor":24,"key":"Kunai"},{"floor":26,"key":"Bag of Marbles"},{"floor":29,"key":"Meat on the Bone"},{"floor":29,"key":"Matryoshka"}],"event_choices":[{"damage_healed":0.0,"max_hp_gain":0.0,"max_hp_loss":0.0,"gold_gain":0.0,"event_name":"Shining Light","player_choice":"Entered Light","floor":8.0,"gold_loss":0.0,"damage_taken":12.0,"cards_upgraded":["Outmaneuver","Deflect"]},{"damage_healed":0.0,"max_hp_gain":0.0,"max_hp_loss":0.0,"gold_gain":0.0,"event_name":"Match and Keep!","player_choice":"2 cards matched","floor":10.0,"gold_loss":0.0,"damage_taken":0.0,"cards_obtained":["Neutralize","Flechettes"]},{"damage_healed":0.0,"max_hp_gain":0.0,"max_hp_loss":0.0,"gold_gain":0.0,"event_name":"Lab","player_choice":"Got Potions","floor":19.0,"gold_loss":0.0,"damage_taken":0.0},{"damage_healed":0.0,"max_hp_gain":0.0,"max_hp_loss":0.0,"gold_gain":0.0,"event_name":"The Library","player_choice":"Read","floor":21.0,"gold_loss":0.0,"damage_taken":0.0,"cards_obtained":["Dark Shackles"]}],"is_beta":false,"boss_relics":[{"not_picked":["Tiny House","HoveringKite"],"picked":"Black Star"}],"items_purged_floors":[],"is_endless":false,"potions_floor_spawned":[5,7,16,18,27,28],"killed_by":"Champ","ascension_level":0}