{"gold_per_floor":[112,112,132,132,132,132,142,317,317,317,317,330,342,357,357,457,457,475,450,450,460,480,480,480,480],"floor_reached":25,"playtime":1113,"items_purged":[],"score":298,"play_id":"ad58f008-12f2-44d4-bdd6-b967e4ef70fb","local_time":"20190713131730","is_ascension_mode":true,"campfire_choices":[{"data":"Creative AI","floor":6.0,"key":"SMITH"},{"data":"Zap","floor":11.0,"key":"SMITH"},{"floor":15.0,"key":"REST"},{"floor":23.0,"key":"REST"}],"neow_cost":"NONE","seed_source_timestamp":0,"circlet_count":0,"master_deck":["Strike_B","Strike_B","Strike_B","Defend_B","Defend_B","Defend_B+1","Defend_B+1","Zap+1","Dualcast","Creative AI+1","Doubt","Glacier","Capacitor","Conserve Battery","Decay","Ghostly","Ghostly","Ghostly","Ghostly","Ghostly"],"special_seed":0,"relics":["Cracked Core","Question Card","War Paint","Busted Crown"],"potions_floor_usage":[],"damage_taken":[{"damage":4.0,"enemies":"2 Louse","floor":1.0,"turns":2.0},{"damage":4.0,"enemies":"Small Slimes","floor":3.0,"turns":3.0},{"damage":0.0,"enemies":"Cultist","floor":7.0,"turns":3.0},{"damage":6.0,"enemies":"Looter","floor":12.0,"turns":4.0},{"damage":6.0,"enemies":"3 Louse","floor":13.0,"turns":5.0},{"damage":0.0,"enemies":"2 Fungi Beasts","floor":14.0,"turns":5.0},{"damage":38.0,"enemies":"Hexaghost","floor":16.0,"turns":12.0},{"damage":4.0,"enemies":"Spheric Guardian","floor":18.0,"turns":7.0},{"damage":23.0,"enemies":"2 Thieves","floor":19.0,"turns":5.0},{"damage":7.0,"enemies":"Snecko","floor":21.0,"turns":9.0},{"damage":18.0,"enemies":"Chosen and Byrds","floor":22.0,"turns":11.0},{"damage":40,"enemies":"Slavers","floor":25,"turns":10}],"seed_played":"6180665605712687429","potions_obtained":[{"floor":1.0,"key":"SteroidPotion"},{"floor":3.0,"key":"SneckoOil"},{"floor":16.0,"key":"PowerPotion"},{"floor":22.0,"key":"SpeedPotion"}],"is_trial":false,"path_per_floor":["M","$","M","$","?","R","M","?","T","?","R","M","M","M","R","B",null,"M","M","?","M","M","R","?","E"],"character_chosen":"DEFECT","items_purchased":[],"campfire_rested":2,"item_purchase_floors":[],"current_hp_per_floor":[64,64,60,60,53,53,53,53,53,53,53,47,41,41,63,25,63,59,36,36,29,11,33,33,0],"gold":480,"neow_bonus":"ONE_RANDOM_RARE_CARD","is_prod":false,"is_daily":false,"chose_seed":false,"campfire_upgraded":2,"win_rate":0,"timestamp":1563016650,"path_taken":["M","$","M","$","?","R","M","?","T","?","R","M","M","M","R","BOSS","M","?","?","M","M","R","?","E"],"build_version":"2019-07-05","purchased_purges":0,"victory":false,"max_hp_per_floor":[75,75,75,75,75,75,75,75,75,75,75,75,75,75,75,75,75,75,75,75,75,75,75,37,37],"card_choices":[{"not_picked":["Rip and Tear","Doom and Gloom","Hologram"],"picked":"SKIP","floor":1.0},{"not_picked":["Undo","Tempest","Redo"],"picked":"SKIP","floor":3.0},{"not_picked":["Turbo","Streamline","Heatsinks"],"picked":"SKIP","floor":7.0},{"not_picked":["Leap","Reinforced Body","Ball Lightning"],"picked":"Glacier","floor":12.0},{"not_picked":["Barrage","Turbo","Chaos","Fusion"],"picked":"SKIP","floor":13.0},{"not_picked":["Recycle","Tempest","Double Energy"],"picked":"Capacitor","floor":14.0},{"not_picked":["Barrage+1","Sweeping Beam+1"],"picked":"SKIP","floor":18.0},{"not_picked":["Hologram"],"picked":"Conserve Battery","floor":19.0},{"not_picked":["Leap","Redo"],"picked":"SKIP","floor":21.0},{"not_picked":["Ball Lightning","Barrage"],"picked":"SKIP","floor":22.0}],"player_experience":324360,"relics_obtained":[{"floor":9.0,"key":"Question Card"}],"event_choices":[{"cards_removed":["Strike_B"],"damage_healed":0.0,"max_hp_gain":0.0,"max_hp_loss":0.0,"gold_gain":0.0,"event_name":"Golden Wing","player_choice":"Card Removal","floor":5.0,"gold_loss":0.0,"damage_taken":7.0},{"damage_healed":0.0,"max_hp_gain":0.0,"max_hp_loss":0.0,"gold_gain":175.0,"event_name":"Liars Game","player_choice":"AGREE","floor":8.0,"gold_loss":0.0,"damage_taken":0.0,"cards_obtained":["Doubt"]},{"damage_healed":0.0,"max_hp_gain":0.0,"max_hp_loss":0.0,"gold_gain":0.0,"event_name":"WeMeetAgain","player_choice":"Gave Potion","floor":10.0,"gold_loss":0.0,"damage_taken":0.0,"relics_obtained":["War Paint"]},{"damage_healed":0.0,"max_hp_gain":0.0,"max_hp_loss":0.0,"gold_gain":0.0,"event_name":"Forgotten Altar","player_choice":"Smashed Altar","floor":20.0,"gold_loss":0.0,"damage_taken":0.0,"cards_obtained":["Decay"]},{"damage_healed":0.0,"max_hp_gain":0.0,"max_hp_loss":38.0,"gold_gain":0.0,"event_name":"Ghosts","player_choice":"Became a Ghost","floor":24.0,"gold_loss":0.0,"damage_taken":0.0,"cards_obtained":["Ghostly","Ghostly","Ghostly","Ghostly","Ghostly"]}],"is_beta":false,"boss_relics":[{"not_picked":["Calling Bell","Ectoplasm"],"picked":"Busted Crown"}],"items_purged_floors":[],"is_endless":false,"potions_floor_spawned":[1,3,16,22],"killed_by":"Slavers","ascension_level":8}