{"gold_per_floor":[115,115,133,145,157,157,157,157,208,222,222,233,248,280,280,380,380,398,323,323,323,248,248,259,259,259,285,29,29,41,57,57,159,159,175,185,196,71,86,86,98,98,98,115,115,115,127,141,141,141],"floor_reached":51,"playtime":1622,"items_purged":["Defend_R","Defend_R","Carnage"],"score":873,"play_id":"c504e831-a4da-4f54-a852-2553b989a283","local_time":"20190120231005","is_ascension_mode":false,"campfire_choices":[{"data":"Bash","floor":6,"key":"SMITH"},{"data":"Flex","floor":8,"key":"SMITH"},{"data":"Battle Trance","floor":11,"key":"SMITH"},{"floor":15,"key":"REST"},{"data":"Whirlwind","floor":23,"key":"SMITH"},{"data":"Strike_R","floor":25,"key":"SMITH"},{"floor":32,"key":"REST"},{"data":"Bloodletting","floor":40,"key":"SMITH"},{"data":"Seeing Red","floor":45,"key":"SMITH"},{"data":"Intimidate","floor":49,"key":"SMITH"}],"neow_cost":"NONE","seed_source_timestamp":2297834402792926,"circlet_count":0,"master_deck":["Bash+1","Battle Trance+1","Flex+1","Whirlwind+1","Bloodletting+1","Intimidate+1","Seeing Red+1"],"relics":["Burning Blood","Dream Catcher","Bag of Preparation","Anchor","Busted Crown","MutagenicStrength","War Paint","Unceasing Top","Bag of Marbles","Pandora\u0027s Box","Ornamental Fan"],"potions_floor_usage":[16,16,16,50,50],"damage_taken":[{"damage":5,"enemies":"Jaw Worm","floor":1,"turns":4},{"damage":1,"enemies":"Cultist","floor":3,"turns":3},{"damage":6,"enemies":"2 Louse","floor":4,"turns":3},{"damage":12,"enemies":"Blue Slaver","floor":5,"turns":2},{"damage":5,"enemies":"3 Louse","floor":10,"turns":2},{"damage":5,"enemies":"Looter","floor":12,"turns":2},{"damage":20,"enemies":"Lots of Slimes","floor":13,"turns":4},{"damage":30,"enemies":"3 Sentries","floor":14,"turns":5},{"damage":58,"enemies":"Hexaghost","floor":16,"turns":8},{"damage":0,"enemies":"Chosen","floor":18,"turns":3},{"damage":0,"enemies":"3 Byrds","floor":24,"turns":3},{"damage":29,"enemies":"Slavers","floor":27,"turns":3},{"damage":0,"enemies":"Sentry and Sphere","floor":30,"turns":1},{"damage":0,"enemies":"Cultist and Chosen","floor":31,"turns":1},{"damage":36,"enemies":"Collector","floor":33,"turns":4},{"damage":0,"enemies":"Orb Walker","floor":35,"turns":2},{"damage":3,"enemies":"3 Shapes","floor":36,"turns":1},{"damage":5,"enemies":"Sphere and 2 Shapes","floor":37,"turns":1},{"damage":6,"enemies":"Jaw Worm Horde","floor":39,"turns":1},{"damage":3,"enemies":"Spire Growth","floor":41,"turns":2},{"damage":0,"enemies":"Transient","floor":44,"turns":5},{"damage":6,"enemies":"Writhing Mass","floor":47,"turns":1},{"damage":6,"enemies":"Spire Growth","floor":48,"turns":1},{"damage":9,"enemies":"Donu and Deca","floor":50,"turns":1}],"seed_played":"-4095275850977760638","potions_obtained":[{"floor":1,"key":"PowerPotion"},{"floor":2,"key":"Strength Potion"},{"floor":2,"key":"SmokeBomb"},{"floor":10,"key":"SteroidPotion"},{"floor":13,"key":"Fire Potion"},{"floor":14,"key":"SteroidPotion"},{"floor":18,"key":"EssenceOfSteel"},{"floor":31,"key":"Weak Potion"},{"floor":33,"key":"Energy Potion"},{"floor":36,"key":"GamblersBrew"}],"is_trial":false,"path_per_floor":["M","?","M","M","M","R","$","R","T","M","R","M","M","E","R","B",null,"M","?","?","?","$","R","M","R","T","E","$","?","M","M","R","B",null,"M","M","M","$","M","R","M","?","T","M","R","?","M","M","R","B",null],"character_chosen":"IRONCLAD","items_purchased":["Bag of Marbles"],"campfire_rested":2,"item_purchase_floors":[28],"current_hp_per_floor":[80,80,80,80,74,74,74,74,74,75,75,76,62,38,62,10,80,80,80,80,80,80,80,80,80,80,57,57,57,63,69,80,50,80,80,80,80,80,80,80,80,80,80,80,80,80,80,80,80,77],"gold":141,"neow_bonus":"RANDOM_COMMON_RELIC","is_prod":false,"is_daily":false,"chose_seed":false,"campfire_upgraded":8,"win_rate":0,"timestamp":1547993405,"path_taken":["M","?","M","?","?","R","$","R","T","M","R","M","M","E","R","BOSS","M","?","?","?","$","R","M","R","T","E","$","?","M","?","R","BOSS","M","?","M","$","M","R","?","?","T","M","R","?","M","M","R","BOSS"],"build_version":"2019-01-17v2","purchased_purges":3,"victory":true,"max_hp_per_floor":[80,80,80,80,80,80,80,80,80,80,80,80,80,80,80,80,80,80,80,80,80,80,80,80,80,80,80,80,80,80,80,80,80,80,80,80,80,80,80,80,80,80,80,80,80,80,80,80,80,80],"card_choices":[{"not_picked":["Cleave","Thunderclap"],"picked":"Battle Trance","floor":1},{"not_picked":["Hemokinesis","Pummel"],"picked":"Flex","floor":3},{"not_picked":["Anger","Clothesline","Armaments"],"picked":"SKIP","floor":4},{"not_picked":["Clash","Armaments","Body Slam"],"picked":"SKIP","floor":5},{"not_picked":["Ghostly Armor","Twin Strike","Spot Weakness"],"picked":"SKIP","floor":10},{"not_picked":["Blood for Blood","Bloodletting","Feel No Pain"],"picked":"SKIP","floor":12},{"not_picked":["Heavy Blade","Clash"],"picked":"Whirlwind","floor":13},{"not_picked":["Barricade","Entrench","Flame Barrier"],"picked":"SKIP","floor":14},{"not_picked":["Flame Barrier"],"picked":"SKIP","floor":18},{"not_picked":["Anger"],"picked":"SKIP","floor":24},{"not_picked":["Shrug It Off"],"picked":"SKIP","floor":27},{"not_picked":["Rupture+1"],"picked":"SKIP","floor":30},{"not_picked":["Power Through"],"picked":"SKIP","floor":31},{"not_picked":[],"picked":"Seeing Red","floor":35},{"not_picked":["Dual Wield+1"],"picked":"SKIP","floor":36},{"not_picked":["Searing Blow"],"picked":"SKIP","floor":37},{"not_picked":["Twin Strike"],"picked":"SKIP","floor":39},{"not_picked":["Twin Strike"],"picked":"SKIP","floor":39},{"not_picked":["Armaments"],"picked":"SKIP","floor":41},{"not_picked":["Evolve"],"picked":"SKIP","floor":44},{"not_picked":["Wild Strike+1"],"picked":"SKIP","floor":47},{"not_picked":["Pommel Strike"],"picked":"SKIP","floor":48}],"player_experience":472551,"relics_obtained":[{"floor":9,"key":"Bag of Preparation"},{"floor":14,"key":"Anchor"},{"floor":26,"key":"War Paint"},{"floor":27,"key":"Unceasing Top"},{"floor":43,"key":"Ornamental Fan"}],"event_choices":[{"damage_healed":0,"gold_gain":0,"player_choice":"Got Potions","damage_taken":0,"max_hp_gain":0,"max_hp_loss":0,"event_name":"Lab","floor":2,"gold_loss":0},{"cards_removed":["Strike_R"],"damage_healed":0,"gold_gain":0,"player_choice":"Gave Gold","damage_taken":0,"max_hp_gain":0,"max_hp_loss":0,"event_name":"Beggar","floor":19,"gold_loss":75},{"damage_healed":0,"gold_gain":0,"player_choice":"Ignored","damage_taken":0,"max_hp_gain":0,"max_hp_loss":0,"event_name":"Ghosts","floor":20,"gold_loss":0},{"damage_healed":0,"gold_gain":0,"player_choice":"Inject Mutagens","damage_taken":0,"relics_obtained":["MutagenicStrength"],"max_hp_gain":0,"max_hp_loss":0,"event_name":"Drug Dealer","floor":21,"gold_loss":0},{"cards_removed":["Strike_R"],"damage_healed":0,"gold_gain":0,"player_choice":"Purged","damage_taken":0,"max_hp_gain":0,"max_hp_loss":0,"event_name":"Purifier","floor":29,"gold_loss":0},{"cards_removed":["Berserk"],"damage_healed":0,"gold_gain":0,"player_choice":"Removed Power","damage_taken":0,"max_hp_gain":0,"max_hp_loss":0,"event_name":"Falling","floor":42,"gold_loss":0},{"cards_removed":["Twin Strike"],"damage_healed":5,"gold_gain":0,"player_choice":"Offered Common","damage_taken":0,"max_hp_gain":0,"max_hp_loss":0,"event_name":"Bonfire Elementals","floor":46,"gold_loss":0},{"cards_removed":["Twin Strike"],"damage_healed":5,"gold_gain":0,"player_choice":"Offered Special","damage_taken":0,"max_hp_gain":0,"max_hp_loss":0,"event_name":"Bonfire Elementals","floor":46,"gold_loss":0}],"is_beta":false,"boss_relics":[{"not_picked":["Mark of Pain","Empty Cage"],"picked":"Busted Crown"},{"not_picked":["Eternal Feather","Runic Pyramid"],"picked":"Pandora\u0027s Box"}],"items_purged_floors":[22,28,38],"is_endless":false,"potions_floor_spawned":[1,10,13,14,18,31,33,36,37,39],"ascension_level":0}