{"gold_per_floor":[109,34,34,54,54,54,229,260,260,106,139,139,139,158,158,286,286,304,317,317,26,26,26,40,40,40,54,54,54,54],"floor_reached":30,"playtime":1065,"items_purged":["Strike_R","Doubt"],"score":318,"play_id":"19785a01-c667-423b-a5ca-e642740bcac8","local_time":"20190623140316","is_ascension_mode":true,"campfire_choices":[{"data":"Body Slam","floor":6,"key":"SMITH"},{"floor":13,"key":"REST"},{"floor":15,"key":"REST"},{"data":"Flame Barrier","floor":23,"key":"SMITH"},{"data":"Shrug It Off","floor":25,"key":"SMITH"},{"data":"Bludgeon","floor":29,"key":"SMITH"}],"neow_cost":"NONE","seed_source_timestamp":808963808953356,"circlet_count":0,"master_deck":["Defend_R+1","Defend_R+1","Defend_R+1","Defend_R+1","Bash","Body Slam+1","Dropkick","Bludgeon+1","Flame Barrier+1","Shrug It Off+1","Reaper","Bite","Bite","Bite","Bite","Bite","Body Slam+1"],"relics":["Burning Blood","Happy Flower","Golden Idol","Nunchaku","Question Card","Mummified Hand","Eternal Feather","Calipers","Champion Belt"],"potions_floor_usage":[30,30],"damage_taken":[{"damage":7,"enemies":"Small Slimes","floor":1,"turns":3},{"damage":6,"enemies":"Cultist","floor":4,"turns":3},{"damage":16,"enemies":"Gremlin Nob","floor":8,"turns":3},{"damage":39,"enemies":"Lagavulin","floor":11,"turns":4},{"damage":0,"enemies":"Jaw Worm","floor":14,"turns":3},{"damage":58,"enemies":"Slime Boss","floor":16,"turns":11},{"damage":12,"enemies":"Chosen","floor":18,"turns":6},{"damage":24,"enemies":"Spheric Guardian","floor":19,"turns":5},{"damage":20,"enemies":"Centurion and Healer","floor":24,"turns":8},{"damage":29,"enemies":"Shelled Parasite and Fungi","floor":27,"turns":7},{"damage":59,"enemies":"Gremlin Leader","floor":30,"turns":7}],"seed_played":"8810695880970351079","potions_obtained":[{"floor":8,"key":"Ancient Potion"},{"floor":11,"key":"EssenceOfSteel"},{"floor":18,"key":"SteroidPotion"}],"is_trial":false,"path_per_floor":["M","$","?","M","?","R","?","E","T","$","E","$","R","M","R","B",null,"M","M","?","$","?","R","M","R","T","M","?","R","E"],"character_chosen":"IRONCLAD","items_purchased":["Shrug It Off","Calipers"],"campfire_rested":2,"item_purchase_floors":[10,21],"current_hp_per_floor":[79,79,79,79,74,74,74,64,64,64,31,31,53,59,74,22,61,59,41,41,41,41,50,51,51,51,38,38,47,0],"gold":54,"neow_bonus":"RANDOM_COMMON_RELIC","is_prod":false,"is_daily":false,"chose_seed":false,"campfire_upgraded":4,"win_rate":0,"timestamp":1561291396,"path_taken":["M","$","?","?","?","R","?","E","T","$","E","?","R","M","R","BOSS","M","M","?","$","?","R","M","R","T","?","?","R","E"],"build_version":"2019-01-23","purchased_purges":2,"victory":false,"max_hp_per_floor":[80,80,80,80,74,74,74,74,74,74,74,74,74,74,74,74,74,74,74,51,51,51,51,51,51,51,51,51,51,51],"card_choices":[{"not_picked":["True Grit","Sentinel"],"picked":"Body Slam","floor":1},{"not_picked":["Wild Strike","Uppercut"],"picked":"Flame Barrier","floor":4},{"not_picked":["Searing Blow","Thunderclap","Disarm"],"picked":"SKIP","floor":8},{"not_picked":["Double Tap","Pommel Strike","Corruption","Thunderclap"],"picked":"SKIP","floor":11},{"not_picked":["Infernal Blade","Clothesline","Warcry","Armaments"],"picked":"SKIP","floor":14},{"not_picked":["Fiend Fire","Immolate","Dark Embrace"],"picked":"Reaper","floor":16},{"not_picked":["Clash","Thunderclap","Combust","Anger+1"],"picked":"SKIP","floor":18},{"not_picked":["Havoc","Shrug It Off","Feel No Pain","Pommel Strike"],"picked":"SKIP","floor":19},{"not_picked":["Carnage+1","Flame Barrier","Armaments+1","Twin Strike"],"picked":"SKIP","floor":24},{"not_picked":["Infernal Blade","Sword Boomerang+1","Perfected Strike","Thunderclap"],"picked":"SKIP","floor":27}],"player_experience":303620,"relics_obtained":[{"floor":8,"key":"Nunchaku"},{"floor":9,"key":"Question Card"},{"floor":11,"key":"Mummified Hand"},{"floor":26,"key":"Champion Belt"}],"event_choices":[{"damage_healed":0,"gold_gain":0,"player_choice":"2 cards matched","damage_taken":0,"max_hp_gain":0,"max_hp_loss":0,"event_name":"Match and Keep!","floor":3,"gold_loss":0,"cards_obtained":["Dropkick","Bludgeon"]},{"damage_healed":0,"gold_gain":0,"player_choice":"Lose Max HP","damage_taken":0,"relics_obtained":["Golden Idol"],"max_hp_gain":0,"max_hp_loss":6,"event_name":"Golden Idol","floor":5,"gold_loss":0},{"damage_healed":0,"gold_gain":175,"player_choice":"AGREE","damage_taken":0,"max_hp_gain":0,"max_hp_loss":0,"event_name":"Liars Game","floor":7,"gold_loss":0,"cards_obtained":["Doubt"]},{"damage_healed":0,"gold_gain":0,"player_choice":"Became a vampire","damage_taken":0,"max_hp_gain":0,"max_hp_loss":23,"event_name":"Vampires","floor":20,"gold_loss":0,"cards_obtained":["Bite","Bite","Bite","Bite","Bite"]},{"damage_healed":0,"gold_gain":0,"player_choice":"Copied","damage_taken":0,"max_hp_gain":0,"max_hp_loss":0,"event_name":"Duplicator","floor":22,"gold_loss":0,"cards_obtained":["Body Slam"]},{"damage_healed":0,"gold_gain":0,"player_choice":"Simplicity","damage_taken":0,"max_hp_gain":0,"max_hp_loss":0,"event_name":"Back to Basics","floor":28,"gold_loss":0,"cards_upgraded":["Defend_R","Defend_R","Defend_R","Defend_R"]}],"is_beta":false,"boss_relics":[{"not_picked":["Snecko Eye","Astrolabe"],"picked":"Eternal Feather"}],"items_purged_floors":[2,10],"is_endless":false,"potions_floor_spawned":[8,11,18,19,24],"killed_by":"Gremlin Leader","ascension_level":5}