{"gold_per_floor":[361,379,393,227,227,255,255,280,280,300,329,340,340,360,360,438,438,451,451,23,40,60,86,99,154,154,179,179,198,178,118,118,192,192,205,232,232,33,48,79,79,111,111,111,136,36,36,49,49,49,49,49,49,7,37,37],"floor_reached":57,"playtime":3755,"items_purged":["Strike_R","Strike_R","Defend_R"],"score":2936,"play_id":"9e3c607a-1cd2-4fc1-88ce-29c3cabf0c8d","local_time":"20190706174603","is_ascension_mode":true,"campfire_choices":[{"data":"Bludgeon","floor":7,"key":"SMITH"},{"data":"Demon Form","floor":13,"key":"SMITH"},{"data":"Whirlwind","floor":15,"key":"SMITH"},{"data":"Uppercut","floor":28,"key":"SMITH"},{"data":"Offering","floor":32,"key":"SMITH"},{"floor":47,"key":"RECALL"},{"data":"Impervious","floor":49,"key":"SMITH"},{"data":"Impervious","floor":53,"key":"SMITH"}],"neow_cost":"TEN_PERCENT_HP_LOSS","seed_source_timestamp":318581693964484,"circlet_count":0,"master_deck":["AscendersBane","Strike_R","Defend_R","Defend_R","Armaments+1","Uppercut+1","Bludgeon+1","Inflame","Demon Form+1","Feed","Shrug It Off+1","Whirlwind+1","Offering+1","Flame Barrier","Reaper","Impervious+1","Double Tap+1","Battle Trance+1","Demon Form+1","Impervious+1","Flame Barrier+1","Barricade+1"],"relics":["Burning Blood","Bag of Marbles","Singing Bowl","Shuriken","Meat on the Bone","Champion Belt","Snecko Eye","Self Forming Clay","War Paint","Tiny Chest","The Courier","Astrolabe","Dream Catcher","Omamori","Oddly Smooth Stone","Gremlin Horn","Frozen Egg 2","Sundial","Lantern"],"potions_floor_usage":[8,11,18,39,51,56,56],"damage_taken":[{"damage":7,"enemies":"Small Slimes","floor":1,"turns":3},{"damage":12,"enemies":"Cultist","floor":2,"turns":4},{"damage":0,"enemies":"2 Louse","floor":3,"turns":3},{"damage":8,"enemies":"Gremlin Nob","floor":6,"turns":3},{"damage":10,"enemies":"3 Sentries","floor":8,"turns":6},{"damage":18,"enemies":"Exordium Thugs","floor":10,"turns":5},{"damage":8,"enemies":"Gremlin Nob","floor":11,"turns":3},{"damage":0,"enemies":"Looter","floor":12,"turns":2},{"damage":0,"enemies":"Large Slime","floor":14,"turns":1},{"damage":45,"enemies":"Hexaghost","floor":16,"turns":9},{"damage":0,"enemies":"2 Thieves","floor":18,"turns":1},{"damage":0,"enemies":"Chosen","floor":21,"turns":2},{"damage":21,"enemies":"Snake Plant","floor":22,"turns":3},{"damage":6,"enemies":"Gremlin Leader","floor":23,"turns":4},{"damage":0,"enemies":"Chosen and Byrds","floor":24,"turns":6},{"damage":18,"enemies":"Book of Stabbing","floor":25,"turns":3},{"damage":18,"enemies":"Slavers","floor":27,"turns":4},{"damage":16,"enemies":"Sentry and Sphere","floor":29,"turns":5},{"damage":41,"enemies":"Collector","floor":33,"turns":8},{"damage":6,"enemies":"3 Shapes","floor":35,"turns":4},{"damage":33,"enemies":"3 Darklings","floor":39,"turns":5},{"damage":60,"enemies":"Reptomancer","floor":40,"turns":4},{"damage":10,"enemies":"Nemesis","floor":42,"turns":7},{"damage":6,"enemies":"Reptomancer","floor":45,"turns":2},{"damage":24,"enemies":"Maw","floor":48,"turns":5},{"damage":24,"enemies":"Time Eater","floor":50,"turns":8},{"damage":25,"enemies":"Awakened One","floor":51,"turns":10},{"damage":29,"enemies":"Shield and Spear","floor":55,"turns":7},{"damage":73,"enemies":"The Heart","floor":56,"turns":9}],"seed_played":"-7655062200312420184","potions_obtained":[{"floor":1,"key":"Strength Potion"},{"floor":2,"key":"Fire Potion"},{"floor":10,"key":"Fire Potion"},{"floor":14,"key":"AttackPotion"},{"floor":22,"key":"SkillPotion"},{"floor":23,"key":"AttackPotion"},{"floor":30,"key":"SteroidPotion"},{"floor":39,"key":"Dexterity Potion"},{"floor":55,"key":"Regen Potion"}],"is_trial":false,"path_per_floor":["M","M","M","$","?","E","R","E","T","M","E","M","R","M","R","B",null,"M","?","$","M","M","E","M","E","T","E","R","M","?","$","R","B",null,"M","T","?","$","M","E","?","E","T","T","E","$","R","M","R","B","B",null,"R","$","E","B",null],"character_chosen":"IRONCLAD","items_purchased":["Bag of Marbles","Self Forming Clay","Offering","Impervious","Block Potion"],"campfire_rested":0,"item_purchase_floors":[4,20,20,38,54],"current_hp_per_floor":[67,61,67,67,67,67,67,63,63,53,51,57,57,63,63,38,65,73,73,73,76,63,63,74,76,76,78,78,70,70,70,70,76,91,97,97,97,97,104,62,62,93,93,93,108,108,108,92,92,97,111,111,111,111,117,68],"gold":37,"neow_bonus":"TWO_FIFTY_GOLD","is_prod":false,"is_daily":false,"chose_seed":false,"campfire_upgraded":7,"win_rate":0,"timestamp":1562402763,"path_taken":["M","M","M","$","?","E","R","E","T","M","E","?","R","M","R","BOSS","M","?","$","?","M","E","M","E","T","E","R","M","?","$","R","BOSS","M","?","?","$","M","E","?","E","T","?","E","$","R","M","R","BOSS","BOSS","R","$","E","BOSS"],"build_version":"2019-07-05","purchased_purges":3,"victory":true,"max_hp_per_floor":[68,68,68,68,68,70,70,70,70,72,72,72,72,72,72,74,74,76,76,76,76,78,78,83,85,85,90,90,92,92,92,92,96,96,102,102,102,102,104,106,106,108,108,108,108,108,108,108,108,108,111,111,111,111,117,120],"card_choices":[{"not_picked":["Power Through","Warcry"],"picked":"Armaments","floor":1},{"not_picked":["Bloodletting","Armaments"],"picked":"Anger","floor":2},{"not_picked":["Headbutt","Body Slam"],"picked":"Uppercut","floor":3},{"not_picked":["Brutality","Body Slam","Iron Wave"],"picked":"Singing Bowl","floor":6},{"not_picked":["True Grit","Sword Boomerang"],"picked":"Demon Form","floor":8},{"not_picked":["Pommel Strike","Twin Strike","Entrench"],"picked":"Singing Bowl","floor":10},{"not_picked":["Cleave","Metallicize"],"picked":"Feed","floor":11},{"not_picked":["Body Slam","Carnage"],"picked":"Shrug It Off","floor":12},{"not_picked":["Thunderclap","Cleave"],"picked":"Whirlwind","floor":14},{"not_picked":["Bludgeon","Exhume","Berserk"],"picked":"Singing Bowl","floor":16},{"not_picked":["Headbutt","Anger","Clash"],"picked":"Singing Bowl","floor":18},{"not_picked":["Sword Boomerang+1","Armaments"],"picked":"Flame Barrier","floor":21},{"not_picked":["Thunderclap","Warcry","Armaments"],"picked":"Singing Bowl","floor":22},{"not_picked":["Shrug It Off+1","Warcry"],"picked":"Reaper","floor":23},{"not_picked":["Metallicize+1","Shrug It Off","Flex"],"picked":"Singing Bowl","floor":24},{"not_picked":["Clothesline+1","Spot Weakness","Armaments"],"picked":"Singing Bowl","floor":25},{"not_picked":["Warcry","Sentinel","Pummel"],"picked":"Singing Bowl","floor":27},{"not_picked":["Pommel Strike","Warcry","Shockwave"],"picked":"Singing Bowl","floor":29},{"not_picked":["Exhume","Bludgeon"],"picked":"Impervious","floor":33},{"not_picked":["Sword Boomerang","Body Slam","Feel No Pain"],"picked":"Singing Bowl","floor":35},{"not_picked":["Pommel Strike","Iron Wave+1","Uppercut"],"picked":"Singing Bowl","floor":39},{"not_picked":["Uppercut","Pommel Strike","Havoc"],"picked":"Singing Bowl","floor":40},{"not_picked":["Shrug It Off","Flex","Inflame+1"],"picked":"Singing Bowl","floor":42},{"not_picked":["Iron Wave","True Grit"],"picked":"Flame Barrier+1","floor":45},{"not_picked":["Wild Strike","True Grit"],"picked":"Barricade+1","floor":48},{"not_picked":["Inflame+1","Warcry","Pommel Strike"],"picked":"Singing Bowl","floor":55}],"player_experience":548148,"relics_obtained":[{"floor":6,"key":"Singing Bowl"},{"floor":8,"key":"Shuriken"},{"floor":9,"key":"Meat on the Bone"},{"floor":11,"key":"Champion Belt"},{"floor":23,"key":"War Paint"},{"floor":25,"key":"Tiny Chest"},{"floor":27,"key":"The Courier"},{"floor":36,"key":"Dream Catcher"},{"floor":40,"key":"Omamori"},{"floor":42,"key":"Oddly Smooth Stone"},{"floor":43,"key":"Gremlin Horn"},{"floor":44,"key":"Frozen Egg 2"},{"floor":45,"key":"Sundial"},{"floor":55,"key":"Lantern"}],"event_choices":[{"damage_healed":0,"gold_gain":0,"player_choice":"2 cards matched","damage_taken":0,"max_hp_gain":0,"max_hp_loss":0,"event_name":"Match and Keep!","floor":5,"gold_loss":0,"cards_obtained":["Bludgeon","Inflame"]},{"cards_removed":["Anger"],"damage_healed":0,"gold_gain":0,"player_choice":"Card Removal","damage_taken":0,"max_hp_gain":0,"max_hp_loss":0,"event_name":"Wheel of Change","floor":19,"gold_loss":0},{"damage_healed":0,"gold_gain":0,"player_choice":"Bought 1 Potion","damage_taken":0,"max_hp_gain":0,"max_hp_loss":0,"event_name":"The Woman in Blue","floor":30,"gold_loss":0},{"cards_removed":["Bash"],"damage_healed":0,"gold_gain":0,"player_choice":"Removed Attack","damage_taken":0,"max_hp_gain":0,"max_hp_loss":0,"event_name":"Falling","floor":37,"gold_loss":0},{"damage_healed":0,"gold_gain":0,"player_choice":"Ignored","damage_taken":0,"max_hp_gain":0,"max_hp_loss":0,"event_name":"Tomb of Lord Red Mask","floor":41,"gold_loss":0}],"is_beta":false,"boss_relics":[{"not_picked":["Runic Pyramid","White Beast Statue"],"picked":"Snecko Eye"},{"not_picked":["Black Blood","Lizard Tail"],"picked":"Astrolabe"}],"items_purged_floors":[31,38,46],"is_endless":false,"potions_floor_spawned":[1,2,10,14,22,23,24,35,39,48,55],"ascension_level":20}