{"gold_per_floor":[118,135,135,310,310,310,349,364,364,364,379,16,16,31,31,156,156,179,192,235,248,173,234,234,234,257,257,257,8,23,42,42,42],"floor_reached":33,"playtime":2885,"items_purged":[],"score":292,"play_id":"1217c824-5ef1-4f6f-b00e-807a4b7d36eb","local_time":"20190703004032","is_ascension_mode":true,"campfire_choices":[{"data":"All Out Attack","floor":6,"key":"SMITH"},{"data":"Backstab","floor":10,"key":"SMITH"},{"data":"After Image","floor":15,"key":"SMITH"},{"data":"After Image","floor":24,"key":"SMITH"},{"data":"Prepared","floor":28,"key":"SMITH"},{"data":"Tactician","floor":32,"key":"SMITH"}],"neow_cost":"NONE","seed_source_timestamp":298666426984100,"circlet_count":0,"master_deck":["Strike_G","Strike_G","Strike_G","Strike_G","Strike_G","Defend_G","Defend_G","Defend_G","Defend_G","Survivor","Neutralize","Slice","All Out Attack+1","Reflex","Backstab+1","Dagger Throw","After Image+1","Impatience","Prepared+1","Envenom","Slice","Tactician+1","Predator+1","After Image+1","Bane","Finesse","Escape Plan","Reflex"],"relics":["Coffee Dripper","Golden Idol","Dead Branch","Mercury Hourglass","Lee\u0027s Waffle","Runic Pyramid","Red Mask","Tiny Chest","Vajra","Snake Skull","Membership Card"],"potions_floor_usage":[19,21,23,33],"damage_taken":[{"damage":0,"enemies":"2 Louse","floor":1,"turns":3},{"damage":3,"enemies":"Jaw Worm","floor":2,"turns":4},{"damage":43,"enemies":"Lagavulin","floor":7,"turns":9},{"damage":0,"enemies":"Small Slimes","floor":8,"turns":4},{"damage":0,"enemies":"Looter","floor":11,"turns":1},{"damage":0,"enemies":"Exordium Thugs","floor":14,"turns":2},{"damage":33,"enemies":"Hexaghost","floor":16,"turns":10},{"damage":10,"enemies":"Shell Parasite","floor":18,"turns":4},{"damage":0,"enemies":"Chosen","floor":19,"turns":4},{"damage":10,"enemies":"Masked Bandits","floor":20,"turns":6},{"damage":37,"enemies":"Snecko","floor":21,"turns":6},{"damage":26,"enemies":"Book of Stabbing","floor":23,"turns":5},{"damage":1,"enemies":"Cultist and Chosen","floor":30,"turns":4},{"damage":21,"enemies":"Snake Plant","floor":31,"turns":4},{"damage":19,"enemies":"Automaton","floor":33,"turns":6}],"seed_played":"-3284657814239940441","potions_obtained":[{"floor":8,"key":"Poison Potion"},{"floor":14,"key":"GhostInAJar"},{"floor":16,"key":"Ancient Potion"},{"floor":18,"key":"Regen Potion"},{"floor":30,"key":"FearPotion"},{"floor":31,"key":"Dexterity Potion"}],"is_trial":false,"path_per_floor":["M","M","?","?","?","R","E","M","T","R","M","$","?","M","R","B",null,"M","M","?","M","?","E","R","?","T","T","R","$","M","M","R","B"],"character_chosen":"THE_SILENT","items_purchased":["Lee\u0027s Waffle","After Image","Impatience","Membership Card","Finesse"],"campfire_rested":0,"item_purchase_floors":[12,12,12,29,29],"current_hp_per_floor":[70,67,50,50,55,55,12,12,12,12,12,82,82,82,82,49,82,72,72,62,39,39,13,13,40,40,40,40,40,39,18,18,0],"gold":42,"neow_bonus":"BOSS_RELIC","is_prod":false,"is_daily":false,"chose_seed":false,"campfire_upgraded":6,"win_rate":0,"timestamp":1562107232,"path_taken":["M","M","?","?","?","R","E","M","T","R","M","$","?","M","R","BOSS","M","M","?","M","?","E","R","?","T","?","R","$","M","?","R","BOSS"],"build_version":"2019-07-01","purchased_purges":0,"victory":false,"max_hp_per_floor":[70,70,70,70,75,75,75,75,75,75,75,82,82,82,82,82,82,82,82,82,82,82,82,82,82,82,82,82,82,82,82,82,82],"card_choices":[{"not_picked":["Dagger Spray","Flechettes"],"picked":"Slice","floor":1},{"not_picked":["Cloak And Dagger","Dodge and Roll"],"picked":"All Out Attack","floor":2},{"not_picked":["Sucker Punch","Underhanded Strike"],"picked":"Reflex","floor":7},{"not_picked":["Deflect","Poisoned Stab"],"picked":"Backstab","floor":8},{"not_picked":["Sucker Punch","Eviscerate"],"picked":"Dagger Throw","floor":11},{"not_picked":["Cloak And Dagger","Dagger Throw"],"picked":"Prepared","floor":14},{"not_picked":["Wraith Form v2","Phantasmal Killer"],"picked":"Envenom","floor":16},{"not_picked":["Flying Knee","Prepared"],"picked":"Slice","floor":18},{"not_picked":["Sucker Punch","Acrobatics+1"],"picked":"Tactician","floor":19},{"not_picked":["Cloak And Dagger","Bane"],"picked":"Predator+1","floor":20},{"not_picked":["Calculated Gamble","Dodge and Roll"],"picked":"After Image","floor":21},{"not_picked":["Dodge and Roll","Masterful Stab+1"],"picked":"Bane","floor":23},{"not_picked":["Acrobatics","Accuracy+1"],"picked":"Escape Plan","floor":30},{"not_picked":["Expertise","Bane"],"picked":"Reflex","floor":31}],"player_experience":83179,"relics_obtained":[{"floor":7,"key":"Dead Branch"},{"floor":9,"key":"Mercury Hourglass"},{"floor":20,"key":"Red Mask"},{"floor":23,"key":"Tiny Chest"},{"floor":26,"key":"Vajra"},{"floor":27,"key":"Snake Skull"}],"event_choices":[{"damage_healed":0,"gold_gain":0,"player_choice":"Take Damage","damage_taken":17,"relics_obtained":["Golden Idol"],"max_hp_gain":0,"max_hp_loss":0,"event_name":"Golden Idol","floor":3,"gold_loss":0},{"damage_healed":0,"gold_gain":175,"player_choice":"AGREE","damage_taken":0,"max_hp_gain":0,"max_hp_loss":0,"event_name":"Liars Game","floor":4,"gold_loss":0,"cards_obtained":["Doubt"]},{"damage_healed":0,"gold_gain":0,"player_choice":"Donut","damage_taken":0,"max_hp_gain":5,"max_hp_loss":0,"event_name":"Big Fish","floor":5,"gold_loss":0},{"cards_removed":["Doubt"],"damage_healed":0,"gold_gain":0,"player_choice":"Purged","damage_taken":0,"max_hp_gain":0,"max_hp_loss":0,"event_name":"Purifier","floor":13,"gold_loss":0},{"damage_healed":0,"gold_gain":0,"player_choice":"Fought Bandits","damage_taken":0,"max_hp_gain":0,"max_hp_loss":0,"event_name":"Masked Bandits","floor":20,"gold_loss":0},{"cards_removed":["Defend_G"],"damage_healed":0,"gold_gain":0,"player_choice":"Gave Gold","damage_taken":0,"max_hp_gain":0,"max_hp_loss":0,"event_name":"Beggar","floor":22,"gold_loss":75},{"damage_healed":27,"gold_gain":0,"player_choice":"Heal","damage_taken":0,"max_hp_gain":0,"max_hp_loss":0,"event_name":"The Library","floor":25,"gold_loss":0}],"is_beta":false,"boss_relics":[{"not_picked":["Velvet Choker","Busted Crown"],"picked":"Runic Pyramid"}],"items_purged_floors":[],"is_endless":false,"potions_floor_spawned":[8,14,16,18,30,31],"killed_by":"Automaton","ascension_level":2}