{"gold_per_floor":[111,111,122,122,122,155,26,26,26,26,26,43,61,94,94,198,198,212,212,224,236,256,286,286,315,341,371,220,220,235,262,262,359,359,374,10,10,30,50,50,79,98,124,124,138,138,152,172,172,172],"floor_reached":50,"playtime":6768,"items_purged":["Strike_B","Defend_B","Defend_B"],"score":723,"play_id":"00c10c77-2c8f-41c3-8729-97d415ba2825","local_time":"20190718031457","is_ascension_mode":true,"campfire_choices":[{"floor":8.0,"key":"RECALL"},{"data":"Zap","floor":11.0,"key":"SMITH"},{"data":"Beam Cell","floor":15.0,"key":"SMITH"},{"floor":24.0,"key":"REST"},{"floor":29.0,"key":"REST"},{"floor":32.0,"key":"REST"},{"data":"Chill","floor":40.0,"key":"SMITH"},{"data":"Loop","floor":44.0,"key":"SMITH"},{"data":"Reinforced Body","floor":49.0,"key":"SMITH"}],"neow_cost":"NONE","seed_source_timestamp":0,"circlet_count":0,"master_deck":["Zap+1","Dualcast","Ball Lightning","Conserve Battery","Conserve Battery","Beam Cell+1","Glacier","Hologram","Echo Form+1","Leap+1","Reinforced Body+1","Conserve Battery","Coolheaded+1","Cold Snap","Defragment+1","Loop+1","Cold Snap","Chill+1","Glacier+1","Blizzard","Undo+1","Redo"],"special_seed":0,"relics":["Cracked Core","NeowsBlessing","Lantern","Singing Bowl","Pear","Centennial Puzzle","Empty Cage","Mercury Hourglass","Art of War","Omamori","Dream Catcher","Turnip","Coffee Dripper","Bronze Scales","Question Card","Boot"],"potions_floor_usage":[50],"damage_taken":[{"damage":0.0,"enemies":"Small Slimes","floor":1.0,"turns":1.0},{"damage":0.0,"enemies":"Cultist","floor":3.0,"turns":1.0},{"damage":0.0,"enemies":"Lagavulin","floor":6.0,"turns":1.0},{"damage":1.0,"enemies":"2 Louse","floor":12.0,"turns":2.0},{"damage":0.0,"enemies":"2 Fungi Beasts","floor":13.0,"turns":3.0},{"damage":25.0,"enemies":"3 Sentries","floor":14.0,"turns":7.0},{"damage":11.0,"enemies":"The Guardian","floor":16.0,"turns":14.0},{"damage":0.0,"enemies":"Shell Parasite","floor":18.0,"turns":8.0},{"damage":21.0,"enemies":"2 Thieves","floor":20.0,"turns":4.0},{"damage":13.0,"enemies":"Chosen and Byrds","floor":21.0,"turns":7.0},{"damage":10.0,"enemies":"Snake Plant","floor":22.0,"turns":3.0},{"damage":24.0,"enemies":"Book of Stabbing","floor":23.0,"turns":11.0},{"damage":37.0,"enemies":"Slavers","floor":25.0,"turns":8.0},{"damage":18.0,"enemies":"Gremlin Leader","floor":27.0,"turns":9.0},{"damage":0.0,"enemies":"Snecko","floor":30.0,"turns":7.0},{"damage":35.0,"enemies":"Slavers","floor":31.0,"turns":6.0},{"damage":33.0,"enemies":"Automaton","floor":33.0,"turns":20.0},{"damage":7.0,"enemies":"3 Darklings","floor":35.0,"turns":8.0},{"damage":0.0,"enemies":"Orb Walker","floor":38.0,"turns":5.0},{"damage":28.0,"enemies":"4 Shapes","floor":39.0,"turns":6.0},{"damage":0.0,"enemies":"Giant Head","floor":41.0,"turns":13.0},{"damage":23.0,"enemies":"Spire Growth","floor":42.0,"turns":7.0},{"damage":30.0,"enemies":"Writhing Mass","floor":45.0,"turns":5.0},{"damage":0.0,"enemies":"3 Darklings","floor":47.0,"turns":4.0},{"damage":7.0,"enemies":"Sphere and 2 Shapes","floor":48.0,"turns":5.0},{"damage":17,"enemies":"Donu and Deca","floor":50,"turns":7}],"seed_played":"-8028248003508197499","potions_obtained":[{"floor":1.0,"key":"SpeedPotion"},{"floor":14.0,"key":"AttackPotion"},{"floor":16.0,"key":"Swift Potion"},{"floor":22.0,"key":"Explosive Potion"},{"floor":23.0,"key":"Regen Potion"},{"floor":27.0,"key":"Explosive Potion"},{"floor":30.0,"key":"Strength Potion"},{"floor":31.0,"key":"Weak Potion"},{"floor":41.0,"key":"Energy Potion"},{"floor":42.0,"key":"Swift Potion"},{"floor":45.0,"key":"SkillPotion"}],"is_trial":false,"path_per_floor":["M","?","M","?","?","E","$","R","T","?","R","M","M","E","R","B",null,"M","?","M","M","M","E","R","E","T","E","$","R","M","E","R","B",null,"M","$","?","M","M","R","E","M","T","R","M","?","M","M","R","B"],"character_chosen":"DEFECT","items_purchased":["Beam Cell","Conserve Battery","Bronze Scales","Loop","Cold Snap"],"campfire_rested":3,"item_purchase_floors":[7,28,36,36,36],"current_hp_per_floor":[75,75,75,72,65,65,65,65,65,75,75,74,76,51,51,40,87,89,89,68,57,49,27,55,33,33,17,17,48,48,15,45,14,103,96,96,96,96,68,68,70,47,47,47,17,17,19,14,14,0],"gold":172,"neow_bonus":"THREE_ENEMY_KILL","is_prod":false,"is_daily":false,"chose_seed":false,"campfire_upgraded":5,"win_rate":0,"timestamp":1563444897,"path_taken":["M","?","?","?","?","E","?","R","T","?","R","M","?","E","R","BOSS","M","?","M","?","M","E","R","E","T","E","$","R","M","E","R","BOSS","M","$","?","M","M","R","E","M","T","R","M","?","M","?","R","BOSS"],"build_version":"2019-07-17","purchased_purges":3,"victory":false,"max_hp_per_floor":[75,75,75,75,75,75,75,75,75,85,85,85,87,87,87,87,87,89,89,89,91,93,95,95,95,95,97,97,99,99,101,101,103,103,103,103,103,103,103,103,105,105,105,105,105,105,107,109,109,109],"card_choices":[{"not_picked":["Sweeping Beam","Reinforced Body"],"picked":"Ball Lightning","floor":1.0},{"not_picked":["Stack","Rip and Tear"],"picked":"Conserve Battery","floor":3.0},{"not_picked":["Amplify","Leap"],"picked":"Conserve Battery","floor":6.0},{"not_picked":["Genetic Algorithm","Coolheaded"],"picked":"Glacier","floor":12.0},{"not_picked":["BootSequence","Steam Power","Sunder"],"picked":"Singing Bowl","floor":13.0},{"not_picked":["Cold Snap","Barrage"],"picked":"Hologram","floor":14.0},{"not_picked":["Meteor Strike","Amplify"],"picked":"Echo Form","floor":16.0},{"not_picked":["Beam Cell","Conserve Battery","Storm"],"picked":"Singing Bowl","floor":18.0},{"not_picked":["Tempest","Gash"],"picked":"Leap+1","floor":20.0},{"not_picked":["Skim","Static Discharge","Chaos"],"picked":"Singing Bowl","floor":21.0},{"not_picked":["Darkness","Go for the Eyes","Melter"],"picked":"Singing Bowl","floor":22.0},{"not_picked":["Fission","Steam+1","Tempest"],"picked":"Singing Bowl","floor":23.0},{"not_picked":["Conserve Battery","Redo+1"],"picked":"Reinforced Body","floor":25.0},{"not_picked":["Leap","Darkness","Doom and Gloom"],"picked":"Singing Bowl","floor":27.0},{"not_picked":["Self Repair","Force Field+1","Leap"],"picked":"Singing Bowl","floor":29.0},{"not_picked":["Ball Lightning+1","Gash"],"picked":"Coolheaded+1","floor":30.0},{"not_picked":["Redo","Heatsinks","Multi-Cast"],"picked":"Singing Bowl","floor":31.0},{"not_picked":["Ball Lightning","Streamline"],"picked":"Cold Snap","floor":32.0},{"not_picked":["Echo Form","All For One","Thunder Strike"],"picked":"Singing Bowl","floor":33.0},{"not_picked":["Leap+1","Storm"],"picked":"Defragment+1","floor":35.0},{"not_picked":["Rebound","Steam+1"],"picked":"Chill","floor":38.0},{"not_picked":["Coolheaded+1","Conserve Battery+1"],"picked":"Glacier+1","floor":39.0},{"not_picked":["Conserve Battery","Hologram","Meteor Strike"],"picked":"Singing Bowl","floor":41.0},{"not_picked":["Fusion+1","Rebound+1","FTL"],"picked":"Blizzard","floor":42.0},{"not_picked":["Skim+1","White Noise","Leap"],"picked":"Undo+1","floor":45.0},{"not_picked":["Gash","Rebound","Turbo+1","Beam Cell"],"picked":"Singing Bowl","floor":47.0},{"not_picked":["Gash","Storm","Streamline","Static Discharge+1"],"picked":"Singing Bowl","floor":48.0}],"player_experience":173539,"relics_obtained":[{"floor":6.0,"key":"Singing Bowl"},{"floor":14.0,"key":"Centennial Puzzle"},{"floor":23.0,"key":"Mercury Hourglass"},{"floor":25.0,"key":"Art of War"},{"floor":26.0,"key":"Omamori"},{"floor":27.0,"key":"Dream Catcher"},{"floor":31.0,"key":"Turnip"},{"floor":41.0,"key":"Question Card"},{"floor":43.0,"key":"Boot"}],"event_choices":[{"cards_removed":["Strike_B"],"damage_healed":0.0,"max_hp_gain":0.0,"max_hp_loss":0.0,"gold_gain":0.0,"event_name":"Purifier","player_choice":"Purged","floor":2.0,"gold_loss":0.0,"damage_taken":0.0},{"damage_healed":0.0,"max_hp_gain":0.0,"max_hp_loss":0.0,"gold_gain":0.0,"event_name":"Scrap Ooze","player_choice":"Success","floor":4.0,"gold_loss":0.0,"damage_taken":3.0,"relics_obtained":["Lantern"]},{"cards_removed":["Defend_B"],"damage_healed":0.0,"max_hp_gain":0.0,"max_hp_loss":0.0,"gold_gain":0.0,"event_name":"Golden Wing","player_choice":"Card Removal","floor":5.0,"gold_loss":0.0,"damage_taken":7.0},{"damage_healed":0.0,"max_hp_gain":0.0,"max_hp_loss":0.0,"gold_gain":0.0,"event_name":"WeMeetAgain","player_choice":"Gave Potion","floor":10.0,"gold_loss":0.0,"damage_taken":0.0,"relics_obtained":["Pear"]},{"damage_healed":0.0,"max_hp_gain":0.0,"max_hp_loss":0.0,"gold_gain":0.0,"event_name":"Upgrade Shrine","player_choice":"Upgraded","floor":19.0,"gold_loss":0.0,"damage_taken":0.0,"cards_upgraded":["Echo Form"]},{"cards_removed":["Defend_B"],"damage_healed":0.0,"max_hp_gain":0.0,"max_hp_loss":0.0,"gold_gain":0.0,"event_name":"Falling","player_choice":"Removed Skill","floor":37.0,"gold_loss":0.0,"damage_taken":0.0},{"damage_healed":0.0,"max_hp_gain":0.0,"max_hp_loss":0.0,"gold_gain":0.0,"event_name":"Match and Keep!","player_choice":"1 cards matched","floor":46.0,"gold_loss":0.0,"damage_taken":0.0,"cards_obtained":["Redo"]}],"is_beta":false,"boss_relics":[{"not_picked":["Ectoplasm","Sozu"],"picked":"Empty Cage"},{"not_picked":["Lizard Tail","Inserter"],"picked":"Coffee Dripper"}],"items_purged_floors":[7,28,36],"is_endless":false,"potions_floor_spawned":[1,14,16,22,23,27,30,31,41,42,45,48],"killed_by":"Donu and Deca","ascension_level":2}