{"gold_per_floor":[110,110,124,140,315,315,390,418,418,434,113,113,142,158,158,253,253,264,249,149,162,162,162],"floor_reached":23,"playtime":1168,"items_purged":["Doubt","Strike_B"],"score":302,"play_id":"54b3940d-802b-4a8a-9978-a735eeea8e0f","local_time":"20190528134951","is_ascension_mode":true,"campfire_choices":[{"data":"Go for the Eyes","floor":6.0,"key":"SMITH"},{"floor":12.0,"key":"REST"},{"data":"FTL","floor":15.0,"key":"SMITH"}],"neow_cost":"NONE","seed_source_timestamp":782628591400,"circlet_count":0,"master_deck":["AscendersBane","Strike_B","Strike_B","Defend_B","Defend_B","Defend_B","Defend_B","Zap","Dualcast","Cold Snap","Static Discharge","Go for the Eyes+1","Self Repair","Consume","FTL+1","Loop","Ball Lightning","Echo Form","Conserve Battery+1"],"special_seed":0,"relics":["FrozenCore","Gremlin Horn","Meat on the Bone","Toxic Egg 2","Symbiotic Virus"],"potions_floor_usage":[23,23],"damage_taken":[{"damage":9.0,"enemies":"2 Louse","floor":1.0,"turns":2.0},{"damage":0.0,"enemies":"Small Slimes","floor":3.0,"turns":3.0},{"damage":4.0,"enemies":"Jaw Worm","floor":4.0,"turns":4.0},{"damage":48.0,"enemies":"Gremlin Nob","floor":8.0,"turns":5.0},{"damage":9.0,"enemies":"Red Slaver","floor":10.0,"turns":4.0},{"damage":11.0,"enemies":"3 Sentries","floor":13.0,"turns":7.0},{"damage":3.0,"enemies":"Gremlin Gang","floor":14.0,"turns":4.0},{"damage":31.0,"enemies":"The Guardian","floor":16.0,"turns":9.0},{"damage":10.0,"enemies":"Chosen","floor":18.0,"turns":5.0},{"damage":17.0,"enemies":"2 Thieves","floor":19.0,"turns":4.0},{"damage":10.0,"enemies":"Chosen and Byrds","floor":21.0,"turns":5.0},{"damage":61,"enemies":"Slavers","floor":23,"turns":4}],"seed_played":"5653753114228003629","potions_obtained":[{"floor":3.0,"key":"SkillPotion"},{"floor":4.0,"key":"GamblersBrew"},{"floor":10.0,"key":"PowerPotion"},{"floor":14.0,"key":"PowerPotion"},{"floor":19.0,"key":"LiquidBronze"},{"floor":21.0,"key":"FocusPotion"}],"is_trial":false,"path_per_floor":["M","?","M","M","?","R","?","E","T","M","$","R","E","M","R","B",null,"M","M","$","M","T","E"],"character_chosen":"DEFECT","items_purchased":["Meat on the Bone"],"campfire_rested":1,"item_purchase_floors":[11],"current_hp_per_floor":[66,66,66,62,62,62,51,10,10,8,8,32,47,51,51,32,70,67,50,50,52,52,0],"gold":162,"neow_bonus":"TEN_PERCENT_HP_BONUS","is_prod":false,"is_daily":false,"chose_seed":false,"campfire_upgraded":2,"win_rate":0,"timestamp":1559065791,"path_taken":["M","?","M","M","?","R","?","E","T","M","?","R","E","M","R","BOSS","M","M","$","M","?","E"],"build_version":"2019-01-23","purchased_purges":2,"victory":false,"max_hp_per_floor":[82,82,82,82,82,82,82,82,82,82,82,82,82,82,82,82,82,82,82,82,82,82,82],"card_choices":[{"not_picked":["Barrage","Aggregate"],"picked":"Cold Snap","floor":1.0},{"not_picked":["Stack","Barrage"],"picked":"Go for the Eyes","floor":3.0},{"not_picked":["Chaos","Sweeping Beam"],"picked":"Self Repair","floor":4.0},{"not_picked":["Gash","Beam Cell"],"picked":"Consume","floor":8.0},{"not_picked":["Hologram","Stack"],"picked":"FTL","floor":10.0},{"not_picked":["Go for the Eyes","White Noise"],"picked":"Loop","floor":13.0},{"not_picked":["Auto Shields+1","Go for the Eyes"],"picked":"Ball Lightning","floor":14.0},{"not_picked":["Multi-Cast+1","Rainbow+1"],"picked":"Echo Form","floor":16.0},{"not_picked":["Heatsinks","Rebound"],"picked":"Conserve Battery+1","floor":18.0},{"not_picked":["Rebound","Steam+1","Force Field+1"],"picked":"SKIP","floor":19.0},{"not_picked":["Reprogram+1","Redo+1","Turbo+1"],"picked":"SKIP","floor":21.0}],"player_experience":362837,"relics_obtained":[{"floor":8.0,"key":"Gremlin Horn"},{"floor":13.0,"key":"Toxic Egg 2"},{"floor":22.0,"key":"Symbiotic Virus"}],"event_choices":[{"damage_healed":0.0,"max_hp_gain":0.0,"max_hp_loss":0.0,"gold_gain":0.0,"cards_transformed":["Strike_B"],"event_name":"Living Wall","player_choice":"Change","floor":2.0,"gold_loss":0.0,"damage_taken":0.0,"cards_obtained":["Static Discharge"]},{"damage_healed":0.0,"max_hp_gain":0.0,"max_hp_loss":0.0,"gold_gain":175.0,"event_name":"Liars Game","player_choice":"AGREE","floor":5.0,"gold_loss":0.0,"damage_taken":0.0,"cards_obtained":["Doubt"]},{"damage_healed":0.0,"max_hp_gain":0.0,"max_hp_loss":0.0,"gold_gain":75.0,"event_name":"World of Goop","player_choice":"Gather Gold","floor":7.0,"gold_loss":0.0,"damage_taken":11.0}],"is_beta":false,"boss_relics":[{"not_picked":["Pandora\u0027s Box","Runic Dome"],"picked":"FrozenCore"}],"items_purged_floors":[11,20],"is_endless":false,"potions_floor_spawned":[3,4,10,14,19,21],"killed_by":"Slavers","ascension_level":10}