{"gold_per_floor":[117,117,128,20,34,34,59,59,59,74,74,20,32,107,107,209,209,226,22,51,62,82,82,109,109,109,124,124,124,124,135,135,230,230,243,261,0,11,11,45,120,135,135,170,170,170,23,38,38,38],"floor_reached":50,"playtime":5108,"items_purged":[],"score":597,"play_id":"8fa95b4f-419a-4ac7-93a8-1e8a1ea23088","local_time":"20190627085200","is_ascension_mode":true,"campfire_choices":[{"data":"Inflame","floor":6.0,"key":"SMITH"},{"data":"Metallicize","floor":8.0,"key":"SMITH"},{"floor":11.0,"key":"REST"},{"data":"Battle Trance","floor":15.0,"key":"SMITH"},{"data":"Flex","floor":23.0,"key":"SMITH"},{"floor":25.0,"key":"REST"},{"floor":28.0,"key":"REST"},{"data":"Spot Weakness","floor":30.0,"key":"SMITH"},{"data":"Fire Breathing","floor":32.0,"key":"SMITH"},{"floor":46,"key":"REST"},{"floor":49,"key":"REST"}],"neow_cost":"PERCENT_DAMAGE","seed_source_timestamp":0,"circlet_count":0,"master_deck":["Strike_R","Strike_R","Strike_R","Strike_R","Strike_R","Defend_R","Bash","Perfected Strike","Battle Trance+1","Flex+1","Fire Breathing+1","Dropkick","Inflame+1","Spot Weakness+1","Body Slam+1","Pommel Strike+1","Heavy Blade+1","Reaper+1","Sword Boomerang+1","Sever Soul+1","Reckless Charge+1","Cleave+1","Perfected Strike+1","Clash+1","Impervious","Sword Boomerang+1","Infernal Blade","Clash+1","Flex","Heavy Blade+1","Carnage+1","Rage+1","Thunderclap+1","Mind Blast+1","Panache","Secret Technique","Inflame+1"],"special_seed":0,"relics":["Burning Blood","Molten Egg 2","Sundial","Velvet Choker","OrangePellets","Red Mask","Bottled Flame","Self Forming Clay","Runic Cube","MealTicket","Bronze Scales","Omamori","Gambling Chip","Ancient Tea Set"],"potions_floor_usage":[50,50],"damage_taken":[{"damage":6.0,"enemies":"Jaw Worm","floor":1.0,"turns":2.0},{"damage":0.0,"enemies":"Cultist","floor":3.0,"turns":2.0},{"damage":0.0,"enemies":"2 Louse","floor":5.0,"turns":2.0},{"damage":15.0,"enemies":"Lagavulin","floor":7.0,"turns":5.0},{"damage":13.0,"enemies":"Red Slaver","floor":10.0,"turns":2.0},{"damage":3.0,"enemies":"Lots of Slimes","floor":13.0,"turns":3.0},{"damage":37.0,"enemies":"The Guardian","floor":16.0,"turns":5.0},{"damage":1.0,"enemies":"Chosen","floor":18.0,"turns":3.0},{"damage":26.0,"enemies":"Masked Bandits","floor":20.0,"turns":4.0},{"damage":19.0,"enemies":"Shell Parasite","floor":21.0,"turns":3.0},{"damage":6.0,"enemies":"Snecko","floor":22.0,"turns":3.0},{"damage":21.0,"enemies":"Slavers","floor":24.0,"turns":3.0},{"damage":22.0,"enemies":"Sentry and Sphere","floor":27.0,"turns":4.0},{"damage":10.0,"enemies":"Snake Plant","floor":31.0,"turns":2.0},{"damage":65.0,"enemies":"Collector","floor":33.0,"turns":7.0},{"damage":5,"enemies":"3 Shapes","floor":35,"turns":2},{"damage":7,"enemies":"Orb Walker","floor":36,"turns":2},{"damage":16,"enemies":"3 Darklings","floor":38,"turns":3},{"damage":50,"enemies":"Reptomancer","floor":40,"turns":5},{"damage":0,"enemies":"Transient","floor":42,"turns":5},{"damage":7,"enemies":"Nemesis","floor":44,"turns":5},{"damage":10,"enemies":"Jaw Worm Horde","floor":48,"turns":3},{"damage":136,"enemies":"Time Eater","floor":50,"turns":8}],"seed_played":"6388070715718904146","potions_obtained":[{"floor":3.0,"key":"FearPotion"},{"floor":7.0,"key":"AttackPotion"},{"floor":13.0,"key":"Swift Potion"},{"floor":18.0,"key":"Ancient Potion"},{"floor":21.0,"key":"Fire Potion"},{"floor":24.0,"key":"FairyPotion"},{"floor":27.0,"key":"Explosive Potion"},{"floor":35,"key":"SpeedPotion"},{"floor":42,"key":"AttackPotion"}],"is_trial":false,"path_per_floor":["M","?","M","$","M","R","E","R","T","M","R","$","M","?","R","B",null,"M","$","?","M","M","R","E","R","T","M","R","?","R","M","R","B",null,"M","M","$","M","$","E","?","M","T","E","?","R","$","M","R","B"],"character_chosen":"IRONCLAD","items_purchased":["Fire Breathing","Dropkick","Pommel Strike+1","OrangePellets","MealTicket","Clash+1","Flex","Ancient Tea Set"],"campfire_rested":5,"item_purchase_floors":[4,4,12,19,37,37,37,47],"current_hp_per_floor":[56,56,62,62,68,68,59,59,59,52,76,76,79,68,68,37,80,80,80,66,64,64,64,49,73,73,57,80,80,80,76,76,21,80,80,79,79,69,80,36,28,50,50,49,39,63,63,59,80,0],"gold":38,"neow_bonus":"TRANSFORM_TWO_CARDS","is_prod":false,"is_daily":false,"chose_seed":false,"campfire_upgraded":6,"win_rate":0,"timestamp":1561618320,"path_taken":["M","?","?","$","M","R","E","R","T","M","R","?","M","?","R","BOSS","M","$","?","M","M","R","E","R","T","M","R","?","R","?","R","BOSS","M","?","$","M","$","E","?","?","T","E","?","R","?","M","R","BOSS"],"build_version":"2019-01-23","purchased_purges":0,"victory":false,"max_hp_per_floor":[80,80,80,80,80,80,80,80,80,80,80,80,80,80,80,80,80,80,80,80,80,80,80,80,80,80,80,80,80,80,80,80,80,80,80,80,80,80,80,80,80,80,80,80,80,80,80,80,80,80],"card_choices":[{"not_picked":["Headbutt","Pommel Strike"],"picked":"Flex","floor":1.0},{"not_picked":["Blood for Blood","Shrug It Off"],"picked":"Metallicize","floor":3.0},{"not_picked":["Sever Soul","Heavy Blade"],"picked":"Inflame","floor":5.0},{"not_picked":["Rupture","Shrug It Off"],"picked":"Spot Weakness","floor":7.0},{"not_picked":["Combust","Impervious"],"picked":"Body Slam+1","floor":10.0},{"not_picked":["Headbutt+1","Combust"],"picked":"Heavy Blade+1","floor":13.0},{"not_picked":["Dark Embrace","Fiend Fire+1"],"picked":"Reaper+1","floor":16.0},{"not_picked":["Bloodletting","Pommel Strike+1"],"picked":"Sword Boomerang+1","floor":18.0},{"not_picked":["Sword Boomerang+1","Pommel Strike+1"],"picked":"Sever Soul+1","floor":20.0},{"not_picked":["Heavy Blade+1","Dropkick+1"],"picked":"Reckless Charge+1","floor":21.0},{"not_picked":["Clothesline+1","Ghostly Armor"],"picked":"Cleave+1","floor":22.0},{"not_picked":["Shrug It Off","Second Wind","Combust"],"picked":"SKIP","floor":24.0},{"not_picked":["Dual Wield","Armaments"],"picked":"Perfected Strike+1","floor":27.0},{"not_picked":["Flame Barrier","Sever Soul+1"],"picked":"Clash+1","floor":31.0},{"not_picked":["Barricade","Dark Embrace"],"picked":"Impervious","floor":33.0},{"not_picked":["Headbutt+1","Dropkick+1"],"picked":"Sword Boomerang+1","floor":35},{"not_picked":["True Grit","Clothesline+1"],"picked":"Infernal Blade","floor":36},{"not_picked":["Flex+1","Warcry"],"picked":"Heavy Blade+1","floor":38},{"not_picked":["Flame Barrier+1","Shrug It Off+1"],"picked":"Carnage+1","floor":40},{"not_picked":["Burning Pact","Heavy Blade+1"],"picked":"Rage+1","floor":42},{"not_picked":["Barricade","Dual Wield+1"],"picked":"Thunderclap+1","floor":44},{"not_picked":["Panacea","Impatience"],"picked":"Mind Blast+1","floor":45},{"not_picked":["Impatience","Blind"],"picked":"Panache","floor":45},{"not_picked":["Jack Of All Trades","Discovery"],"picked":"Secret Technique","floor":45},{"not_picked":["Flex+1","True Grit+1"],"picked":"Inflame+1","floor":48}],"player_experience":18163,"relics_obtained":[{"floor":7.0,"key":"Molten Egg 2"},{"floor":9.0,"key":"Sundial"},{"floor":20.0,"key":"Red Mask"},{"floor":24.0,"key":"Bottled Flame"},{"floor":26.0,"key":"Self Forming Clay"},{"floor":40,"key":"Bronze Scales"},{"floor":43,"key":"Omamori"},{"floor":44,"key":"Gambling Chip"}],"event_choices":[{"cards_removed":["Defend_R"],"damage_healed":0.0,"max_hp_gain":0.0,"max_hp_loss":0.0,"gold_gain":0.0,"event_name":"Purifier","player_choice":"Purged","floor":2.0,"gold_loss":0.0,"damage_taken":0.0},{"damage_healed":0.0,"max_hp_gain":0.0,"max_hp_loss":0.0,"gold_gain":75.0,"event_name":"World of Goop","player_choice":"Gather Gold","floor":14.0,"gold_loss":0.0,"damage_taken":11.0},{"damage_healed":0.0,"max_hp_gain":0.0,"max_hp_loss":0.0,"gold_gain":0.0,"event_name":"Masked Bandits","player_choice":"Fought Bandits","floor":20.0,"gold_loss":0.0,"damage_taken":0.0},{"cards_removed":["Metallicize"],"damage_healed":0.0,"max_hp_gain":0.0,"max_hp_loss":0.0,"gold_gain":0.0,"event_name":"Bonfire Elementals","player_choice":"Offered Uncommon","floor":29.0,"gold_loss":0.0,"damage_taken":0.0},{"damage_healed":0,"gold_gain":75,"player_choice":"Touch","damage_taken":8,"max_hp_gain":0,"max_hp_loss":0,"event_name":"FaceTrader","floor":41,"gold_loss":0},{"damage_healed":0,"gold_gain":0,"player_choice":"Memory 3","damage_taken":10,"max_hp_gain":0,"max_hp_loss":0,"event_name":"SensoryStone","floor":45,"gold_loss":0}],"is_beta":false,"boss_relics":[{"not_picked":["Fusion Hammer","Cursed Key"],"picked":"Velvet Choker"},{"not_picked":["Empty Cage","Tiny House"],"picked":"Runic Cube"}],"items_purged_floors":[],"is_endless":false,"potions_floor_spawned":[3,7,13,18,21,24,27,35,42,48],"killed_by":"Time Eater","ascension_level":1}