{"gold_per_floor":[115,115,290,300,324,324,354,365,391,411,441,441,453,472,472,574,574,584,595,595,614,714,739,739,771,794,819,819,845,845,878,878,980,980,999,855,855,871,885,885,914,914,939,969,986,986,986],"floor_reached":47,"playtime":3546,"items_purged":["Strike_B"],"score":912,"play_id":"8ae3d8f1-f0e4-4b08-b70d-60667711e7fc","local_time":"20190528131915","is_ascension_mode":true,"campfire_choices":[{"data":"Zap","floor":6.0,"key":"SMITH"},{"data":"Go for the Eyes","floor":12.0,"key":"SMITH"},{"data":"Glacier","floor":15.0,"key":"SMITH"},{"data":"Echo Form","floor":24.0,"key":"SMITH"},{"floor":28.0,"key":"RECALL"},{"data":"FTL","floor":30.0,"key":"SMITH"},{"data":"Creative AI","floor":32.0,"key":"SMITH"},{"data":"Finesse","floor":40.0,"key":"SMITH"},{"data":"Self Repair","floor":42.0,"key":"SMITH"}],"neow_cost":"NONE","seed_source_timestamp":0,"circlet_count":0,"master_deck":["AscendersBane","Strike_B","Defend_B","Defend_B+1","Defend_B+1","Zap+1","Dualcast","Dramatic Entrance","Glacier+1","Doubt","Creative AI+1","Go for the Eyes+1","Chill+1","Self Repair+1","Ball Lightning","Biased Cognition","Ball Lightning+1","Echo Form+1","Machine Learning","Cold Snap+1","Machine Learning","FTL+1","Undo+1","Amplify","Finesse+1","White Noise","Normality","Loop+1"],"special_seed":0,"relics":["Cracked Core","PreservedInsect","Centennial Puzzle","Meat on the Bone","Coffee Dripper","WingedGreaves","Mercury Hourglass","Vajra","Blood Vial","Anchor","Smiling Mask","DataDisk","Bag of Preparation","Cursed Key","Letter Opener","War Paint","Ice Cream"],"potions_floor_usage":[],"damage_taken":[{"damage":0.0,"enemies":"2 Louse","floor":1.0,"turns":2.0},{"damage":0.0,"enemies":"Jaw Worm","floor":4.0,"turns":4.0},{"damage":28.0,"enemies":"Lagavulin","floor":7.0,"turns":10.0},{"damage":0.0,"enemies":"Small Slimes","floor":8.0,"turns":3.0},{"damage":0.0,"enemies":"Exordium Wildlife","floor":10.0,"turns":3.0},{"damage":12.0,"enemies":"3 Sentries","floor":11.0,"turns":3.0},{"damage":6.0,"enemies":"3 Louse","floor":13.0,"turns":4.0},{"damage":0.0,"enemies":"Large Slime","floor":14.0,"turns":6.0},{"damage":28.0,"enemies":"Slime Boss","floor":16.0,"turns":9.0},{"damage":10.0,"enemies":"Spheric Guardian","floor":18.0,"turns":4.0},{"damage":0.0,"enemies":"Chosen","floor":19.0,"turns":4.0},{"damage":8.0,"enemies":"Shelled Parasite and Fungi","floor":21.0,"turns":5.0},{"damage":19.0,"enemies":"Colosseum Slavers","floor":22.0,"turns":4.0},{"damage":17.0,"enemies":"Colosseum Nobs","floor":22.0,"turns":4.0},{"damage":9.0,"enemies":"Book of Stabbing","floor":23.0,"turns":4.0},{"damage":12.0,"enemies":"Gremlin Leader","floor":25.0,"turns":4.0},{"damage":14.0,"enemies":"Slavers","floor":27.0,"turns":8.0},{"damage":6.0,"enemies":"Book of Stabbing","floor":29.0,"turns":5.0},{"damage":19.0,"enemies":"Slavers","floor":31.0,"turns":4.0},{"damage":60.0,"enemies":"Automaton","floor":33.0,"turns":13.0},{"damage":0.0,"enemies":"Orb Walker","floor":35.0,"turns":4.0},{"damage":0.0,"enemies":"3 Shapes","floor":38.0,"turns":4.0},{"damage":24.0,"enemies":"Writhing Mass","floor":39.0,"turns":5.0},{"damage":49.0,"enemies":"Reptomancer","floor":41.0,"turns":6.0},{"damage":34.0,"enemies":"Nemesis","floor":44.0,"turns":7.0},{"damage":15.0,"enemies":"Maw","floor":45.0,"turns":8.0},{"damage":44,"enemies":"2 Orb Walkers","floor":47,"turns":4}],"seed_played":"-335274391624531418","potions_obtained":[{"floor":1.0,"key":"SkillPotion"},{"floor":7.0,"key":"AttackPotion"},{"floor":11.0,"key":"Energy Potion"},{"floor":14.0,"key":"LiquidBronze"},{"floor":16.0,"key":"SteroidPotion"},{"floor":18.0,"key":"SpeedPotion"},{"floor":19.0,"key":"LiquidBronze"},{"floor":23.0,"key":"Weak Potion"},{"floor":27.0,"key":"Weak Potion"},{"floor":41.0,"key":"AttackPotion"},{"floor":45.0,"key":"FearPotion"}],"is_trial":false,"path_per_floor":["M","?","?","M","T","R","E","M","T","M","E","R","M","M","R","B",null,"M","M","?","M","?","E","R","E","T","E","R","E","R","E","R","B",null,"M","$","?","M","M","R","E","R","T","E","M","?","?"],"character_chosen":"DEFECT","items_purchased":["Finesse"],"campfire_rested":0,"item_purchase_floors":[36],"current_hp_per_floor":[68,53,53,53,53,53,25,25,25,25,13,13,26,45,45,29,64,61,68,68,67,52,50,50,52,52,47,47,50,50,59,59,20,61,70,70,70,75,58,58,37,37,37,37,36,36,0],"gold":986,"neow_bonus":"RANDOM_COLORLESS","is_prod":false,"is_daily":false,"chose_seed":false,"campfire_upgraded":8,"win_rate":0,"timestamp":1559063955,"path_taken":["M","?","?","M","?","R","E","M","T","M","E","R","M","M","R","BOSS","M","M","?","M","?","E","R","E","T","E","R","E","R","E","R","BOSS","M","$","?","M","M","R","E","R","T","E","M","?","?"],"build_version":"2019-01-23","purchased_purges":1,"victory":false,"max_hp_per_floor":[75,75,75,75,75,75,75,75,75,75,75,75,75,75,75,75,75,75,75,75,75,75,75,75,75,75,75,75,75,75,75,75,75,75,75,75,75,75,75,75,75,75,75,75,75,75,75],"card_choices":[{"not_picked":["Heatsinks","Hello World"],"picked":"Glacier","floor":1.0},{"not_picked":["Doom and Gloom","Hologram","Leap"],"picked":"SKIP","floor":4.0},{"not_picked":["Storm","Self Repair"],"picked":"Creative AI","floor":7.0},{"not_picked":["Leap","Turbo"],"picked":"Go for the Eyes","floor":8.0},{"not_picked":["Reprogram","Stack"],"picked":"Chill","floor":10.0},{"not_picked":["Fission","Redo"],"picked":"Self Repair","floor":11.0},{"not_picked":["Double Energy","Heatsinks"],"picked":"Ball Lightning","floor":13.0},{"not_picked":["Leap","Storm","Streamline"],"picked":"SKIP","floor":14.0},{"not_picked":["Seek","Amplify"],"picked":"Biased Cognition","floor":16.0},{"not_picked":["Chaos+1","Chill"],"picked":"Ball Lightning+1","floor":18.0},{"not_picked":["Steam","Hologram","Streamline"],"picked":"SKIP","floor":19.0},{"not_picked":["Compile Driver","Doom and Gloom","Go for the Eyes"],"picked":"SKIP","floor":21.0},{"not_picked":["Redo","Coolheaded"],"picked":"Cold Snap+1","floor":22.0},{"not_picked":["Scrape+1","Darkness"],"picked":"Machine Learning","floor":23.0},{"not_picked":["Fusion","Leap","Steam"],"picked":"SKIP","floor":25.0},{"not_picked":["Coolheaded+1","Sweeping Beam+1"],"picked":"FTL","floor":27.0},{"not_picked":["Fusion+1","Conserve Battery"],"picked":"Undo+1","floor":29.0},{"not_picked":["Beam Cell+1","Ball Lightning","Redo"],"picked":"SKIP","floor":31.0},{"not_picked":["Multi-Cast","Rainbow"],"picked":"Amplify","floor":33.0},{"not_picked":["Gash","Skim+1","Leap+1"],"picked":"SKIP","floor":35.0},{"not_picked":["Compile Driver+1","Leap","Darkness+1"],"picked":"SKIP","floor":38.0},{"not_picked":["Rebound+1","Leap+1","Undo"],"picked":"SKIP","floor":39.0},{"not_picked":["Cold Snap+1","Sweeping Beam+1"],"picked":"White Noise","floor":41.0},{"not_picked":["Rebound+1","Go for the Eyes","Leap+1"],"picked":"SKIP","floor":44.0},{"not_picked":["Leap","Ball Lightning+1"],"picked":"Loop+1","floor":45.0}],"player_experience":358756,"relics_obtained":[{"floor":7.0,"key":"PreservedInsect"},{"floor":9.0,"key":"Centennial Puzzle"},{"floor":11.0,"key":"Meat on the Bone"},{"floor":22.0,"key":"WingedGreaves"},{"floor":22.0,"key":"Mercury Hourglass"},{"floor":23.0,"key":"Vajra"},{"floor":25.0,"key":"Blood Vial"},{"floor":26.0,"key":"Anchor"},{"floor":27.0,"key":"Smiling Mask"},{"floor":29.0,"key":"DataDisk"},{"floor":31.0,"key":"Bag of Preparation"},{"floor":41.0,"key":"Letter Opener"},{"floor":43.0,"key":"War Paint"},{"floor":44.0,"key":"Ice Cream"}],"event_choices":[{"damage_healed":0.0,"max_hp_gain":0.0,"max_hp_loss":0.0,"gold_gain":0.0,"event_name":"Shining Light","player_choice":"Entered Light","floor":2.0,"gold_loss":0.0,"damage_taken":15.0,"cards_upgraded":["Defend_B","Defend_B"]},{"damage_healed":0.0,"max_hp_gain":0.0,"max_hp_loss":0.0,"gold_gain":175.0,"event_name":"Liars Game","player_choice":"AGREE","floor":3.0,"gold_loss":0.0,"damage_taken":0.0,"cards_obtained":["Doubt"]},{"damage_healed":0.0,"max_hp_gain":0.0,"max_hp_loss":0.0,"gold_gain":0.0,"cards_transformed":["Strike_B","Strike_B"],"event_name":"Drug Dealer","player_choice":"Became Test Subject","floor":20.0,"gold_loss":0.0,"damage_taken":0.0,"cards_obtained":["Echo Form","Machine Learning"]},{"damage_healed":0.0,"max_hp_gain":0.0,"max_hp_loss":0.0,"gold_gain":0.0,"event_name":"Colosseum","player_choice":"Fight","floor":22.0,"gold_loss":0.0,"damage_taken":0.0},{"damage_healed":0.0,"max_hp_gain":0.0,"max_hp_loss":0.0,"gold_gain":0.0,"event_name":"Colosseum","player_choice":"Fought Nobs","floor":22.0,"gold_loss":0.0,"damage_taken":0.0},{"damage_healed":0.0,"max_hp_gain":0.0,"max_hp_loss":0.0,"gold_gain":0.0,"event_name":"Tomb of Lord Red Mask","player_choice":"Ignored","floor":37.0,"gold_loss":0.0,"damage_taken":0.0},{"cards_removed":["Defend_B"],"damage_healed":0.0,"max_hp_gain":0.0,"max_hp_loss":0.0,"gold_gain":0.0,"event_name":"Falling","player_choice":"Removed Skill","floor":46.0,"gold_loss":0.0,"damage_taken":0.0},{"damage_healed":0,"gold_gain":0,"player_choice":"Fight","damage_taken":0,"max_hp_gain":0,"max_hp_loss":0,"event_name":"Mysterious Sphere","floor":47,"gold_loss":0}],"is_beta":false,"boss_relics":[{"not_picked":["Eternal Feather","Orrery"],"picked":"Coffee Dripper"},{"not_picked":["Empty Cage","Busted Crown"],"picked":"Cursed Key"}],"items_purged_floors":[36],"is_endless":false,"potions_floor_spawned":[1,7,11,14,16,18,19,23,27,41,45],"killed_by":"2 Orb Walkers","ascension_level":10}