{"gold_per_floor":[110,110,125,105,45,76,90,102,154,44,74,74,74,101,101,199,199,215,215,314,328,343,343,107,135,135,163,163,163,48,48],"floor_reached":31,"playtime":3271,"items_purged":["Defend_G","Defend_G"],"score":303,"play_id":"f42adf5a-5b20-4044-ab90-10edde155afc","local_time":"20190615181420","is_ascension_mode":true,"campfire_choices":[{"floor":13,"key":"REST"},{"floor":15,"key":"REST"},{"floor":23,"key":"RECALL"},{"data":"Envenom","floor":28,"key":"SMITH"}],"neow_cost":"NONE","seed_source_timestamp":0,"circlet_count":0,"master_deck":["Defend_G+1","Defend_G+1","Strike_G+1","Strike_G+1","Strike_G+1","Strike_G+1","Strike_G+1","Survivor","Neutralize","Dagger Throw","Noxious Fumes","Flechettes","Backstab","Deadly Poison","Footwork","Burst","Poisoned Stab","Envenom+1","Escape Plan","Crippling Poison","Noxious Fumes","PiercingWail","Catalyst+1","Backstab","Die Die Die"],"special_seed":0,"relics":["White Beast Statue","The Courier","Centennial Puzzle","Bag of Preparation","Snake Skull","Coffee Dripper","Kunai","Potion Belt","Singing Bowl","Dodecahedron"],"potions_floor_usage":[6,7,8,11,14,16,18,21,22,25],"damage_taken":[{"damage":0.0,"enemies":"2 Louse","floor":1.0,"turns":3.0},{"damage":2.0,"enemies":"Small Slimes","floor":3.0,"turns":4.0},{"damage":26,"enemies":"Lagavulin","floor":6,"turns":10},{"damage":0,"enemies":"Cultist","floor":7,"turns":4},{"damage":2,"enemies":"Exordium Thugs","floor":8,"turns":3},{"damage":32,"enemies":"Gremlin Nob","floor":11,"turns":5},{"damage":22,"enemies":"3 Sentries","floor":14,"turns":7},{"damage":18,"enemies":"Hexaghost","floor":16,"turns":8},{"damage":0,"enemies":"3 Byrds","floor":18,"turns":4},{"damage":10,"enemies":"Spheric Guardian","floor":21,"turns":3},{"damage":9,"enemies":"Snecko","floor":22,"turns":4},{"damage":44,"enemies":"Slavers","floor":25,"turns":5},{"damage":3,"enemies":"Gremlin Leader","floor":27,"turns":5},{"damage":10,"enemies":"Sentry and Sphere","floor":31,"turns":2}],"seed_played":"-7062260687162594482","potions_obtained":[{"floor":1.0,"key":"Weak Potion"},{"floor":3,"key":"Ancient Potion"},{"floor":4,"key":"SpeedPotion"},{"floor":6,"key":"EssenceOfSteel"},{"floor":7,"key":"Strength Potion"},{"floor":8,"key":"GamblersBrew"},{"floor":11,"key":"GhostInAJar"},{"floor":14,"key":"EssenceOfSteel"},{"floor":16,"key":"Swift Potion"},{"floor":18,"key":"SpeedPotion"},{"floor":21,"key":"SkillPotion"},{"floor":22,"key":"Weak Potion"},{"floor":25,"key":"Dexterity Potion"},{"floor":27,"key":"LiquidBronze"}],"is_trial":false,"path_per_floor":["M","?","M","?","$","E","M","M","T","$","E","?","R","E","R","B",null,"M","?","?","M","M","R","$","E","T","E","R","?","$","M"],"character_chosen":"THE_SILENT","items_purchased":["Footwork","Noxious Fumes","Kunai","Die Die Die"],"campfire_rested":2,"item_purchase_floors":[10,24,24,30],"current_hp_per_floor":[70,67,65,65,65,39,39,37,37,37,5,5,26,4,25,7,70,70,70,70,60,51,51,51,7,7,4,4,4,4,0],"gold":48,"neow_bonus":"BOSS_RELIC","is_prod":false,"is_daily":false,"chose_seed":false,"campfire_upgraded":1,"win_rate":0,"timestamp":1560647660,"path_taken":["M","?","M","?","?","E","?","M","T","$","E","?","R","E","R","BOSS","M","?","?","M","M","R","$","E","T","E","R","?","$","?"],"build_version":"2019-01-23","purchased_purges":2,"victory":false,"max_hp_per_floor":[70,70,70,70,70,70,70,70,70,70,70,70,70,70,70,70,70,70,70,70,70,70,70,70,70,70,70,70,70,70,70],"card_choices":[{"not_picked":["Predator","Prepared"],"picked":"Dagger Throw","floor":1.0},{"not_picked":["Heel Hook","Choke"],"picked":"Noxious Fumes","floor":3},{"not_picked":["Eviscerate","Caltrops"],"picked":"Flechettes","floor":6},{"not_picked":["Underhanded Strike","Dodge and Roll"],"picked":"Backstab","floor":7},{"not_picked":["Outmaneuver","Blur"],"picked":"Deadly Poison","floor":8},{"not_picked":["Well Laid Plans","Prepared"],"picked":"Burst","floor":11},{"not_picked":["Dodge and Roll","PiercingWail"],"picked":"Poisoned Stab","floor":14},{"not_picked":["Malaise","Storm of Steel"],"picked":"Envenom","floor":16},{"not_picked":["Underhanded Strike","Sucker Punch"],"picked":"Escape Plan","floor":18},{"not_picked":["Calculated Gamble","Reflex","Slice"],"picked":"SKIP","floor":21},{"not_picked":["PiercingWail","Deflect"],"picked":"Crippling Poison","floor":22},{"not_picked":["Prepared","Crippling Poison"],"picked":"PiercingWail","floor":25},{"not_picked":["Blade Dance+1","Quick Slash"],"picked":"Catalyst+1","floor":27}],"player_experience":75163,"relics_obtained":[{"floor":6,"key":"Centennial Puzzle"},{"floor":11,"key":"Bag of Preparation"},{"floor":14,"key":"Snake Skull"},{"floor":25,"key":"Potion Belt"},{"floor":26,"key":"Singing Bowl"},{"floor":27,"key":"Dodecahedron"}],"event_choices":[{"damage_healed":0.0,"max_hp_gain":0.0,"max_hp_loss":0.0,"gold_gain":0.0,"event_name":"Scrap Ooze","player_choice":"Success","floor":2.0,"gold_loss":0.0,"damage_taken":3.0,"relics_obtained":["The Courier"]},{"damage_healed":0,"gold_gain":0,"player_choice":"Bought 1 Potion","damage_taken":0,"max_hp_gain":0,"max_hp_loss":0,"event_name":"The Woman in Blue","floor":4,"gold_loss":0},{"cards_removed":["Defend_G"],"damage_healed":0,"gold_gain":0,"player_choice":"Forget","damage_taken":0,"max_hp_gain":0,"max_hp_loss":0,"event_name":"Living Wall","floor":12,"gold_loss":0},{"damage_healed":0,"gold_gain":0,"player_choice":"Simplicity","damage_taken":0,"max_hp_gain":0,"max_hp_loss":0,"event_name":"Back to Basics","floor":19,"gold_loss":0,"cards_upgraded":["Defend_G","Defend_G","Strike_G","Strike_G","Strike_G","Strike_G","Strike_G"]},{"damage_healed":0,"gold_gain":99,"player_choice":"Stole From Cult","damage_taken":0,"max_hp_gain":0,"max_hp_loss":0,"event_name":"Nest","floor":20,"gold_loss":0},{"damage_healed":0,"gold_gain":0,"player_choice":"1 cards matched","damage_taken":0,"max_hp_gain":0,"max_hp_loss":0,"event_name":"Match and Keep!","floor":29,"gold_loss":0,"cards_obtained":["Backstab"]}],"is_beta":false,"boss_relics":[{"not_picked":["Lizard Tail","Runic Pyramid"],"picked":"Coffee Dripper"}],"items_purged_floors":[5,10],"is_endless":false,"potions_floor_spawned":[1,3,6,7,8,11,14,16,18,21,22,25,27],"killed_by":"Sentry and Sphere","ascension_level":1}