{"gold_per_floor":[217,317,333,343,343,371,371,387,462,462,259,259,279,4,4,102,102,115,65,65,82,94,123,123,123],"floor_reached":25,"playtime":2706,"items_purged":["Strike_G","Strike_G","Strike_G"],"score":221,"play_id":"d323b7e3-0fa2-458c-8010-67ba5d04773b","local_time":"20180626000221","is_ascension_mode":false,"campfire_choices":[{"data":"Cloak And Dagger","floor":7,"key":"SMITH"},{"data":"Neutralize","floor":10,"key":"SMITH"},{"data":"After Image","floor":12,"key":"SMITH"},{"data":"Accuracy","floor":15,"key":"SMITH"},{"data":"Cloak And Dagger","floor":24,"key":"SMITH"}],"neow_cost":"NONE","seed_source_timestamp":54618342594572,"circlet_count":0,"master_deck":["Defend_G","Defend_G","Defend_G","Defend_G","Defend_G","Strike_G","Survivor","Neutralize+1","Heel Hook","Dagger Spray","Cloak And Dagger+1","Adrenaline","After Image+1","Accuracy+1","Phantasmal Killer","Cloak And Dagger+1","Finisher"],"special_seed":17707,"relics":["Ring of the Snake","Bird Faced Urn","Smiling Mask","Strawberry","Lizard Tail","Bag of Marbles"],"potions_floor_usage":[6,16,16,18,18,21,23],"damage_taken":[{"damage":0,"enemies":"Cultist","floor":1,"turns":4},{"damage":1,"enemies":"2 Louse","floor":3,"turns":3},{"damage":0,"enemies":"Small Slimes","floor":4,"turns":3},{"damage":14,"enemies":"3 Sentries","floor":6,"turns":9},{"damage":10,"enemies":"Exordium Thugs","floor":8,"turns":4},{"damage":0,"enemies":"Looter","floor":13,"turns":3},{"damage":1,"enemies":"Slime Boss","floor":16,"turns":10},{"damage":4,"enemies":"Chosen","floor":18,"turns":5},{"damage":11,"enemies":"2 Thieves","floor":21,"turns":4},{"damage":0,"enemies":"Centurion and Healer","floor":22,"turns":8},{"damage":35,"enemies":"Slavers","floor":23,"turns":8},{"damage":91,"enemies":"Book of Stabbing","floor":25,"turns":10}],"seed_played":"6815625873684957973","potions_obtained":[{"floor":1,"key":"EntropicBrew"},{"floor":3,"key":"Ancient Potion"},{"floor":4,"key":"GamblersBrew"},{"floor":6,"key":"PowerPotion"},{"floor":13,"key":"GhostInAJar"},{"floor":18,"key":"Block Potion"}],"is_trial":false,"path_per_floor":["M","?","M","M","?","E","R","M","T","R","$","R","M","$","R","B",null,"M","$","?","M","M","E","R"],"character_chosen":"THE_SILENT","items_purchased":["After Image","Accuracy","Strawberry"],"campfire_rested":0,"item_purchase_floors":[11,14,14],"current_hp_per_floor":[70,70,69,69,62,48,48,38,38,38,38,38,40,47,47,52,77,73,73,77,68,72,41,41,0],"gold":123,"neow_bonus":"HUNDRED_GOLD","is_prod":false,"is_daily":false,"chose_seed":false,"campfire_upgraded":5,"win_rate":0,"timestamp":1529964141,"path_taken":["M","?","M","?","?","E","R","M","T","R","$","R","?","$","R","BOSS","M","$","?","M","M","E","R","E"],"build_version":"2018-06-21v2","purchased_purges":3,"victory":false,"max_hp_per_floor":[70,70,70,70,70,70,70,70,70,70,70,70,70,77,77,77,77,77,77,77,77,77,77,77,77],"card_choices":[{"not_picked":["Underhanded Strike","Dodge and Roll"],"picked":"Heel Hook","floor":1},{"not_picked":["Bouncing Flask","All Out Attack"],"picked":"Dagger Spray","floor":3},{"not_picked":["Dagger Spray","Quick Slash"],"picked":"Cloak And Dagger","floor":4},{"not_picked":["Sucker Punch","Underhanded Strike"],"picked":"Adrenaline","floor":6},{"not_picked":["Dodge and Roll","Outmaneuver","Eviscerate"],"picked":"SKIP","floor":8},{"not_picked":["Skewer","Caltrops","Quick Slash"],"picked":"SKIP","floor":13},{"not_picked":["Skewer","Caltrops","Quick Slash"],"picked":"SKIP","floor":13},{"not_picked":["Doppelganger","Grand Finale"],"picked":"Phantasmal Killer","floor":16},{"not_picked":["Footwork","Eviscerate","Sucker Punch"],"picked":"SKIP","floor":18},{"not_picked":["Dagger Spray","Flying Knee","Bane+1"],"picked":"SKIP","floor":21},{"not_picked":["Bane","Doppelganger"],"picked":"Cloak And Dagger","floor":22},{"not_picked":["PiercingWail+1","Well Laid Plans"],"picked":"Finisher","floor":23}],"player_experience":278005,"relics_obtained":[{"floor":6,"key":"Bird Faced Urn"},{"floor":9,"key":"Smiling Mask"},{"floor":23,"key":"Bag of Marbles"}],"event_choices":[{"event_name":"Golden Shrine","player_choice":"Pray","floor":2,"damage_taken":0},{"event_name":"Golden Wing","player_choice":"Card Removal","floor":5,"damage_taken":0},{"event_name":"Wheel of Change","player_choice":"Full Heal","floor":20,"damage_taken":0}],"boss_relics":[{"not_picked":["Busted Crown","Black Star"],"picked":"Lizard Tail"}],"items_purged_floors":[11,14,19],"is_endless":false,"potions_floor_spawned":[1,3,4,6,13,18],"killed_by":"Book of Stabbing","ascension_level":0}