{"gold_per_floor":[110,9,9,29,40,40,40,40,40,70,70,70],"floor_reached":12,"playtime":498,"items_purged":["Strike_B"],"score":82,"play_id":"cde56b4d-256c-445a-b61f-ae65f517b84e","local_time":"20190717231910","is_ascension_mode":true,"campfire_choices":[{"data":"Streamline","floor":6,"key":"SMITH"},{"floor":8,"key":"REST"}],"neow_cost":"CURSE","seed_source_timestamp":111500956575156,"circlet_count":0,"master_deck":["Strike_B","Strike_B","Defend_B","Defend_B","Defend_B","Defend_B","Zap","Dualcast","Shame","Sweeping Beam","Streamline+1","Genetic Algorithm","Barrage","Recycle","Fission","Double Energy"],"relics":["Cracked Core","Du-Vu Doll","Kunai","Mummified Hand"],"potions_floor_usage":[10],"damage_taken":[{"damage":7,"enemies":"2 Louse","floor":1,"turns":2},{"damage":6,"enemies":"Cultist","floor":4,"turns":3},{"damage":0,"enemies":"Small Slimes","floor":5,"turns":3},{"damage":41,"enemies":"Lagavulin","floor":10,"turns":7},{"damage":23,"enemies":"Exordium Thugs","floor":11,"turns":4},{"damage":30,"enemies":"Gremlin Nob","floor":12,"turns":3}],"seed_played":"-1370748101957785262","potions_obtained":[{"floor":1,"key":"SteroidPotion"},{"floor":5,"key":"SkillPotion"}],"is_trial":false,"path_per_floor":["M","$","?","M","M","R","?","R","T","E","M","E"],"character_chosen":"DEFECT","items_purchased":["Streamline"],"campfire_rested":1,"item_purchase_floors":[2],"current_hp_per_floor":[68,68,61,55,55,55,55,75,75,34,11,0],"gold":70,"neow_bonus":"ONE_RARE_RELIC","is_prod":false,"is_daily":false,"chose_seed":false,"campfire_upgraded":1,"win_rate":0,"timestamp":1563423550,"path_taken":["M","$","?","M","M","R","?","R","T","E","?","E"],"build_version":"2019-07-05","purchased_purges":1,"victory":false,"max_hp_per_floor":[75,75,75,75,75,75,75,75,75,75,75,75],"card_choices":[{"not_picked":["Beam Cell","Steam"],"picked":"Sweeping Beam","floor":1},{"not_picked":["Gash","Redo"],"picked":"Genetic Algorithm","floor":4},{"not_picked":["Hologram","Sweeping Beam","Recycle"],"picked":"SKIP","floor":5},{"not_picked":["Steam","Reprogram"],"picked":"Double Energy","floor":10},{"not_picked":["Barrage","Hologram","Rebound"],"picked":"SKIP","floor":11}],"player_experience":143971,"relics_obtained":[{"floor":9,"key":"Kunai"},{"floor":10,"key":"Mummified Hand"}],"event_choices":[{"cards_removed":["Strike_B"],"damage_healed":0,"gold_gain":0,"player_choice":"Card Removal","damage_taken":7,"max_hp_gain":0,"max_hp_loss":0,"event_name":"Golden Wing","floor":3,"gold_loss":0},{"damage_healed":0,"gold_gain":0,"player_choice":"3 cards matched","damage_taken":0,"max_hp_gain":0,"max_hp_loss":0,"event_name":"Match and Keep!","floor":7,"gold_loss":0,"cards_obtained":["Barrage","Recycle","Fission"]}],"is_beta":false,"boss_relics":[],"items_purged_floors":[2],"is_endless":false,"potions_floor_spawned":[1,5],"killed_by":"Gremlin Nob","ascension_level":1}