{"gold_per_floor":[112,37,48,48,67,106,106,106,132,146,146,34,50,63,63,184,184,204,223,81,81,81,81,99,123,123,123,159,159,194,244,244,364,364,380,102,435,0,14,46,46,63,111,111,121,121,133,152,152,152],"floor_reached":51,"playtime":2169,"items_purged":["Strike_B","Strike_B","Strike_B","Strike_B+1"],"score":800,"play_id":"0c1892a6-6e62-46a3-b9ad-7aacaf47ec14","local_time":"20190717235551","is_ascension_mode":true,"campfire_choices":[{"floor":7,"key":"REST"},{"data":"Coolheaded","floor":15,"key":"SMITH"},{"data":"Undo","floor":23,"key":"SMITH"},{"floor":27,"key":"REST"},{"floor":32,"key":"REST"},{"floor":41,"key":"REST"},{"floor":44,"key":"REST"},{"data":"Defragment","floor":46,"key":"SMITH"},{"data":"Defragment","floor":49,"key":"SMITH"}],"neow_cost":"NONE","seed_source_timestamp":112013647726974,"circlet_count":0,"master_deck":["Defend_B+1","Defend_B+1","Defend_B+1","Defend_B+1","Zap","Dualcast","Doom and Gloom+1","Defragment+1","Coolheaded+1","Undo+1","Doom and Gloom","Leap","Core Surge","Turbo","Leap","Leap+1","J.A.X.","Compile Driver","Sweeping Beam+1","Glacier","Coolheaded","Doom and Gloom","Defragment+1","Leap+1"],"relics":["Cracked Core","NeowsBlessing","Whetstone","Pocketwatch","Vajra","The Courier","Sozu","Mercury Hourglass","Gremlin Horn","Dodecahedron","Busted Crown","Red Mask","Orichalcum","Art of War"],"potions_floor_usage":[30,50],"damage_taken":[{"damage":0,"enemies":"Small Slimes","floor":1,"turns":1},{"damage":0,"enemies":"2 Louse","floor":3,"turns":1},{"damage":0,"enemies":"Cultist","floor":5,"turns":1},{"damage":30,"enemies":"3 Sentries","floor":6,"turns":7},{"damage":0,"enemies":"3 Louse","floor":10,"turns":1},{"damage":0,"enemies":"Large Slime","floor":13,"turns":4},{"damage":0,"enemies":"2 Fungi Beasts","floor":14,"turns":2},{"damage":32,"enemies":"The Guardian","floor":16,"turns":9},{"damage":15,"enemies":"2 Thieves","floor":18,"turns":3},{"damage":5,"enemies":"Spheric Guardian","floor":19,"turns":4},{"damage":0,"enemies":"Cultist and Chosen","floor":24,"turns":5},{"damage":4,"enemies":"Centurion and Healer","floor":25,"turns":5},{"damage":10,"enemies":"Book of Stabbing","floor":28,"turns":6},{"damage":18,"enemies":"Slavers","floor":30,"turns":5},{"damage":42,"enemies":"Collector","floor":33,"turns":9},{"damage":9,"enemies":"3 Darklings","floor":35,"turns":3},{"damage":0,"enemies":"3 Shapes","floor":39,"turns":2},{"damage":22,"enemies":"Reptomancer","floor":40,"turns":6},{"damage":6,"enemies":"Spire Growth","floor":42,"turns":6},{"damage":7,"enemies":"3 Darklings","floor":45,"turns":3},{"damage":0,"enemies":"Sphere and 2 Shapes","floor":47,"turns":4},{"damage":1,"enemies":"Spire Growth","floor":48,"turns":5},{"damage":43,"enemies":"Donu and Deca","floor":50,"turns":11}],"seed_played":"5862156092694718915","potions_obtained":[{"floor":1,"key":"SneckoOil"},{"floor":3,"key":"SteroidPotion"},{"floor":6,"key":"SpeedPotion"},{"floor":13,"key":"LiquidBronze"}],"is_trial":false,"path_per_floor":["M","$","M","?","M","E","R","?","T","M","?","$","M","M","R","B",null,"M","M","$","?","?","R","M","M","T","R","E","?","E","?","R","B",null,"M","$","?","?","M","E","R","M","T","R","M","R","M","M","R","B",null],"character_chosen":"DEFECT","items_purchased":["Doom and Gloom","Turbo","Glacier","Coolheaded","Doom and Gloom"],"campfire_rested":5,"item_purchase_floors":[12,20,36,36,36],"current_hp_per_floor":[75,75,75,69,69,39,59,59,59,59,59,59,59,59,59,27,69,54,49,49,49,49,49,49,45,45,65,55,55,37,37,57,15,69,60,60,60,60,60,38,58,52,52,69,62,62,62,61,61,18],"gold":152,"neow_bonus":"THREE_ENEMY_KILL","is_prod":false,"is_daily":false,"chose_seed":false,"campfire_upgraded":4,"win_rate":0,"timestamp":1563425751,"path_taken":["M","$","M","?","M","E","R","?","T","M","?","$","?","M","R","BOSS","M","M","$","?","?","R","M","M","T","R","E","?","E","?","R","BOSS","M","$","?","?","M","E","R","M","T","R","M","R","M","M","R","BOSS"],"build_version":"2019-07-05","purchased_purges":4,"victory":true,"max_hp_per_floor":[75,75,75,69,69,69,69,69,69,69,69,69,69,69,69,69,69,69,69,69,69,69,69,69,69,69,69,69,69,69,69,69,69,69,69,69,69,69,69,69,69,69,69,69,69,69,69,69,69,69],"card_choices":[{"not_picked":["Compile Driver","Scrape"],"picked":"Doom and Gloom","floor":1},{"not_picked":["Hologram","Melter"],"picked":"Defragment","floor":3},{"not_picked":["Hologram","Ball Lightning"],"picked":"Coolheaded","floor":5},{"not_picked":["Streamline","Fusion","Steam"],"picked":"SKIP","floor":6},{"not_picked":["Redo","Melter"],"picked":"Undo","floor":10},{"not_picked":["Sweeping Beam","Compile Driver"],"picked":"Leap","floor":13},{"not_picked":["Conserve Battery","Rebound","Stack"],"picked":"SKIP","floor":14},{"not_picked":["All For One","Hyperbeam"],"picked":"Core Surge","floor":16},{"not_picked":["Cold Snap","Compile Driver","Gash"],"picked":"SKIP","floor":18},{"not_picked":["Hologram","Redo","Streamline"],"picked":"SKIP","floor":19},{"not_picked":["Rebound","Aggregate","Compile Driver"],"picked":"SKIP","floor":24},{"not_picked":["Beam Cell","Gash"],"picked":"Leap","floor":25},{"not_picked":["Heatsinks","Turbo"],"picked":"Leap+1","floor":28},{"not_picked":["Creative AI","Ball Lightning"],"picked":"Compile Driver","floor":30},{"not_picked":[],"picked":"Sweeping Beam+1","floor":35},{"not_picked":["Sweeping Beam+1"],"picked":"SKIP","floor":39},{"not_picked":["Rebound+1"],"picked":"SKIP","floor":40},{"not_picked":["Cold Snap+1"],"picked":"SKIP","floor":42},{"not_picked":["Cold Snap"],"picked":"SKIP","floor":45},{"not_picked":[],"picked":"Defragment","floor":47},{"not_picked":[],"picked":"Leap+1","floor":48}],"player_experience":144469,"relics_obtained":[{"floor":6,"key":"Whetstone"},{"floor":9,"key":"Vajra"},{"floor":26,"key":"Mercury Hourglass"},{"floor":28,"key":"Gremlin Horn"},{"floor":30,"key":"Dodecahedron"},{"floor":40,"key":"Orichalcum"},{"floor":43,"key":"Art of War"}],"event_choices":[{"damage_healed":0,"gold_gain":0,"player_choice":"Lose Max HP","damage_taken":0,"relics_obtained":["Golden Idol"],"max_hp_gain":0,"max_hp_loss":6,"event_name":"Golden Idol","floor":4,"gold_loss":0},{"damage_healed":0,"gold_gain":0,"player_choice":"Searched \u00271\u0027 times","damage_taken":0,"relics_obtained":["Pocketwatch"],"max_hp_gain":0,"max_hp_loss":0,"event_name":"Dead Adventurer","floor":8,"gold_loss":0},{"damage_healed":0,"gold_gain":0,"player_choice":"Gave Potion","damage_taken":0,"relics_obtained":["The Courier"],"max_hp_gain":0,"max_hp_loss":0,"event_name":"WeMeetAgain","floor":11,"gold_loss":0},{"damage_healed":0,"gold_gain":0,"player_choice":"Ignored","damage_taken":0,"max_hp_gain":0,"max_hp_loss":0,"event_name":"Cursed Tome","floor":21,"gold_loss":0},{"damage_healed":0,"gold_gain":0,"player_choice":"Simplicity","damage_taken":0,"max_hp_gain":0,"max_hp_loss":0,"event_name":"Back to Basics","floor":22,"gold_loss":0,"cards_upgraded":["Defend_B","Defend_B","Defend_B","Defend_B"]},{"damage_healed":0,"gold_gain":0,"player_choice":"Obtain J.A.X.","damage_taken":0,"max_hp_gain":0,"max_hp_loss":0,"event_name":"Drug Dealer","floor":29,"gold_loss":0,"cards_obtained":["J.A.X."]},{"damage_healed":0,"gold_gain":100,"player_choice":"Bet on Murderer","damage_taken":0,"max_hp_gain":0,"max_hp_loss":0,"event_name":"The Joust","floor":31,"gold_loss":50},{"damage_healed":0,"gold_gain":333,"player_choice":"Gave Idol","damage_taken":0,"max_hp_gain":0,"max_hp_loss":0,"event_name":"The Moai Head","floor":37,"relics_lost":["Golden Idol"],"gold_loss":0},{"damage_healed":0,"gold_gain":0,"player_choice":"Paid","damage_taken":0,"relics_obtained":["Red Mask"],"max_hp_gain":0,"max_hp_loss":0,"event_name":"Tomb of Lord Red Mask","floor":38,"gold_loss":435}],"is_beta":false,"boss_relics":[{"not_picked":["Calling Bell","Tiny House"],"picked":"Sozu"},{"not_picked":["Astrolabe","Coffee Dripper"],"picked":"Busted Crown"}],"items_purged_floors":[2,12,20,36],"is_endless":false,"potions_floor_spawned":[1,3,6,13,16,18,24,25,33,35,39,48],"ascension_level":1}