{"gold_per_floor":[116,116,136,136,16,41,41,51,51,61,77,90,90,15,15,112,112,124,46,46,7,24,35,35,35,35,50,50,50,81,81,81,81],"floor_reached":33,"playtime":1694,"items_purged":["Defend_R"],"score":265,"play_id":"079bb377-2d77-46d1-840f-7e65853c08f4","local_time":"20190602014946","is_ascension_mode":false,"campfire_choices":[{"floor":7,"key":"REST"},{"floor":13,"key":"REST"},{"data":"Anger","floor":15,"key":"SMITH"},{"floor":25,"key":"REST"},{"floor":28,"key":"REST"},{"floor":32,"key":"REST"}],"neow_cost":"PERCENT_DAMAGE","seed_source_timestamp":49740379756151,"circlet_count":0,"master_deck":["Strike_R","Defend_R","Defend_R","Defend_R","Bash+1","Inflame","Anger+1","Headbutt","Cleave","Inflame","Iron Wave","Burning Pact+1","Spot Weakness","Shrug It Off+1"],"relics":["Burning Blood","Paper Frog","Matryoshka","Bag of Preparation","Art of War","Orrery","Potion Belt","Kunai","Mummified Hand"],"potions_floor_usage":[6,6,33],"damage_taken":[{"damage":10,"enemies":"Jaw Worm","floor":1,"turns":5},{"damage":1,"enemies":"2 Louse","floor":3,"turns":4},{"damage":31,"enemies":"Lagavulin","floor":6,"turns":5},{"damage":1,"enemies":"Cultist","floor":8,"turns":3},{"damage":10,"enemies":"3 Louse","floor":10,"turns":3},{"damage":11,"enemies":"Exordium Thugs","floor":11,"turns":4},{"damage":7,"enemies":"2 Fungi Beasts","floor":12,"turns":3},{"damage":50,"enemies":"The Guardian","floor":16,"turns":11},{"damage":10,"enemies":"Spheric Guardian","floor":18,"turns":3},{"damage":15,"enemies":"Shell Parasite","floor":22,"turns":4},{"damage":16,"enemies":"3 Cultists","floor":23,"turns":4},{"damage":32,"enemies":"Snake Plant","floor":27,"turns":4},{"damage":52,"enemies":"Book of Stabbing","floor":30,"turns":5},{"damage":49,"enemies":"Collector","floor":33,"turns":5}],"seed_played":"-930291709670618716","potions_obtained":[{"floor":1,"key":"Fire Potion"},{"floor":3,"key":"LiquidBronze"},{"floor":12,"key":"GamblersBrew"},{"floor":18,"key":"Dexterity Potion"}],"is_trial":false,"path_per_floor":["M","?","M","?","?","E","R","M","T","M","M","M","R","$","R","B",null,"M","$","?","$","M","M","?","R","T","M","R","?","E","$","R","B"],"character_chosen":"IRONCLAD","items_purchased":["Burning Pact","Spot Weakness"],"campfire_rested":5,"item_purchase_floors":[19,21],"current_hp_per_floor":[52,52,57,50,50,25,49,54,54,50,45,44,68,68,68,24,80,76,76,76,76,67,57,49,73,73,47,71,71,25,25,49,0],"gold":81,"neow_bonus":"REMOVE_TWO","is_prod":false,"is_daily":false,"chose_seed":false,"campfire_upgraded":1,"win_rate":0,"timestamp":1559432986,"path_taken":["M","?","M","?","?","E","R","M","T","?","M","M","R","$","R","BOSS","M","$","?","?","M","M","?","R","T","?","R","?","E","$","R","BOSS"],"build_version":"2019-01-23","purchased_purges":1,"victory":false,"max_hp_per_floor":[80,80,80,80,80,80,80,80,80,80,80,80,80,80,80,80,80,80,80,80,80,80,80,80,80,80,80,80,80,80,80,80,80],"card_choices":[{"not_picked":["Bloodletting","Sword Boomerang","Combust"],"picked":"SKIP","floor":1},{"not_picked":["Clothesline","Disarm","Perfected Strike"],"picked":"SKIP","floor":3},{"not_picked":["Iron Wave","Flame Barrier"],"picked":"Inflame","floor":6},{"not_picked":["Sentinel","Heavy Blade"],"picked":"Anger","floor":8},{"not_picked":["Wild Strike","Anger"],"picked":"Headbutt","floor":10},{"not_picked":["Flex","Anger","Carnage"],"picked":"SKIP","floor":11},{"not_picked":["Seeing Red","Second Wind"],"picked":"Cleave","floor":12},{"not_picked":["Warcry","Seeing Red"],"picked":"Inflame","floor":17},{"not_picked":["Headbutt","Heavy Blade"],"picked":"Iron Wave","floor":18},{"not_picked":["Anger","Clothesline+1","Sword Boomerang+1"],"picked":"SKIP","floor":22},{"not_picked":["Clothesline+1","Flex","Second Wind+1"],"picked":"SKIP","floor":23},{"not_picked":["Pommel Strike","Immolate","Cleave"],"picked":"SKIP","floor":27},{"not_picked":["Headbutt","Sword Boomerang"],"picked":"Shrug It Off+1","floor":30}],"player_experience":375236,"relics_obtained":[{"floor":6,"key":"Matryoshka"},{"floor":9,"key":"Bag of Preparation"},{"floor":9,"key":"Art of War"},{"floor":26,"key":"Potion Belt"},{"floor":26,"key":"Kunai"},{"floor":30,"key":"Mummified Hand"}],"event_choices":[{"damage_healed":0,"gold_gain":0,"player_choice":"Grow","damage_taken":0,"max_hp_gain":0,"max_hp_loss":0,"event_name":"Living Wall","floor":2,"gold_loss":0,"cards_upgraded":["Bash"]},{"cards_removed":["Strike_R"],"damage_healed":0,"gold_gain":0,"player_choice":"Card Removal","damage_taken":7,"max_hp_gain":0,"max_hp_loss":0,"event_name":"Golden Wing","floor":4,"gold_loss":0},{"damage_healed":0,"gold_gain":0,"player_choice":"Paid Gold","damage_taken":0,"relics_obtained":["Paper Frog"],"max_hp_gain":0,"max_hp_loss":0,"event_name":"WeMeetAgain","floor":5,"gold_loss":120},{"damage_healed":0,"gold_gain":0,"player_choice":"Forge","damage_taken":0,"max_hp_gain":0,"max_hp_loss":0,"event_name":"Accursed Blacksmith","floor":20,"gold_loss":0,"cards_upgraded":["Burning Pact"]},{"damage_healed":0,"gold_gain":0,"player_choice":"","damage_taken":8,"max_hp_gain":0,"max_hp_loss":0,"event_name":"Knowing Skull","floor":24,"potions_obtained":[],"gold_loss":0,"cards_obtained":[]},{"cards_removed":["Strike_R"],"damage_healed":0,"gold_gain":0,"player_choice":"Purged","damage_taken":0,"max_hp_gain":0,"max_hp_loss":0,"event_name":"Purifier","floor":29,"gold_loss":0}],"is_beta":false,"boss_relics":[{"not_picked":["Cursed Key","Eternal Feather"],"picked":"Orrery"}],"items_purged_floors":[14],"is_endless":false,"potions_floor_spawned":[1,3,12,18],"killed_by":"Collector","ascension_level":0}