{"gold_per_floor":[118,129,53,70,81,106,106,106,151,151],"floor_reached":10,"playtime":667,"items_purged":[],"score":68,"play_id":"16053952-6138-4fe4-925d-98a34b7923ca","local_time":"20190529134203","is_ascension_mode":false,"campfire_choices":[{"floor":8,"key":"REST"}],"neow_cost":"NONE","seed_source_timestamp":995007978374724,"circlet_count":0,"master_deck":["Defend_G","Defend_G","Defend_G","Defend_G","Defend_G","Strike_G","Strike_G","Strike_G","Strike_G","Strike_G","Survivor","Neutralize","Quick Slash","Acrobatics","Tools of the Trade","Poisoned Stab","Poisoned Stab","Quick Slash","Infinite Blades","Infinite Blades","Bouncing Flask+1","Prepared","Wraith Form v2"],"relics":["Orrery","Toxic Egg 2","Centennial Puzzle"],"potions_floor_usage":[],"damage_taken":[{"damage":0,"enemies":"Jaw Worm","floor":1,"turns":3},{"damage":0,"enemies":"2 Louse","floor":2,"turns":2},{"damage":8,"enemies":"Small Slimes","floor":4,"turns":3},{"damage":41,"enemies":"Gremlin Gang","floor":5,"turns":5},{"damage":13,"enemies":"Lagavulin","floor":6,"turns":6},{"damage":0,"enemies":"Exordium Thugs","floor":10,"turns":1}],"seed_played":"-518007831484210451","potions_obtained":[{"floor":1,"key":"Swift Potion"},{"floor":4,"key":"Strength Potion"},{"floor":6,"key":"Poison Potion"}],"is_trial":false,"path_per_floor":["M","M","$","M","M","E","?","R","T","M"],"character_chosen":"THE_SILENT","items_purchased":["Infinite Blades"],"campfire_rested":1,"item_purchase_floors":[3],"current_hp_per_floor":[70,70,70,62,21,8,8,29,29,29],"gold":151,"neow_bonus":"BOSS_RELIC","is_prod":false,"is_daily":false,"chose_seed":false,"campfire_upgraded":0,"win_rate":0.0,"timestamp":1559162523,"path_taken":["M","M","$","M","M","E","?","R","T","M"],"build_version":"2019-01-23","purchased_purges":0,"victory":false,"max_hp_per_floor":[70,70,70,70,70,70,70,70,70,70],"card_choices":[{"not_picked":["Dash","Underhanded Strike"],"picked":"Quick Slash","floor":0},{"not_picked":["Slice","Outmaneuver"],"picked":"Acrobatics","floor":0},{"not_picked":["Acrobatics","Dagger Spray"],"picked":"Tools of the Trade","floor":0},{"not_picked":["Expertise","Eviscerate"],"picked":"Poisoned Stab","floor":0},{"not_picked":["Deflect","Calculated Gamble"],"picked":"Poisoned Stab","floor":0},{"not_picked":["Outmaneuver","Dash"],"picked":"Quick Slash","floor":1},{"not_picked":["Outmaneuver","Dagger Spray"],"picked":"Infinite Blades","floor":2},{"not_picked":["Poisoned Stab","Predator"],"picked":"Bouncing Flask","floor":4},{"not_picked":["Acrobatics","All Out Attack"],"picked":"Prepared","floor":5},{"not_picked":["Caltrops","Underhanded Strike"],"picked":"Wraith Form v2","floor":6}],"player_experience":28257,"relics_obtained":[{"floor":6,"key":"Toxic Egg 2"},{"floor":9,"key":"Centennial Puzzle"}],"event_choices":[{"damage_healed":0,"gold_gain":0,"player_choice":"Grow","damage_taken":0,"max_hp_gain":0,"max_hp_loss":0,"event_name":"Living Wall","floor":7,"gold_loss":0,"cards_upgraded":["Bouncing Flask"]}],"is_beta":false,"boss_relics":[],"items_purged_floors":[],"is_endless":false,"potions_floor_spawned":[1,4,6],"killed_by":"Exordium Thugs","ascension_level":0}