{"path_per_floor":["M","M","M","M","?","R","E","R","T","?","M","?","E","$","R","B",null,"M","$","M","?","?","R","M","E","T","M","M","R","M","M","R","B",null,"M","M","$","$","M","M","R","M","T","R","M","R","?","M","R"],"character_chosen":"THE_SILENT","items_purchased":["Deadly Poison","Noxious Fumes","Noxious Fumes","Darkstone Periapt"],"gold_per_floor":[112,128,146,164,164,164,205,205,205,231,256,256,300,180,180,300,300,318,178,202,202,117,117,130,166,190,206,231,231,249,265,265,390,390,415,439,13,13,36,61,61,76,99,99,120,120,120,138,138],"floor_reached":50,"campfire_rested":5,"playtime":4695,"current_hp_per_floor":[68,67,67,67,50,50,47,47,47,38,38,38,35,35,56,12,70,70,70,70,70,77,77,74,35,35,32,31,54,42,26,49,26,77,77,69,69,69,52,46,46,46,52,52,36,60,50,7,31],"items_purged":["Defend_G","Strike_G","Strike_G"],"gold":138,"score":453,"play_id":"918eaa21-5b4f-4768-a3d5-9dd7feab55cc","is_prod":false,"is_daily":false,"is_ascension_mode":false,"campfire_upgraded":4,"path_taken":["M","M","M","M","?","R","E","R","T","?","?","?","E","$","R","BOSS","M","$","?","?","?","R","M","E","T","M","M","R","?","M","R","BOSS","M","M","?","$","M","?","R","M","T","R","M","R","?","M","R","BOSS"],"build_version":"2018-02-15-PROD1","purchased_purges":3,"victory":false,"master_deck":["Defend_G","Defend_G","Defend_G","Defend_G","Strike_G","Strike_G","Survivor","Neutralize+1","Venomology+1","Dash","Deadly Poison","Outmaneuver","Poisoned Stab","Bane","Dash","Deadly Poison","Burst","Distraction+1","Noxious Fumes+1","Deadly Poison","Crippling Poison","A Thousand Cuts","Decay","PiercingWail+1","Poisoned Stab","After Image+1","After Image","Night Terror","Noxious Fumes","Noxious Fumes+1","Choke+1","Injury","Skewer+1","Madness","Madness","Terror"],"max_hp_per_floor":[70,70,70,70,70,70,70,70,70,70,70,70,70,70,70,70,70,70,70,70,70,77,77,77,77,77,77,77,77,77,77,77,77,77,77,77,77,77,77,77,77,77,83,83,83,83,83,83,83],"relics":["Ring of the Snake","Golden Idol","Oddly Smooth Stone","Gremlin Horn","Odd Mushroom","Shovel","Cursed Key","Strawberry","Bag of Marbles","Vajra","The Specimen","Darkstone Periapt","Happy Flower","Omamori"],"card_choices":[{"not_picked":["Quick Slash","Blur"],"picked":"Dash"},{"not_picked":["Dagger Throw","Sucker Punch"],"picked":"Deadly Poison"},{"not_picked":["Venomology","Slice"],"picked":"Outmaneuver"},{"not_picked":["Calculated Gamble","Flechettes"],"picked":"Poisoned Stab"},{"not_picked":["Prepared","Outmaneuver"],"picked":"Bane"},{"not_picked":["Slice","Bane"],"picked":"Dash"},{"not_picked":["Wraith Form","Corpse Explosion"],"picked":"Burst"},{"not_picked":["Outmaneuver","Sucker Punch"],"picked":"Distraction"},{"not_picked":["Eviscerate","Backflip"],"picked":"Deadly Poison"},{"not_picked":["Flechettes","Dagger Spray"],"picked":"A Thousand Cuts"},{"not_picked":["Sucker Punch","Dagger Throw"],"picked":"PiercingWail"},{"not_picked":["Dagger Throw","Dash"],"picked":"Poisoned Stab"},{"not_picked":["Sucker Punch","Backflip"],"picked":"After Image"},{"not_picked":["Burst","Corpse Explosion"],"picked":"After Image"},{"not_picked":["Prepared","Calculated Gamble"],"picked":"Night Terror"},{"not_picked":["Terror","Outmaneuver"],"picked":"Noxious Fumes"},{"not_picked":["Backflip","Prepared"],"picked":"Choke"},{"not_picked":["Slice","Crippling Poison"],"picked":"Skewer"},{"not_picked":["Prepared","Masterful Stab"],"picked":"Terror"}],"player_experience":17876,"potions_floor_usage":[2,3,3,4,4,7,10,11,13,13,16,20,24,24,25,25,27,28,30,33,33,35,36,36,39,40,40,40,42,45,50,50,50,50],"damage_taken":[{"damage":2,"enemies":"Jaw Worm","floor":1,"turns":6},{"damage":1,"enemies":"Small Slimes","floor":2,"turns":4},{"damage":0,"enemies":"Cultist","floor":3,"turns":2},{"damage":0,"enemies":"Looter","floor":4,"turns":3},{"damage":3,"enemies":"Gremlin Nob","floor":7,"turns":4},{"damage":9,"enemies":"The Mushroom Lair","floor":10,"turns":5},{"damage":0,"enemies":"Large Slime","floor":11,"turns":6},{"damage":3,"enemies":"3 Sentries","floor":13,"turns":6},{"damage":44,"enemies":"Hexaghost","floor":16,"turns":12},{"damage":0,"enemies":"Chosen","floor":18,"turns":5},{"damage":0,"enemies":"3 Byrds","floor":20,"turns":5},{"damage":3,"enemies":"Snake Plant","floor":24,"turns":5},{"damage":39,"enemies":"Slavers","floor":25,"turns":5},{"damage":3,"enemies":"Centurion and Healer","floor":27,"turns":6},{"damage":10,"enemies":"Sentry and Sphere","floor":28,"turns":5},{"damage":12,"enemies":"Snake Plant","floor":30,"turns":4},{"damage":16,"enemies":"Snecko","floor":31,"turns":4},{"damage":23,"enemies":"Champ","floor":33,"turns":13},{"damage":0,"enemies":"Orb Walker","floor":35,"turns":5},{"damage":8,"enemies":"3 Shapes","floor":36,"turns":6},{"damage":17,"enemies":"Sphere and 2 Shapes","floor":39,"turns":6},{"damage":21,"enemies":"4 Shapes","floor":40,"turns":6},{"damage":0,"enemies":"Maw","floor":42,"turns":7},{"damage":16,"enemies":"Sphere and 2 Shapes","floor":45,"turns":5},{"damage":43,"enemies":"3 Darklings","floor":48,"turns":6},{"damage":38,"enemies":"Time Eater","floor":50,"turns":6}],"event_choices":[{"event_name":"Golden Idol","player_choice":"Take Damage","floor":5,"damage_taken":0},{"event_name":"Mushrooms","player_choice":"Fought Mushrooms","floor":10,"damage_taken":0},{"event_name":"Bonfire Elementals","player_choice":"BASIC","floor":12,"damage_taken":0},{"event_name":"The Library","player_choice":"Read","floor":21,"damage_taken":0},{"event_name":"Addict","player_choice":"Obtained Relic","floor":22,"damage_taken":0},{"event_name":"Winding Halls","player_choice":"Embrace Madness","floor":47,"damage_taken":0}],"boss_relics":[{"not_picked":["Eternal Feather","Lizard Tail"],"picked":"Cursed Key"},{"not_picked":["Runic Dome","Snecko Eye"],"picked":"The Specimen"}],"potions_floor_spawned":[1,2,3,7,16,18,27,28,31,35,36,48],"seed_played":"8793656917448568643","killed_by":"Time Eater","ascension_level":0,"is_trial":false}