{"gold_per_floor":[112,112,62,62,72,103,103,69,369,381,399,416,443,459,459,555,555,575,589,274,274,274,274,274,292,318,328,427,427],"floor_reached":29,"playtime":1433,"items_purged":[],"score":259,"play_id":"28041db4-b260-4076-9ad3-5a4087d1c0a3","local_time":"20190718022357","is_ascension_mode":true,"campfire_choices":[{"data":"Leap","floor":7,"key":"SMITH"},{"floor":15,"key":"REST"},{"data":"Loop","floor":23,"key":"SMITH"}],"neow_cost":"NONE","seed_source_timestamp":6055160965521,"circlet_count":0,"master_deck":["Strike_B","Strike_B","Strike_B","Defend_B","Defend_B","Defend_B","Defend_B","Zap","Dualcast","Cold Snap","Leap","Leap+1","Defragment+1","Rebound","Capacitor","Loop+1","Amplify","Compile Driver","Consume","Conserve Battery"],"relics":["Cracked Core","Art of War","Old Coin","Regal Pillow","Nuclear Battery","Membership Card","Juzu Bracelet","Oddly Smooth Stone"],"potions_floor_usage":[12,16,16,18,27,29],"damage_taken":[{"damage":2,"enemies":"Jaw Worm","floor":1,"turns":3},{"damage":0,"enemies":"2 Louse","floor":5,"turns":4},{"damage":18,"enemies":"Lagavulin","floor":6,"turns":8},{"damage":0,"enemies":"Cultist","floor":10,"turns":4},{"damage":0,"enemies":"Looter","floor":11,"turns":3},{"damage":3,"enemies":"Lots of Slimes","floor":12,"turns":2},{"damage":30,"enemies":"3 Sentries","floor":13,"turns":8},{"damage":20,"enemies":"Large Slime","floor":14,"turns":6},{"damage":51,"enemies":"Hexaghost","floor":16,"turns":12},{"damage":19,"enemies":"3 Byrds","floor":18,"turns":7},{"damage":9,"enemies":"Spheric Guardian","floor":19,"turns":5},{"damage":17,"enemies":"Snecko","floor":25,"turns":5},{"damage":14,"enemies":"Centurion and Healer","floor":27,"turns":9},{"damage":66,"enemies":"Slavers","floor":29,"turns":5}],"seed_played":"700404568710412456","potions_obtained":[{"floor":6,"key":"FearPotion"},{"floor":10,"key":"PowerPotion"},{"floor":13,"key":"Ancient Potion"},{"floor":14,"key":"Ancient Potion"},{"floor":16,"key":"Block Potion"},{"floor":18,"key":"SteroidPotion"},{"floor":25,"key":"Block Potion"}],"is_trial":false,"path_per_floor":["M","?","?","?","M","E","R","$","T","M","M","M","E","M","R","B",null,"M","M","$","?","?","R","?","M","T","M","?","E"],"character_chosen":"DEFECT","items_purchased":["Defragment","Membership Card","Juzu Bracelet","EssenceOfSteel"],"campfire_rested":1,"item_purchase_floors":[8,20,20,20],"current_hp_per_floor":[80,80,80,85,85,67,67,67,67,67,67,64,34,14,55,4,87,68,59,59,59,59,59,87,70,70,56,56,0],"gold":427,"neow_bonus":"TEN_PERCENT_HP_BONUS","is_prod":false,"is_daily":false,"chose_seed":false,"campfire_upgraded":2,"win_rate":0,"timestamp":1563434637,"path_taken":["M","?","?","?","M","E","R","?","T","M","M","?","E","M","R","BOSS","M","M","$","?","?","R","?","M","T","M","?","E"],"build_version":"2019-07-17","purchased_purges":0,"victory":false,"max_hp_per_floor":[82,82,82,87,87,87,87,87,87,87,87,87,87,87,87,87,87,87,87,87,87,87,87,87,87,87,87,87,87],"card_choices":[{"not_picked":["Beam Cell","Scrape"],"picked":"Cold Snap","floor":1},{"not_picked":["Gash","Reinforced Body"],"picked":"Leap","floor":5},{"not_picked":["Tempest","Hologram"],"picked":"Leap","floor":6},{"not_picked":["BootSequence","Coolheaded","Go for the Eyes"],"picked":"SKIP","floor":10},{"not_picked":["Hologram","Redo"],"picked":"Rebound","floor":11},{"not_picked":["Buffer","Melter"],"picked":"Capacitor","floor":12},{"not_picked":["Undo","Barrage","Sweeping Beam"],"picked":"SKIP","floor":13},{"not_picked":["Stack","Redo"],"picked":"Loop","floor":14},{"not_picked":["Core Surge","Meteor Strike"],"picked":"Amplify","floor":16},{"not_picked":["Steam Power+1","Reinforced Body+1"],"picked":"Compile Driver","floor":18},{"not_picked":["Hologram","White Noise","Go for the Eyes"],"picked":"SKIP","floor":19},{"not_picked":["White Noise","Multi-Cast"],"picked":"Consume","floor":25},{"not_picked":["Hologram","Streamline"],"picked":"Conserve Battery","floor":27}],"player_experience":147985,"relics_obtained":[{"floor":6,"key":"Art of War"},{"floor":9,"key":"Old Coin"},{"floor":13,"key":"Regal Pillow"},{"floor":26,"key":"Oddly Smooth Stone"}],"event_choices":[{"damage_healed":0,"gold_gain":0,"player_choice":"Ignored","damage_taken":0,"max_hp_gain":0,"max_hp_loss":0,"event_name":"Golden Idol","floor":2,"gold_loss":0},{"cards_removed":["Strike_B"],"damage_healed":0,"gold_gain":0,"player_choice":"Card Removal","damage_taken":0,"max_hp_gain":0,"max_hp_loss":0,"event_name":"The Cleric","floor":3,"gold_loss":50},{"damage_healed":0,"gold_gain":0,"player_choice":"Donut","damage_taken":0,"max_hp_gain":5,"max_hp_loss":0,"event_name":"Big Fish","floor":4,"gold_loss":0},{"damage_healed":0,"gold_gain":0,"player_choice":"Forge","damage_taken":0,"max_hp_gain":0,"max_hp_loss":0,"event_name":"Accursed Blacksmith","floor":21,"gold_loss":0,"cards_upgraded":["Defragment"]},{"damage_healed":0,"gold_gain":0,"player_choice":"Ignored","damage_taken":0,"max_hp_gain":0,"max_hp_loss":0,"event_name":"Vampires","floor":22,"gold_loss":0},{"damage_healed":28,"gold_gain":0,"player_choice":"Full Heal","damage_taken":0,"max_hp_gain":0,"max_hp_loss":0,"event_name":"Wheel of Change","floor":24,"gold_loss":0},{"damage_healed":0,"gold_gain":99,"player_choice":"Stole From Cult","damage_taken":0,"max_hp_gain":0,"max_hp_loss":0,"event_name":"Nest","floor":28,"gold_loss":0}],"is_beta":false,"boss_relics":[{"not_picked":["Calling Bell","Orrery"],"picked":"Nuclear Battery"}],"items_purged_floors":[],"is_endless":false,"potions_floor_spawned":[6,10,13,14,16,18,25],"killed_by":"Slavers","ascension_level":2}