{"gold_per_floor":[110,128,53,67,24,24,34,34,84,111,123,167,179,248,260,272],"floor_reached":16,"playtime":708,"items_purged":[],"score":270,"play_id":"f9a11cf9-2f2a-4c0d-a817-14b9c85abd05","local_time":"20181127020057","is_ascension_mode":true,"campfire_choices":[{"data":"Neutralize","floor":6,"key":"SMITH"},{"data":"Well Laid Plans","floor":8,"key":"SMITH"},{"data":"Footwork","floor":11,"key":"SMITH"},{"floor":15,"key":"REST"}],"neow_cost":"NONE","seed_source_timestamp":635968824059215,"circlet_count":0,"master_deck":["AscendersBane","Defend_G","Defend_G","Defend_G","Defend_G","Defend_G","Strike_G","Strike_G","Strike_G","Strike_G","Strike_G","Survivor","Neutralize+1","All Out Attack","Footwork+1","Sucker Punch","Well Laid Plans+1","Footwork"],"relics":["Ring of the Snake","NeowsBlessing","MawBank","Strawberry","Tiny Chest"],"potions_floor_usage":[12,14,16],"damage_taken":[{"damage":0,"enemies":"Cultist","floor":1,"turns":1},{"damage":0,"enemies":"Small Slimes","floor":2,"turns":1},{"damage":0,"enemies":"Jaw Worm","floor":4,"turns":1},{"damage":6,"enemies":"Looter","floor":7,"turns":4},{"damage":22,"enemies":"Exordium Wildlife","floor":10,"turns":6},{"damage":0,"enemies":"3 Sentries","floor":12,"turns":9},{"damage":15,"enemies":"Lagavulin","floor":14,"turns":9},{"damage":53,"enemies":"Slime Boss","floor":16,"turns":16}],"seed_played":"-1926802345092670616","potions_obtained":[{"floor":1,"key":"EssenceOfSteel"},{"floor":4,"key":"FearPotion"},{"floor":14,"key":"FearPotion"}],"is_trial":false,"path_per_floor":["M","M","$","M","$","R","M","R","T","M","R","E","$","E","R","B"],"character_chosen":"THE_SILENT","items_purchased":["Footwork","Well Laid Plans"],"campfire_rested":1,"item_purchase_floors":[3,5],"current_hp_per_floor":[59,59,59,59,59,59,53,53,53,31,31,38,38,23,44,0],"gold":272,"neow_bonus":"THREE_ENEMY_KILL","is_prod":false,"is_daily":false,"chose_seed":false,"campfire_upgraded":3,"win_rate":0,"timestamp":1543251657,"path_taken":["M","?","?","M","?","R","M","R","T","M","R","E","$","E","R","BOSS"],"build_version":"2018-11-15","purchased_purges":0,"victory":false,"max_hp_per_floor":[66,66,66,66,66,66,66,66,66,66,66,73,73,73,73,73],"card_choices":[{"not_picked":["Setup","Slice","Outmaneuver"],"picked":"SKIP","floor":1},{"not_picked":["Dagger Throw","Setup"],"picked":"All Out Attack","floor":2},{"not_picked":["All Out Attack","Distraction"],"picked":"Sucker Punch","floor":4},{"not_picked":["Slice","Deflect","Underhanded Strike"],"picked":"SKIP","floor":7},{"not_picked":["Flying Knee","Underhanded Strike","Blade Dance"],"picked":"SKIP","floor":10},{"not_picked":["Wraith Form v2","Heel Hook"],"picked":"Footwork","floor":12},{"not_picked":["Crippling Poison","Flying Knee","Eviscerate"],"picked":"SKIP","floor":14}],"player_experience":449521,"relics_obtained":[{"floor":9,"key":"MawBank"},{"floor":12,"key":"Strawberry"},{"floor":14,"key":"Tiny Chest"}],"event_choices":[],"is_beta":false,"boss_relics":[],"items_purged_floors":[],"is_endless":false,"potions_floor_spawned":[1,4,7,10,14],"killed_by":"Slime Boss","ascension_level":20}