{"gold_per_floor":[111,111,111,111,111,150,164,164,191,224,224,245,17,30,30,150,150,166,166,186,15,34,34,75,75,101,141,157,182,195,210,210,338,338,353,367,385,385,405,405,424,424,424,424],"floor_reached":44,"playtime":3174,"items_purged":["Defend_R","Strike_R"],"score":610,"play_id":"77114777-4c93-4437-98a0-097947c8cee9","local_time":"20190707152044","is_ascension_mode":true,"campfire_choices":[{"floor":8.0,"key":"RECALL"},{"data":"Sentinel","floor":11.0,"key":"SMITH"},{"data":"Feed","floor":15.0,"key":"SMITH"},{"data":"Corruption","floor":23.0,"key":"SMITH"},{"floor":25.0,"key":"REST"},{"floor":32.0,"key":"REST"},{"data":"Sentinel","floor":40.0,"key":"SMITH"},{"data":"Barricade","floor":42.0,"key":"SMITH"}],"neow_cost":"NONE","seed_source_timestamp":0,"circlet_count":0,"master_deck":["Strike_R","Strike_R","Bash","Sentinel+1","Body Slam","Havoc","Perfected Strike","Feed+1","Spot Weakness","Juggernaut","Sword Boomerang+1","Anger+1","Reaper+1","Corruption+1","Sentinel+1","Twin Strike","Impervious","Barricade+1","Perfected Strike+1","Feel No Pain+1","Havoc","Shrug It Off+1","Dark Embrace","Clumsy","Shame","Clumsy","Second Wind","Pummel","Pommel Strike+1","Thunderclap"],"special_seed":0,"relics":["Burning Blood","NeowsBlessing","Pen Nib","Golden Idol","Mango","Charon\u0027s Ashes","Astrolabe","Kunai","Smiling Mask","Torii","Calling Bell","Boot","Sundial","Unceasing Top","Question Card"],"potions_floor_usage":[],"damage_taken":[{"damage":0.0,"enemies":"2 Louse","floor":1.0,"turns":1.0},{"damage":0.0,"enemies":"3 Sentries","floor":6.0,"turns":2.0},{"damage":0.0,"enemies":"Cultist","floor":7.0,"turns":1.0},{"damage":39.0,"enemies":"Gremlin Nob","floor":10.0,"turns":5.0},{"damage":0.0,"enemies":"Small Slimes","floor":12.0,"turns":2.0},{"damage":1.0,"enemies":"Red Slaver","floor":14.0,"turns":2.0},{"damage":40.0,"enemies":"Hexaghost","floor":16.0,"turns":6.0},{"damage":25.0,"enemies":"3 Byrds","floor":18.0,"turns":5.0},{"damage":25.0,"enemies":"2 Thieves","floor":20.0,"turns":4.0},{"damage":37.0,"enemies":"Snake Plant","floor":22.0,"turns":4.0},{"damage":54.0,"enemies":"Slavers","floor":24.0,"turns":5.0},{"damage":58.0,"enemies":"Gremlin Leader","floor":27.0,"turns":7.0},{"damage":23.0,"enemies":"Centurion and Healer","floor":28.0,"turns":5.0},{"damage":0.0,"enemies":"Snecko","floor":29.0,"turns":4.0},{"damage":25.0,"enemies":"Snake Plant","floor":30.0,"turns":5.0},{"damage":29.0,"enemies":"Centurion and Healer","floor":31.0,"turns":5.0},{"damage":56.0,"enemies":"Collector","floor":33.0,"turns":9.0},{"damage":64.0,"enemies":"3 Darklings","floor":35.0,"turns":4.0},{"damage":1.0,"enemies":"3 Shapes","floor":36.0,"turns":3.0},{"damage":0.0,"enemies":"Maw","floor":37.0,"turns":5.0},{"damage":49.0,"enemies":"4 Shapes","floor":39.0,"turns":3.0},{"damage":16.0,"enemies":"Jaw Worm Horde","floor":41.0,"turns":6.0},{"damage":49,"enemies":"Nemesis","floor":44,"turns":3}],"seed_played":"-5365585446666991482","potions_obtained":[{"floor":7.0,"key":"Dexterity Potion"},{"floor":10.0,"key":"Ancient Potion"},{"floor":12.0,"key":"Poison Potion"},{"floor":14.0,"key":"Energy Potion"},{"floor":16.0,"key":"FearPotion"},{"floor":18.0,"key":"BloodPotion"},{"floor":19.0,"key":"AttackPotion"},{"floor":19.0,"key":"Energy Potion"},{"floor":22.0,"key":"SpeedPotion"},{"floor":30.0,"key":"Swift Potion"},{"floor":33.0,"key":"Strength Potion"},{"floor":35.0,"key":"Fire Potion"},{"floor":39.0,"key":"Poison Potion"}],"is_trial":false,"path_per_floor":["M","?","?","?","?","E","M","R","T","E","R","M","$","M","R","B",null,"M","?","M","$","M","R","E","R","T","E","M","M","M","M","R","B",null,"M","M","M","?","M","R","M","R","T","E"],"character_chosen":"IRONCLAD","items_purchased":["Feed","Sentinel"],"campfire_rested":2,"item_purchase_floors":[13,21],"current_hp_per_floor":[80,80,68,48,48,68,74,74,74,41,41,47,47,52,52,18,94,82,82,72,72,45,45,20,50,50,13,16,27,24,11,42,8,106,63,78,84,84,45,45,45,45,45,0],"gold":424,"neow_bonus":"THREE_ENEMY_KILL","is_prod":false,"is_daily":false,"chose_seed":false,"campfire_upgraded":5,"win_rate":0,"timestamp":1562538044,"path_taken":["M","?","?","?","?","E","M","R","T","E","R","M","$","?","R","BOSS","M","?","M","$","M","R","E","R","T","E","M","M","?","M","R","BOSS","M","M","?","?","M","R","M","R","T","E"],"build_version":"2019-07-05","purchased_purges":2,"victory":false,"max_hp_per_floor":[80,80,80,80,80,94,94,94,94,94,94,94,94,94,94,94,94,94,94,98,98,102,102,102,102,102,102,102,102,106,106,106,106,106,106,106,106,106,110,110,110,110,110,110],"card_choices":[{"not_picked":["Flex","True Grit"],"picked":"Dual Wield","floor":1.0},{"not_picked":["Cleave","Clash"],"picked":"Sentinel","floor":6.0},{"not_picked":["Sword Boomerang","Bloodletting"],"picked":"Body Slam","floor":7.0},{"not_picked":["Body Slam","Thunderclap"],"picked":"Havoc","floor":10.0},{"not_picked":["Pummel","Blood for Blood"],"picked":"Perfected Strike","floor":12.0},{"not_picked":["Heavy Blade","Feel No Pain"],"picked":"Spot Weakness","floor":14.0},{"not_picked":["Double Tap","Brutality"],"picked":"Juggernaut","floor":16.0},{"not_picked":["Sword Boomerang","Body Slam","Clash+1"],"picked":"SKIP","floor":18.0},{"not_picked":["Anger","Power Through"],"picked":"Corruption","floor":20.0},{"not_picked":["Warcry","Armaments"],"picked":"Twin Strike","floor":22.0},{"not_picked":["Whirlwind","Body Slam"],"picked":"Impervious","floor":24.0},{"not_picked":["Sword Boomerang","Whirlwind"],"picked":"Barricade","floor":27.0},{"not_picked":["Iron Wave","True Grit"],"picked":"Perfected Strike+1","floor":28.0},{"not_picked":["Corruption","Clash"],"picked":"Feel No Pain+1","floor":29.0},{"not_picked":["Flex+1","Headbutt"],"picked":"Havoc","floor":30.0},{"not_picked":["Inflame+1","Corruption"],"picked":"Shrug It Off+1","floor":31.0},{"not_picked":["Bludgeon","Double Tap"],"picked":"Dark Embrace","floor":33.0},{"not_picked":["Flex","Headbutt"],"picked":"Second Wind","floor":35.0},{"not_picked":["Uppercut","Headbutt"],"picked":"Pummel","floor":36.0},{"not_picked":["Sword Boomerang","Rampage+1"],"picked":"Pommel Strike+1","floor":37.0},{"not_picked":["Wild Strike+1","Warcry"],"picked":"Thunderclap","floor":39.0},{"not_picked":["True Grit+1","Immolate","Sever Soul"],"picked":"SKIP","floor":41.0}],"player_experience":160862,"relics_obtained":[{"floor":6.0,"key":"Mango"},{"floor":10.0,"key":"Charon\u0027s Ashes"},{"floor":24.0,"key":"Kunai"},{"floor":26.0,"key":"Smiling Mask"},{"floor":27.0,"key":"Torii"},{"floor":34.0,"key":"Boot"},{"floor":34.0,"key":"Sundial"},{"floor":34.0,"key":"Unceasing Top"},{"floor":43.0,"key":"Question Card"}],"event_choices":[{"cards_removed":["Defend_R"],"damage_healed":0.0,"max_hp_gain":0.0,"max_hp_loss":0.0,"gold_gain":0.0,"event_name":"Living Wall","player_choice":"Forget","floor":2.0,"gold_loss":0.0,"damage_taken":0.0},{"damage_healed":0.0,"max_hp_gain":0.0,"max_hp_loss":0.0,"gold_gain":0.0,"event_name":"Scrap Ooze","player_choice":"Success","floor":3.0,"gold_loss":0.0,"damage_taken":12.0,"relics_obtained":["Pen Nib"]},{"damage_healed":0.0,"max_hp_gain":0.0,"max_hp_loss":0.0,"gold_gain":0.0,"event_name":"Golden Idol","player_choice":"Take Damage","floor":4.0,"gold_loss":0.0,"damage_taken":20.0,"relics_obtained":["Golden Idol"]},{"cards_removed":["Strike_R"],"damage_healed":0.0,"max_hp_gain":0.0,"max_hp_loss":0.0,"gold_gain":0.0,"event_name":"Purifier","player_choice":"Purged","floor":5.0,"gold_loss":0.0,"damage_taken":0.0},{"damage_healed":0.0,"max_hp_gain":0.0,"max_hp_loss":0.0,"gold_gain":0.0,"event_name":"Lab","player_choice":"Got Potions","floor":19.0,"gold_loss":0.0,"damage_taken":0.0},{"cards_removed":["Dual Wield"],"damage_healed":0.0,"max_hp_gain":0.0,"max_hp_loss":0.0,"gold_gain":0.0,"event_name":"Falling","player_choice":"Removed Skill","floor":38.0,"gold_loss":0.0,"damage_taken":0.0}],"is_beta":false,"boss_relics":[{"not_picked":["Velvet Choker","Runic Dome"],"picked":"Astrolabe"},{"not_picked":["Lizard Tail","Mark of Pain"],"picked":"Calling Bell"}],"items_purged_floors":[13,21],"is_endless":false,"potions_floor_spawned":[7,10,12,14,16,18,22,30,33,35,36,39],"killed_by":"Nemesis","ascension_level":3}