{"gold_per_floor":[116,134,209,209,97,137,137,150,150,150,150,175,140,210,210,210],"floor_reached":16,"playtime":605,"items_purged":[],"score":266,"play_id":"45f01dff-d365-453d-bb02-70c5cdfe3d4e","local_time":"20190308133434","is_ascension_mode":true,"campfire_choices":[{"data":"Noxious Fumes","floor":7,"key":"SMITH"},{"data":"Neutralize","floor":10,"key":"SMITH"},{"floor":15,"key":"REST"}],"neow_cost":"NONE","seed_source_timestamp":1841600801036811,"circlet_count":0,"master_deck":["AscendersBane","Defend_G","Defend_G","Defend_G","Defend_G","Defend_G","Strike_G","Strike_G","Strike_G","Strike_G","Survivor","Neutralize+1","Noxious Fumes+1","Sucker Punch","Dagger Spray","Poisoned Stab","Deadly Poison","Backflip","Deadly Poison","PiercingWail"],"relics":["Ring of the Snake","NeowsBlessing","Golden Idol","Frozen Egg 2","Omamori","Tiny Chest"],"potions_floor_usage":[14,14,14,16],"damage_taken":[{"damage":0,"enemies":"Jaw Worm","floor":1,"turns":1},{"damage":0,"enemies":"Small Slimes","floor":2,"turns":1},{"damage":0,"enemies":"Gremlin Nob","floor":6,"turns":1},{"damage":14,"enemies":"2 Louse","floor":8,"turns":3},{"damage":6,"enemies":"Red Slaver","floor":12,"turns":4},{"damage":18,"enemies":"Lagavulin","floor":14,"turns":7},{"damage":52,"enemies":"Slime Boss","floor":16,"turns":10}],"seed_played":"-5731220108364557672","potions_obtained":[{"floor":2,"key":"EntropicBrew"},{"floor":8,"key":"FearPotion"},{"floor":12,"key":"Dexterity Potion"},{"floor":14,"key":"FearPotion"}],"is_trial":false,"path_per_floor":["M","M","?","?","$","E","R","M","T","R","?","M","?","E","R","B"],"character_chosen":"THE_SILENT","items_purchased":["Dagger Spray","Poisoned Stab"],"campfire_rested":1,"item_purchase_floors":[5,5],"current_hp_per_floor":[59,59,48,48,48,48,48,34,34,34,34,28,43,25,43,0],"gold":210,"neow_bonus":"THREE_ENEMY_KILL","is_prod":false,"is_daily":false,"chose_seed":false,"campfire_upgraded":2,"win_rate":0,"timestamp":1552019674,"path_taken":["M","M","?","?","$","E","R","M","T","R","?","?","?","E","R","BOSS"],"build_version":"2019-01-23","purchased_purges":0,"victory":false,"max_hp_per_floor":[66,66,66,60,60,60,60,60,60,60,60,60,60,60,60,60],"card_choices":[{"not_picked":["Deadly Poison","Cloak And Dagger"],"picked":"Noxious Fumes","floor":1},{"not_picked":["Dodge and Roll","Finisher"],"picked":"Sucker Punch","floor":2},{"not_picked":["Blade Dance","Choke","Cloak And Dagger"],"picked":"SKIP","floor":6},{"not_picked":["Flying Knee","Expertise"],"picked":"Deadly Poison","floor":8},{"not_picked":["Die Die Die","Masterful Stab"],"picked":"Deadly Poison","floor":12},{"not_picked":["Concentrate","Quick Slash"],"picked":"PiercingWail","floor":14}],"player_experience":512935,"relics_obtained":[{"floor":6,"key":"Frozen Egg 2"},{"floor":9,"key":"Omamori"},{"floor":14,"key":"Tiny Chest"}],"event_choices":[{"damage_healed":0,"gold_gain":75,"player_choice":"Gather Gold","damage_taken":11,"max_hp_gain":0,"max_hp_loss":0,"event_name":"World of Goop","floor":3,"gold_loss":0},{"damage_healed":0,"gold_gain":0,"player_choice":"Lose Max HP","damage_taken":0,"relics_obtained":["Golden Idol"],"max_hp_gain":0,"max_hp_loss":6,"event_name":"Golden Idol","floor":4,"gold_loss":0},{"damage_healed":0,"gold_gain":0,"cards_transformed":["Strike_G"],"player_choice":"Transformed","damage_taken":0,"max_hp_gain":0,"max_hp_loss":0,"event_name":"Transmorgrifier","floor":11,"gold_loss":0,"cards_obtained":["Backflip"]},{"damage_healed":15,"gold_gain":0,"player_choice":"Healed","damage_taken":0,"max_hp_gain":0,"max_hp_loss":0,"event_name":"The Cleric","floor":13,"gold_loss":35}],"is_beta":false,"boss_relics":[],"items_purged_floors":[],"is_endless":false,"potions_floor_spawned":[2,8,12,14],"killed_by":"Slime Boss","ascension_level":20}