{"gold_per_floor":[116,134,146,146,166,196,196,229,268,280,320,344,383,409,421,433],"floor_reached":16,"playtime":1036,"items_purged":[],"score":231,"play_id":"53e8f7fe-eff7-400a-b93c-27ac9301417c","local_time":"20190216111633","is_ascension_mode":true,"campfire_choices":[{"data":"Demon Form","floor":7,"key":"SMITH"},{"floor":10,"key":"REST"},{"floor":15,"key":"REST"}],"neow_cost":"NONE","seed_source_timestamp":104889316298271,"circlet_count":0,"master_deck":["AscendersBane","Strike_R","Strike_R","Strike_R","Strike_R","Strike_R","Defend_R","Defend_R","Defend_R","Defend_R","Bash","Inflame","Iron Wave","Shrug It Off","Armaments","Demon Form+1","Whirlwind","Reaper","Thunderclap","Shrug It Off","Sword Boomerang"],"relics":["Burning Blood","Smiling Mask","Unceasing Top","Art of War","MawBank","Potion Belt","Turnip","Incense Burner"],"potions_floor_usage":[6,6,12,16,16],"damage_taken":[{"damage":7,"enemies":"Small Slimes","floor":1,"turns":5},{"damage":1,"enemies":"Cultist","floor":2,"turns":4},{"damage":6,"enemies":"Jaw Worm","floor":3,"turns":5},{"damage":5,"enemies":"Looter","floor":5,"turns":5},{"damage":16,"enemies":"Gremlin Nob","floor":6,"turns":4},{"damage":27,"enemies":"3 Sentries","floor":8,"turns":7},{"damage":7,"enemies":"Lagavulin","floor":11,"turns":7},{"damage":0,"enemies":"Gremlin Gang","floor":12,"turns":1},{"damage":39,"enemies":"3 Sentries","floor":13,"turns":10},{"damage":28,"enemies":"Large Slime","floor":14,"turns":11},{"damage":34,"enemies":"Slime Boss","floor":16,"turns":11}],"seed_played":"-552618706604161953","potions_obtained":[{"floor":2,"key":"SteroidPotion"},{"floor":5,"key":"PowerPotion"},{"floor":8,"key":"Explosive Potion"},{"floor":12,"key":"SpeedPotion"},{"floor":14,"key":"SpeedPotion"}],"is_trial":false,"path_per_floor":["M","M","M","?","M","E","R","E","T","R","E","M","E","M","R","B"],"character_chosen":"IRONCLAD","items_purchased":[],"campfire_rested":2,"item_purchase_floors":[],"current_hp_per_floor":[67,72,72,46,47,37,37,16,16,38,37,43,22,10,32,0],"gold":433,"neow_bonus":"RANDOM_COMMON_RELIC","is_prod":false,"is_daily":false,"chose_seed":false,"campfire_upgraded":1,"win_rate":0,"timestamp":1550283393,"path_taken":["M","M","M","?","M","E","R","E","T","R","E","M","E","M","R","BOSS"],"build_version":"2019-01-23","purchased_purges":0,"victory":false,"max_hp_per_floor":[75,75,75,75,75,75,75,75,75,75,75,75,75,75,75,75],"card_choices":[{"not_picked":["Wild Strike","Clothesline"],"picked":"Inflame","floor":1},{"not_picked":["Havoc","Reckless Charge"],"picked":"Iron Wave","floor":2},{"not_picked":["Intimidate","Twin Strike"],"picked":"Shrug It Off","floor":3},{"not_picked":["Iron Wave","Clash"],"picked":"Armaments","floor":5},{"not_picked":["Wild Strike","Perfected Strike"],"picked":"Demon Form","floor":6},{"not_picked":["Heavy Blade","Clothesline"],"picked":"Whirlwind","floor":8},{"not_picked":["Sword Boomerang","Shockwave"],"picked":"Reaper","floor":11},{"not_picked":["Heavy Blade","Iron Wave"],"picked":"Thunderclap","floor":12},{"not_picked":["Anger","Clothesline"],"picked":"Shrug It Off","floor":13},{"not_picked":["Havoc","Flex"],"picked":"Sword Boomerang","floor":14}],"player_experience":494851,"relics_obtained":[{"floor":6,"key":"Art of War"},{"floor":8,"key":"MawBank"},{"floor":9,"key":"Potion Belt"},{"floor":11,"key":"Turnip"},{"floor":13,"key":"Incense Burner"}],"event_choices":[{"damage_healed":0,"gold_gain":0,"player_choice":"Success","damage_taken":26,"relics_obtained":["Unceasing Top"],"max_hp_gain":0,"max_hp_loss":0,"event_name":"Scrap Ooze","floor":4,"gold_loss":0}],"is_beta":false,"boss_relics":[],"items_purged_floors":[],"is_endless":false,"potions_floor_spawned":[2,5,8,12,14],"killed_by":"Slime Boss","ascension_level":15}