{"gold_per_floor":[110,27,42,57,57,57,101,101,170,170,170,210,210],"floor_reached":13,"playtime":353,"items_purged":[],"score":182,"play_id":"aeeb61de-33f8-4be6-ac3f-f783bffb287f","local_time":"20181127063456","is_ascension_mode":true,"campfire_choices":[{"data":"Static Discharge","floor":6,"key":"SMITH"},{"data":"Streamline","floor":8,"key":"SMITH"},{"data":"Sweeping Beam","floor":11,"key":"SMITH"}],"neow_cost":"NONE","seed_source_timestamp":652762064335307,"circlet_count":0,"master_deck":["AscendersBane","Strike_B","Strike_B","Strike_B","Strike_B","Defend_B","Defend_B","Defend_B","Defend_B","Zap","Dualcast","Leap","Capacitor","Static Discharge+1","Sweeping Beam+1","Streamline+1","Consume"],"relics":["Cracked Core","NeowsBlessing","Golden Idol","Bag of Preparation","Singing Bowl","Cables"],"potions_floor_usage":[12],"damage_taken":[{"damage":0,"enemies":"Jaw Worm","floor":1,"turns":1},{"damage":0,"enemies":"Small Slimes","floor":3,"turns":1},{"damage":0,"enemies":"2 Louse","floor":4,"turns":1},{"damage":32,"enemies":"3 Sentries","floor":7,"turns":5},{"damage":32,"enemies":"Gremlin Nob","floor":12,"turns":4},{"damage":12,"enemies":"Exordium Wildlife","floor":13,"turns":2}],"seed_played":"4835755323569718348","potions_obtained":[{"floor":1,"key":"Regen Potion"}],"is_trial":false,"path_per_floor":["M","$","M","M","?","R","E","R","T","?","R","E","M"],"character_chosen":"DEFECT","items_purchased":["Capacitor"],"campfire_rested":0,"item_purchase_floors":[2],"current_hp_per_floor":[64,64,64,64,64,64,32,32,32,32,32,12,0],"gold":210,"neow_bonus":"THREE_ENEMY_KILL","is_prod":false,"is_daily":false,"chose_seed":false,"campfire_upgraded":3,"win_rate":0,"timestamp":1543268096,"path_taken":["M","$","M","M","?","R","E","R","T","?","R","E","M"],"build_version":"2018-11-15","purchased_purges":0,"victory":false,"max_hp_per_floor":[71,71,71,71,64,64,64,64,64,64,64,64,64],"card_choices":[{"not_picked":["Consume","Coolheaded"],"picked":"Leap","floor":1},{"not_picked":["Tempest","Stack"],"picked":"Static Discharge","floor":3},{"not_picked":["Go for the Eyes","Barrage"],"picked":"Sweeping Beam","floor":4},{"not_picked":["Rebound","Turbo"],"picked":"Streamline","floor":7},{"not_picked":["Leap","Go for the Eyes"],"picked":"Consume","floor":12}],"player_experience":455782,"relics_obtained":[{"floor":7,"key":"Bag of Preparation"},{"floor":9,"key":"Singing Bowl"},{"floor":12,"key":"Cables"}],"event_choices":[{"damage_healed":0,"gold_gain":0,"player_choice":"Lose Max HP","damage_taken":0,"relics_obtained":["Golden Idol"],"max_hp_gain":0,"max_hp_loss":7,"event_name":"Golden Idol","floor":5,"gold_loss":0},{"damage_healed":0,"gold_gain":0,"player_choice":"Ignored","damage_taken":0,"max_hp_gain":0,"max_hp_loss":0,"event_name":"Liars Game","floor":10,"gold_loss":0}],"is_beta":false,"boss_relics":[],"items_purged_floors":[],"is_endless":false,"potions_floor_spawned":[1],"killed_by":"Exordium Wildlife","ascension_level":20}