{"gold_per_floor":[115,129,140,140,140,140,166,183,183,215,215,229,229,19,19,114,114,130,130,118,65,83,83,83,98,149,149,159,178,206,226,226,331,331,351,363,46,46,62,62,75,109,109,109,128,128,148,24,24,24],"floor_reached":51,"playtime":5848,"items_purged":["Defend_B"],"score":761,"play_id":"61c96ac5-7c02-4483-bb0a-2c2d143a2a58","local_time":"20190119040558","is_ascension_mode":false,"campfire_choices":[{"data":"Zap","floor":6,"key":"SMITH"},{"data":"Consume","floor":11,"key":"SMITH"},{"data":"Dualcast","floor":13,"key":"SMITH"},{"data":"Coolheaded","floor":15,"key":"SMITH"},{"data":"Hologram","floor":23,"key":"SMITH"},{"data":"Hologram","floor":27,"key":"SMITH"},{"floor":32,"key":"REST"},{"data":"Capacitor","floor":40,"key":"SMITH"},{"data":"Defragment","floor":44,"key":"SMITH"},{"floor":49,"key":"REST"}],"neow_cost":"NONE","seed_source_timestamp":2138559013189722,"circlet_count":0,"master_deck":["Defend_B","Zap+1","Dualcast+1","Seek","Leap","Cold Snap","Consume+1","Conserve Battery","Meteor Strike","Coolheaded+1","Hologram+1","Coolheaded+1","Hologram+1","Fusion+1","Compile Driver","Echo Form","Defragment+1","Seek","Darkness+1","Heatsinks+1","Beam Cell+1","Capacitor+1","Defragment+1"],"relics":["Cracked Core","Blood Vial","Strawberry","Sundial","Nuclear Battery","Bag of Marbles","Pear","Astrolabe","Kunai","Potion Belt","Frozen Egg 2"],"potions_floor_usage":[12,16,29,31,33,33,47,50],"damage_taken":[{"damage":3,"enemies":"Small Slimes","floor":1,"turns":4},{"damage":0,"enemies":"Jaw Worm","floor":2,"turns":3},{"damage":0,"enemies":"Cultist","floor":3,"turns":3},{"damage":17,"enemies":"Lagavulin","floor":7,"turns":8},{"damage":0,"enemies":"Blue Slaver","floor":8,"turns":3},{"damage":19,"enemies":"3 Sentries","floor":10,"turns":10},{"damage":0,"enemies":"Lots of Slimes","floor":12,"turns":5},{"damage":0,"enemies":"The Guardian","floor":16,"turns":12},{"damage":11,"enemies":"Spheric Guardian","floor":18,"turns":8},{"damage":6,"enemies":"2 Thieves","floor":20,"turns":4},{"damage":5,"enemies":"Snake Plant","floor":22,"turns":5},{"damage":15,"enemies":"Cultist and Chosen","floor":25,"turns":7},{"damage":6,"enemies":"Centurion and Healer","floor":28,"turns":8},{"damage":6,"enemies":"Snake Plant","floor":29,"turns":3},{"damage":13,"enemies":"Gremlin Leader","floor":30,"turns":9},{"damage":18,"enemies":"3 Cultists","floor":31,"turns":6},{"damage":29,"enemies":"Champ","floor":33,"turns":19},{"damage":25,"enemies":"3 Darklings","floor":35,"turns":5},{"damage":2,"enemies":"3 Shapes","floor":36,"turns":5},{"damage":0,"enemies":"Maw","floor":39,"turns":5},{"damage":0,"enemies":"Spire Growth","floor":41,"turns":7},{"damage":11,"enemies":"Nemesis","floor":42,"turns":5},{"damage":20,"enemies":"4 Shapes","floor":45,"turns":15},{"damage":17,"enemies":"Jaw Worm Horde","floor":47,"turns":4},{"damage":25,"enemies":"Time Eater","floor":50,"turns":19}],"seed_played":"7278111032574139440","potions_obtained":[{"floor":3,"key":"Dexterity Potion"},{"floor":8,"key":"Block Potion"},{"floor":10,"key":"Poison Potion"},{"floor":22,"key":"SteroidPotion"},{"floor":25,"key":"AttackPotion"},{"floor":28,"key":"EssenceOfSteel"},{"floor":31,"key":"Block Potion"},{"floor":35,"key":"Poison Potion"},{"floor":41,"key":"Fire Potion"},{"floor":45,"key":"SpeedPotion"}],"is_trial":false,"path_per_floor":["M","M","M","?","?","R","E","M","T","E","R","M","R","$","R","B",null,"M","?","M","$","M","R","?","M","T","R","M","M","E","M","R","B",null,"M","M","$","?","M","R","M","E","T","R","M","?","M","$","R","B",null],"character_chosen":"DEFECT","items_purchased":["Meteor Strike","Coolheaded","Hologram","Kunai","Defragment+1","PowerPotion"],"campfire_rested":2,"item_purchase_floors":[14,14,21,37,48,48],"current_hp_per_floor":[72,72,72,65,70,70,53,55,62,45,45,47,47,47,47,49,87,76,76,72,72,69,69,69,56,56,56,52,48,47,31,60,33,97,72,72,72,72,74,74,76,67,67,67,49,49,34,34,63,40],"gold":24,"neow_bonus":"TRANSFORM_CARD","is_prod":false,"is_daily":false,"chose_seed":false,"campfire_upgraded":8,"win_rate":0,"timestamp":1547838358,"path_taken":["M","M","M","?","?","R","E","M","T","E","R","M","R","$","R","BOSS","M","?","M","$","M","R","?","M","T","R","?","M","E","M","R","BOSS","M","M","$","?","M","R","?","E","T","R","M","?","M","$","R","BOSS"],"build_version":"2019-01-17v2","purchased_purges":1,"victory":true,"max_hp_per_floor":[75,75,75,75,80,80,80,80,87,87,87,87,87,87,87,87,87,87,87,87,87,87,87,87,87,87,87,87,87,97,97,97,97,97,97,97,97,97,97,97,97,97,97,97,97,97,97,97,97,97],"card_choices":[{"not_picked":["Stack","Go for the Eyes"],"picked":"Leap","floor":1},{"not_picked":["Gash","Barrage","Scrape"],"picked":"SKIP","floor":2},{"not_picked":["Redo","Barrage"],"picked":"Cold Snap","floor":3},{"not_picked":["Steam","Rebound","Steam Power"],"picked":"SKIP","floor":7},{"not_picked":["Undo","Storm"],"picked":"Consume","floor":8},{"not_picked":["Leap","Gash"],"picked":"Conserve Battery","floor":10},{"not_picked":["Steam Power","Sunder","Cold Snap"],"picked":"SKIP","floor":12},{"not_picked":["Lockon","Rip and Tear+1","Rebound"],"picked":"SKIP","floor":18},{"not_picked":["Stack+1","Go for the Eyes"],"picked":"Coolheaded+1","floor":20},{"not_picked":["Force Field","Barrage"],"picked":"Fusion+1","floor":22},{"not_picked":["FTL","Coolheaded","Steam+1"],"picked":"SKIP","floor":25},{"not_picked":["Stack","Chill","Cold Snap+1"],"picked":"SKIP","floor":28},{"not_picked":["All For One","Steam"],"picked":"Defragment","floor":29},{"not_picked":["Streamline","Coolheaded","Rebound"],"picked":"SKIP","floor":30},{"not_picked":["Rebound","Steam Power+1","Hologram"],"picked":"SKIP","floor":31},{"not_picked":["Biased Cognition","Electrodynamics"],"picked":"Seek","floor":33},{"not_picked":["Barrage+1","Stack","Chaos"],"picked":"SKIP","floor":35},{"not_picked":["Steam+1","Barrage"],"picked":"Capacitor","floor":36},{"not_picked":["Leap+1","Coolheaded","FTL"],"picked":"SKIP","floor":39},{"not_picked":["Seek","Stack+1","Cold Snap"],"picked":"SKIP","floor":41},{"not_picked":["Sweeping Beam+1","Rebound","Cold Snap"],"picked":"SKIP","floor":42},{"not_picked":["Doom and Gloom+1","Redo+1","Hello World+1"],"picked":"SKIP","floor":45},{"not_picked":["Cold Snap","Heatsinks+1","Sunder"],"picked":"SKIP","floor":47}],"player_experience":461212,"relics_obtained":[{"floor":7,"key":"Blood Vial"},{"floor":9,"key":"Strawberry"},{"floor":10,"key":"Sundial"},{"floor":26,"key":"Bag of Marbles"},{"floor":30,"key":"Pear"},{"floor":42,"key":"Potion Belt"},{"floor":43,"key":"Frozen Egg 2"}],"event_choices":[{"cards_removed":["Strike_B"],"damage_healed":0,"gold_gain":0,"player_choice":"Card Removal","damage_taken":7,"max_hp_gain":0,"max_hp_loss":0,"event_name":"Golden Wing","floor":4,"gold_loss":0},{"damage_healed":0,"gold_gain":0,"player_choice":"Donut","damage_taken":0,"max_hp_gain":5,"max_hp_loss":0,"event_name":"Big Fish","floor":5,"gold_loss":0},{"damage_healed":0,"gold_gain":0,"player_choice":"Read","damage_taken":0,"max_hp_gain":0,"max_hp_loss":0,"event_name":"The Library","floor":19,"gold_loss":0,"cards_obtained":["Hologram"]},{"damage_healed":0,"gold_gain":0,"player_choice":"2 cards matched","damage_taken":0,"max_hp_gain":0,"max_hp_loss":0,"event_name":"Match and Keep!","floor":24,"gold_loss":0,"cards_obtained":["Compile Driver","Echo Form"]},{"damage_healed":0,"gold_gain":0,"player_choice":"Ignored","damage_taken":0,"max_hp_gain":0,"max_hp_loss":0,"event_name":"NoteForYourself","floor":38,"gold_loss":0},{"cards_removed":["Defend_B"],"damage_healed":0,"gold_gain":0,"player_choice":"Card Removal","damage_taken":0,"max_hp_gain":0,"max_hp_loss":0,"event_name":"Wheel of Change","floor":46,"gold_loss":0}],"is_beta":false,"boss_relics":[{"not_picked":["FrozenCore","Runic Dome"],"picked":"Nuclear Battery"},{"not_picked":["Eternal Feather","Calling Bell"],"picked":"Astrolabe"}],"items_purged_floors":[37],"is_endless":false,"potions_floor_spawned":[3,8,10,22,25,28,31,35,41,45],"ascension_level":0}