{"gold_per_floor":[114,33,33,33,47,76,86,86,86,111,123,152,152,164,164,164],"floor_reached":16,"playtime":622,"items_purged":[],"score":181,"play_id":"f0ff5d35-5bd7-4cbb-af64-b30f05b7ff08","local_time":"20190708232023","is_ascension_mode":true,"campfire_choices":[{"data":"Loop","floor":8.0,"key":"SMITH"},{"floor":15.0,"key":"REST"}],"neow_cost":"NONE","seed_source_timestamp":1042902413985600,"circlet_count":0,"master_deck":["Strike_B","Strike_B","Strike_B","Strike_B","Defend_B","Defend_B","Defend_B","Defend_B","Zap","Dualcast","Loop+1","Loop+1","Cold Snap","Coolheaded","Hologram","Glacier","Conserve Battery"],"special_seed":0,"relics":["Cracked Core","NeowsBlessing","Pantograph","Mango","Blood Vial","Cables","Sundial"],"potions_floor_usage":[],"damage_taken":[{"damage":0.0,"enemies":"2 Louse","floor":1.0,"turns":1.0},{"damage":0.0,"enemies":"Small Slimes","floor":5.0,"turns":1.0},{"damage":0.0,"enemies":"Gremlin Nob","floor":6.0,"turns":1.0},{"damage":0.0,"enemies":"Cultist","floor":7.0,"turns":4.0},{"damage":22.0,"enemies":"3 Sentries","floor":10.0,"turns":9.0},{"damage":21.0,"enemies":"Exordium Thugs","floor":11.0,"turns":6.0},{"damage":13.0,"enemies":"Lagavulin","floor":12.0,"turns":9.0},{"damage":36.0,"enemies":"Gremlin Gang","floor":14.0,"turns":7.0},{"damage":58,"enemies":"Hexaghost","floor":16,"turns":11}],"seed_played":"-1880641226607649744","potions_obtained":[{"floor":1.0,"key":"Fire Potion"},{"floor":7.0,"key":"Weak Potion"},{"floor":11.0,"key":"Energy Potion"},{"floor":14.0,"key":"Dexterity Potion"}],"is_trial":false,"path_per_floor":["M","$","?","?","M","E","M","R","T","E","M","E","?","M","R","B"],"character_chosen":"DEFECT","items_purchased":["Loop"],"campfire_rested":1,"item_purchase_floors":[2],"current_hp_per_floor":[75,75,75,72,72,86,86,86,86,66,47,36,36,2,28,0],"gold":164,"neow_bonus":"THREE_ENEMY_KILL","is_prod":false,"is_daily":false,"chose_seed":false,"campfire_upgraded":1,"win_rate":0,"timestamp":1562620823,"path_taken":["M","$","?","?","M","E","M","R","T","E","M","E","?","M","R","BOSS"],"build_version":"2019-07-05","purchased_purges":0,"victory":false,"max_hp_per_floor":[75,75,75,75,75,89,89,89,89,89,89,89,89,89,89,89],"card_choices":[{"not_picked":["Auto Shields","Streamline"],"picked":"Loop","floor":1.0},{"not_picked":["Static Discharge","Tempest"],"picked":"Cold Snap","floor":5.0},{"not_picked":["Conserve Battery","White Noise"],"picked":"Coolheaded","floor":6.0},{"not_picked":["Static Discharge","Rip and Tear"],"picked":"Hologram","floor":7.0},{"not_picked":["Rebound","Fusion"],"picked":"Glacier","floor":10.0},{"not_picked":["Sweeping Beam","Leap","Tempest"],"picked":"SKIP","floor":11.0},{"not_picked":["Rip and Tear","Rebound"],"picked":"Conserve Battery","floor":12.0},{"not_picked":["Hologram","Chaos","Meteor Strike"],"picked":"SKIP","floor":14.0}],"player_experience":316191,"relics_obtained":[{"floor":6.0,"key":"Mango"},{"floor":9.0,"key":"Blood Vial"},{"floor":10.0,"key":"Cables"},{"floor":12.0,"key":"Sundial"}],"event_choices":[{"damage_healed":0.0,"max_hp_gain":0.0,"max_hp_loss":0.0,"gold_gain":0.0,"event_name":"Living Wall","player_choice":"Grow","floor":3.0,"gold_loss":0.0,"damage_taken":0.0,"cards_upgraded":["Loop"]},{"damage_healed":0.0,"max_hp_gain":0.0,"max_hp_loss":0.0,"gold_gain":0.0,"event_name":"Scrap Ooze","player_choice":"Success","floor":4.0,"gold_loss":0.0,"damage_taken":3.0,"relics_obtained":["Pantograph"]},{"damage_healed":0.0,"max_hp_gain":0.0,"max_hp_loss":0.0,"gold_gain":0.0,"event_name":"Dead Adventurer","player_choice":"Searched \u00270\u0027 times","floor":13.0,"gold_loss":0.0,"damage_taken":0.0}],"is_beta":false,"boss_relics":[],"items_purged_floors":[],"is_endless":false,"potions_floor_spawned":[1,7,11,14],"killed_by":"Hexaghost","ascension_level":5}