{"gold_per_floor":[113,113,127,141,159,184,184,212,212,212,244,244,244,263,263,387,387,401,417,70,70,47,47,90,15,15,59,90,90,103,127,127,250,250,264,389,389,289,302,341,365,115,115,115,149,218,259,284,284,284],"floor_reached":51,"playtime":2644,"items_purged":["Shame","Strike_R"],"score":1445,"play_id":"5198119d-24fd-4da8-8067-274adb3f0f82","local_time":"20190719153857","is_ascension_mode":true,"campfire_choices":[{"data":"Corruption","floor":7,"key":"SMITH"},{"data":"Fiend Fire","floor":10,"key":"SMITH"},{"data":"Bash","floor":12,"key":"SMITH"},{"data":"True Grit","floor":15,"key":"SMITH"},{"data":"Demon Form","floor":23,"key":"SMITH"},{"data":"Uppercut","floor":29,"key":"SMITH"},{"data":"Armaments","floor":32,"key":"SMITH"},{"data":"Shockwave","floor":49,"key":"SMITH"}],"neow_cost":"TEN_PERCENT_HP_LOSS","seed_source_timestamp":681372760155900,"circlet_count":0,"master_deck":["Strike_R","Strike_R","Defend_R","Defend_R","Defend_R","Defend_R+1","Bash+1","Entrench","Fiend Fire+1","Pommel Strike","Shrug It Off","Corruption+1","Disarm","Infernal Blade","True Grit+1","Demon Form+1","True Grit+1","Heavy Blade+1","Dark Embrace+1","Offering","True Grit","Shrug It Off","Demon Form+1","Uppercut+1","Armaments+1","Flex","Exhume","Shrug It Off+1","True Grit+1","Pummel+1","Armaments+1","Shrug It Off","Shockwave+1","Shrug It Off"],"special_seed":0,"relics":["Burning Blood","Dead Branch","Meat on the Bone","Nunchaku","WingedGreaves","Golden Idol","Velvet Choker","Dream Catcher","Blue Candle","Frozen Egg 2","Paper Frog","Letter Opener","Snecko Eye","FossilizedHelix","War Paint","Lee\u0027s Waffle","Dodecahedron","The Courier","StoneCalendar","Pear"],"potions_floor_usage":[6,28,50,50,50],"damage_taken":[{"damage":2.0,"enemies":"Jaw Worm","floor":1.0,"turns":3.0},{"damage":5,"enemies":"2 Louse","floor":3,"turns":3},{"damage":1,"enemies":"Cultist","floor":4,"turns":3},{"damage":13,"enemies":"3 Louse","floor":5,"turns":5},{"damage":16,"enemies":"Gremlin Nob","floor":6,"turns":4},{"damage":9,"enemies":"3 Sentries","floor":8,"turns":4},{"damage":16,"enemies":"Gremlin Nob","floor":11,"turns":3},{"damage":3,"enemies":"Looter","floor":14,"turns":2},{"damage":0,"enemies":"Slime Boss","floor":16,"turns":3},{"damage":0,"enemies":"Chosen","floor":18,"turns":4},{"damage":3,"enemies":"Spheric Guardian","floor":19,"turns":1},{"damage":6,"enemies":"Book of Stabbing","floor":24,"turns":4},{"damage":30,"enemies":"Slavers","floor":27,"turns":5},{"damage":19,"enemies":"Gremlin Leader","floor":28,"turns":3},{"damage":1,"enemies":"Snecko","floor":30,"turns":5},{"damage":23,"enemies":"Snake Plant","floor":31,"turns":3},{"damage":30,"enemies":"Champ","floor":33,"turns":6},{"damage":6,"enemies":"Orb Walker","floor":35,"turns":4},{"damage":6,"enemies":"Mind Bloom Boss Battle","floor":36,"turns":3},{"damage":5,"enemies":"3 Shapes","floor":39,"turns":4},{"damage":48,"enemies":"Reptomancer","floor":40,"turns":5},{"damage":25,"enemies":"Writhing Mass","floor":41,"turns":5},{"damage":0,"enemies":"Nemesis","floor":45,"turns":5},{"damage":0,"enemies":"2 Orb Walkers","floor":46,"turns":3},{"damage":0,"enemies":"Giant Head","floor":47,"turns":4},{"damage":0,"enemies":"4 Shapes","floor":48,"turns":4},{"damage":6,"enemies":"Donu and Deca","floor":50,"turns":6}],"seed_played":"-7421494528493675271","potions_obtained":[{"floor":3,"key":"Energy Potion"},{"floor":11,"key":"GamblersBrew"},{"floor":14,"key":"AttackPotion"},{"floor":16,"key":"Swift Potion"},{"floor":19,"key":"SkillPotion"},{"floor":27,"key":"Explosive Potion"},{"floor":31,"key":"Dexterity Potion"},{"floor":41,"key":"Dexterity Potion"}],"is_trial":false,"path_per_floor":["M","?","M","M","M","E","R","E","T","R","E","R","?","M","R","B",null,"M","M","$","?","$","R","E","$","T","E","E","R","M","M","R","B",null,"M","?","?","$","M","E","M","$","T","$","E","?","E","M","R","B",null],"character_chosen":"IRONCLAD","items_purchased":["Dark Embrace","Offering","True Grit","Shrug It Off","Lee\u0027s Waffle","Shrug It Off"],"campfire_rested":0,"item_purchase_floors":[20,20,20,22,42,42],"current_hp_per_floor":[72,72,72,72,65,55,55,52,52,52,54,54,54,57,57,63,66,67,67,67,67,67,67,67,67,67,43,42,42,47,42,42,30,58,58,58,58,58,59,29,22,74,74,74,74,74,84,84,84,84],"gold":284,"neow_bonus":"TRANSFORM_TWO_CARDS","is_prod":false,"is_daily":false,"chose_seed":false,"campfire_upgraded":8,"win_rate":0,"timestamp":1563543537,"path_taken":["M","?","M","M","M","E","R","E","T","R","E","R","?","M","R","BOSS","M","M","$","?","$","R","E","$","T","E","E","R","M","M","R","BOSS","M","?","?","$","?","E","M","$","T","$","E","?","E","M","R","BOSS"],"build_version":"2019-07-17","purchased_purges":2,"victory":true,"max_hp_per_floor":[72,72,72,72,72,72,72,72,72,72,72,72,67,67,67,67,67,67,67,67,67,67,67,67,67,67,67,67,67,67,67,67,67,67,67,67,67,67,67,67,67,74,74,74,74,74,84,84,84,84],"card_choices":[{"not_picked":["Perfected Strike","Flex","Clash"],"picked":"SKIP","floor":1},{"not_picked":["Twin Strike","Iron Wave"],"picked":"Pommel Strike","floor":3},{"not_picked":["Intimidate","Blood for Blood"],"picked":"Shrug It Off","floor":4},{"not_picked":["Evolve","Sword Boomerang"],"picked":"Corruption","floor":5},{"not_picked":["Combust","Clothesline"],"picked":"Disarm","floor":6},{"not_picked":["Iron Wave","Havoc"],"picked":"Infernal Blade","floor":8},{"not_picked":["Entrench","Bludgeon","Blood for Blood"],"picked":"SKIP","floor":11},{"not_picked":["Cleave","Sword Boomerang"],"picked":"True Grit","floor":14},{"not_picked":["Exhume","Limit Break"],"picked":"Demon Form","floor":16},{"not_picked":["Pommel Strike","Thunderclap"],"picked":"True Grit","floor":18},{"not_picked":["Twin Strike","Warcry"],"picked":"Heavy Blade+1","floor":19},{"not_picked":["Cleave","Thunderclap","Anger+1"],"picked":"SKIP","floor":24},{"not_picked":["Thunderclap+1","Pommel Strike+1"],"picked":"Demon Form+1","floor":27},{"not_picked":["Inflame+1","Demon Form+1"],"picked":"Uppercut","floor":28},{"not_picked":["Perfected Strike","Body Slam+1"],"picked":"Armaments","floor":30},{"not_picked":["Headbutt","Reckless Charge+1"],"picked":"Flex","floor":31},{"not_picked":["Immolate","Barricade+1"],"picked":"Exhume","floor":33},{"not_picked":["Body Slam","Burning Pact"],"picked":"Shrug It Off+1","floor":35},{"not_picked":["Sever Soul+1","Metallicize+1"],"picked":"True Grit+1","floor":36},{"not_picked":["Hemokinesis","Reckless Charge"],"picked":"Pummel+1","floor":39},{"not_picked":["Burning Pact","Disarm"],"picked":"Armaments+1","floor":40},{"not_picked":["Cleave","Havoc","Perfected Strike+1"],"picked":"SKIP","floor":41},{"not_picked":["Anger","Dual Wield","Blood for Blood+1"],"picked":"SKIP","floor":45},{"not_picked":["Perfected Strike+1","Juggernaut+1"],"picked":"Shockwave","floor":46},{"not_picked":["Twin Strike","Pommel Strike+1"],"picked":"Shrug It Off","floor":47},{"not_picked":["Twin Strike+1","Cleave","Pommel Strike"],"picked":"SKIP","floor":48}],"player_experience":231954,"relics_obtained":[{"floor":6,"key":"Dead Branch"},{"floor":8,"key":"Meat on the Bone"},{"floor":9,"key":"Nunchaku"},{"floor":11,"key":"WingedGreaves"},{"floor":24,"key":"Blue Candle"},{"floor":26,"key":"Frozen Egg 2"},{"floor":27,"key":"Paper Frog"},{"floor":28,"key":"Letter Opener"},{"floor":36,"key":"FossilizedHelix"},{"floor":40,"key":"War Paint"},{"floor":43,"key":"Dodecahedron"},{"floor":45,"key":"The Courier"},{"floor":46,"key":"StoneCalendar"},{"floor":47,"key":"Pear"}],"event_choices":[{"damage_healed":0,"gold_gain":0,"player_choice":"Ignored","damage_taken":0,"max_hp_gain":0,"max_hp_loss":0,"event_name":"Liars Game","floor":2,"gold_loss":0},{"damage_healed":0,"gold_gain":0,"player_choice":"Lose Max HP","damage_taken":0,"relics_obtained":["Golden Idol"],"max_hp_gain":0,"max_hp_loss":5,"event_name":"Golden Idol","floor":13,"gold_loss":0},{"damage_healed":0,"gold_gain":0,"player_choice":"Stole Relic","damage_taken":0,"relics_obtained":["Dream Catcher"],"max_hp_gain":0,"max_hp_loss":0,"event_name":"Addict","floor":21,"gold_loss":0,"cards_obtained":["Shame"]},{"damage_healed":0,"gold_gain":0,"player_choice":"Fight","damage_taken":0,"max_hp_gain":0,"max_hp_loss":0,"event_name":"MindBloom","floor":36,"gold_loss":0},{"damage_healed":0,"gold_gain":0,"player_choice":"Upgraded","damage_taken":0,"max_hp_gain":0,"max_hp_loss":0,"event_name":"Upgrade Shrine","floor":37,"gold_loss":0,"cards_upgraded":["Dark Embrace"]},{"damage_healed":0,"gold_gain":0,"player_choice":"Fight","damage_taken":0,"max_hp_gain":0,"max_hp_loss":0,"event_name":"Mysterious Sphere","floor":46,"gold_loss":0}],"is_beta":false,"boss_relics":[{"not_picked":["Calling Bell","Fusion Hammer"],"picked":"Velvet Choker"},{"not_picked":["Astrolabe","White Beast Statue"],"picked":"Snecko Eye"}],"items_purged_floors":[25,38],"is_endless":false,"potions_floor_spawned":[3,11,14,16,19,27,31,36,41,46],"ascension_level":8}