{"gold_per_floor":[118,134,59,59,72,72,86,86,132,132,132,163,230,263,263,263],"floor_reached":16,"playtime":772,"items_purged":["Strike_G"],"score":149,"play_id":"d53155c1-f789-4d65-aed5-f90e9f7315f9","local_time":"20190717035416","is_ascension_mode":true,"campfire_choices":[{"data":"Backflip","floor":6,"key":"SMITH"},{"floor":11,"key":"REST"},{"floor":15,"key":"REST"}],"neow_cost":"NONE","seed_source_timestamp":41324932704472,"circlet_count":0,"master_deck":["Strike_G+1","Strike_G","Strike_G","Defend_G","Defend_G","Defend_G","Defend_G","Defend_G","Survivor","Neutralize+1","Quick Slash+1","Backflip+1","Grand Finale"],"relics":["Ring of the Snake","Potion Belt","SsserpentHead","Whetstone","Paper Crane"],"potions_floor_usage":[12,13,14],"damage_taken":[{"damage":12,"enemies":"Jaw Worm","floor":1,"turns":6},{"damage":4,"enemies":"Cultist","floor":2,"turns":3},{"damage":0,"enemies":"Small Slimes","floor":5,"turns":3},{"damage":4,"enemies":"Blue Slaver","floor":7,"turns":6},{"damage":0,"enemies":"3 Sentries","floor":12,"turns":2},{"damage":29,"enemies":"Gremlin Gang","floor":13,"turns":3},{"damage":3,"enemies":"Lagavulin","floor":14,"turns":8},{"damage":52,"enemies":"Slime Boss","floor":16,"turns":12}],"seed_played":"9058844419452801069","potions_obtained":[{"floor":2,"key":"GamblersBrew"},{"floor":12,"key":"SkillPotion"},{"floor":13,"key":"SkillPotion"},{"floor":14,"key":"Weak Potion"}],"is_trial":false,"path_per_floor":["M","M","$","?","M","R","M","?","T","?","R","E","M","E","R","B"],"character_chosen":"THE_SILENT","items_purchased":[],"campfire_rested":2,"item_purchase_floors":[],"current_hp_per_floor":[58,54,54,54,54,54,50,50,50,50,70,70,41,38,59,7],"gold":263,"neow_bonus":"UPGRADE_CARD","is_prod":false,"is_daily":false,"chose_seed":false,"campfire_upgraded":1,"win_rate":0,"timestamp":1563353656,"path_taken":["M","M","$","?","?","R","M","?","T","?","R","E","?","E","R","BOSS"],"build_version":"2019-07-05","purchased_purges":1,"victory":false,"max_hp_per_floor":[70,70,70,70,70,70,70,70,70,70,70,70,70,70,70,70],"card_choices":[{"not_picked":["Dagger Throw","Poisoned Stab"],"picked":"Quick Slash","floor":1},{"not_picked":["Setup","Dodge and Roll"],"picked":"Backflip","floor":2},{"not_picked":["Underhanded Strike","Dash","Flying Knee"],"picked":"SKIP","floor":5},{"not_picked":["Deflect","Finisher","Calculated Gamble"],"picked":"SKIP","floor":7},{"not_picked":["Slice","Burst","Concentrate"],"picked":"SKIP","floor":12},{"not_picked":["Catalyst","Bane","Flying Knee"],"picked":"SKIP","floor":13},{"not_picked":["Poisoned Stab","Backstab","PiercingWail"],"picked":"SKIP","floor":14}],"player_experience":117459,"relics_obtained":[{"floor":9,"key":"Potion Belt"},{"floor":12,"key":"Whetstone"},{"floor":14,"key":"Paper Crane"}],"event_choices":[{"damage_healed":0,"gold_gain":0,"cards_transformed":["Strike_G"],"player_choice":"Transformed","damage_taken":0,"max_hp_gain":0,"max_hp_loss":0,"event_name":"Transmorgrifier","floor":4,"gold_loss":0,"cards_obtained":["Grand Finale"]},{"damage_healed":0,"gold_gain":0,"player_choice":"Ignored","damage_taken":0,"max_hp_gain":0,"max_hp_loss":0,"event_name":"Shining Light","floor":8,"gold_loss":0},{"damage_healed":0,"gold_gain":0,"player_choice":"Trade","damage_taken":0,"relics_obtained":["SsserpentHead"],"max_hp_gain":0,"max_hp_loss":0,"event_name":"FaceTrader","floor":10,"gold_loss":0}],"is_beta":false,"boss_relics":[],"items_purged_floors":[3],"is_endless":false,"potions_floor_spawned":[2,12,13,14],"killed_by":"Slime Boss","ascension_level":2}