{"gold_per_floor":[13,13,13,38,213,213,254,254,278,296,296,334,347,380,380,500,500,525,168,191,210,235,276,276,297,297,297,337,337,371,386,386,507,507,520,148,148,23,39,74,74,407,407,407],"floor_reached":44,"playtime":6779,"items_purged":["Doubt","Defend_G","Defend_G"],"score":756,"play_id":"e3fefae6-2b18-4302-bc47-b2982bc30d1c","local_time":"20190718230623","is_ascension_mode":true,"campfire_choices":[{"data":"Quick Slash","floor":6,"key":"SMITH"},{"data":"Bouncing Flask","floor":8,"key":"SMITH"},{"data":"Cloak And Dagger","floor":11,"key":"SMITH"},{"data":"Deflect","floor":15,"key":"SMITH"},{"data":"Acrobatics","floor":24,"key":"SMITH"},{"data":"Calculated Gamble","floor":29,"key":"SMITH"},{"data":"Corpse Explosion","floor":32,"key":"SMITH"},{"floor":41,"key":"RECALL"}],"neow_cost":"NO_GOLD","seed_source_timestamp":448323390935400,"circlet_count":0,"master_deck":["Defend_G","Defend_G","Survivor","Neutralize","Quick Slash+1","Masterful Stab","Bouncing Flask+1","Cloak And Dagger+1","Deflect+1","Tools of the Trade","Dodge and Roll","Corpse Explosion+1","Blur+1","Expertise","Flechettes","Well Laid Plans","Deflect","Acrobatics+1","Cloak And Dagger+1","Bite","Bite","Bite","Bite","Bite","Calculated Gamble+1","Dodge and Roll+1","PiercingWail+1","Tools of the Trade","Noxious Fumes","Blur+1","Good Instincts","Secret Technique","Dark Shackles","Crippling Poison"],"relics":["Ring of the Snake","WingedGreaves","Bronze Scales","Oddly Smooth Stone","Bag of Marbles","Eternal Feather","Bottled Flame","Bird Faced Urn","Singing Bowl","Gremlin Horn","Velvet Choker","DollysMirror","Juzu Bracelet","Toxic Egg 2"],"potions_floor_usage":[7,7,7,7,12,14,18,21,23,28,33,44,44],"damage_taken":[{"damage":3,"enemies":"Jaw Worm","floor":1,"turns":9},{"damage":0,"enemies":"2 Louse","floor":4,"turns":3},{"damage":0,"enemies":"Gremlin Nob","floor":7,"turns":2},{"damage":0,"enemies":"Small Slimes","floor":10,"turns":2},{"damage":0,"enemies":"3 Sentries","floor":12,"turns":7},{"damage":0,"enemies":"Exordium Wildlife","floor":13,"turns":3},{"damage":4,"enemies":"Lagavulin","floor":14,"turns":4},{"damage":0,"enemies":"Hexaghost","floor":16,"turns":9},{"damage":0,"enemies":"Chosen","floor":18,"turns":4},{"damage":0,"enemies":"3 Byrds","floor":20,"turns":3},{"damage":2,"enemies":"Snake Plant","floor":21,"turns":4},{"damage":5,"enemies":"Sentry and Sphere","floor":22,"turns":4},{"damage":22,"enemies":"Slavers","floor":23,"turns":3},{"damage":0,"enemies":"3 Cultists","floor":25,"turns":2},{"damage":29,"enemies":"Book of Stabbing","floor":28,"turns":7},{"damage":2,"enemies":"Slavers","floor":30,"turns":7},{"damage":7,"enemies":"Chosen and Byrds","floor":31,"turns":5},{"damage":58,"enemies":"Collector","floor":33,"turns":12},{"damage":16,"enemies":"3 Darklings","floor":35,"turns":7},{"damage":0,"enemies":"3 Shapes","floor":39,"turns":4},{"damage":22,"enemies":"Nemesis","floor":40,"turns":9},{"damage":65,"enemies":"Giant Head","floor":44,"turns":8}],"seed_played":"6628902747528246071","potions_obtained":[{"floor":1,"key":"AttackPotion"},{"floor":4,"key":"EntropicBrew"},{"floor":10,"key":"PowerPotion"},{"floor":14,"key":"SteroidPotion"},{"floor":18,"key":"Block Potion"},{"floor":20,"key":"Dexterity Potion"},{"floor":21,"key":"GamblersBrew"},{"floor":30,"key":"SpeedPotion"},{"floor":33,"key":"Dexterity Potion"},{"floor":39,"key":"Energy Potion"}],"is_trial":false,"path_per_floor":["M","?","?","M","?","R","E","R","T","M","R","E","M","E","R","B",null,"M","$","M","M","M","E","R","M","T","?","E","R","E","M","R","B",null,"M","$","?","$","M","E","R","?","T","E"],"character_chosen":"THE_SILENT","items_purchased":["Bottled Flame","Expertise","Noxious Fumes","DollysMirror"],"campfire_rested":0,"item_purchase_floors":[19,19,36,36],"current_hp_per_floor":[67,50,43,43,43,43,43,43,43,43,43,43,43,39,39,39,70,70,70,70,68,63,41,53,53,53,49,26,41,49,48,49,1,49,51,51,41,41,51,45,53,53,53,0],"gold":407,"neow_bonus":"REMOVE_TWO","is_prod":false,"is_daily":false,"chose_seed":false,"campfire_upgraded":7,"win_rate":0,"timestamp":1563483983,"path_taken":["M","?","?","M","?","R","E","R","T","M","R","E","?","E","R","BOSS","M","$","M","M","M","E","R","M","T","?","E","R","E","M","R","BOSS","M","$","?","$","M","E","R","?","T","E"],"build_version":"2019-07-17","purchased_purges":3,"victory":false,"max_hp_per_floor":[70,70,70,70,70,70,70,70,70,70,70,70,70,70,70,70,70,70,70,70,70,70,70,70,70,70,49,49,49,49,49,49,49,49,51,51,51,51,51,53,53,53,53,53],"card_choices":[{"not_picked":["Riddle With Holes","Distraction"],"picked":"Quick Slash","floor":1},{"not_picked":["Bane","Dagger Throw"],"picked":"Masterful Stab","floor":4},{"not_picked":["Crippling Poison","Concentrate"],"picked":"Bouncing Flask","floor":7},{"not_picked":["Concentrate","Prepared"],"picked":"Cloak And Dagger","floor":10},{"not_picked":["Poisoned Stab","Underhanded Strike"],"picked":"Deflect","floor":12},{"not_picked":["Deflect","Deadly Poison"],"picked":"Tools of the Trade","floor":13},{"not_picked":["Flying Knee","PiercingWail"],"picked":"Dodge and Roll","floor":14},{"not_picked":["Burst","Unload"],"picked":"Corpse Explosion","floor":16},{"not_picked":["Sucker Punch+1","Prepared"],"picked":"Blur+1","floor":18},{"not_picked":["Predator","Dagger Throw"],"picked":"Flechettes","floor":20},{"not_picked":["Dodge and Roll","Poisoned Stab"],"picked":"Well Laid Plans","floor":21},{"not_picked":["Setup","Predator"],"picked":"Deflect","floor":22},{"not_picked":["Dagger Spray","Bane"],"picked":"Acrobatics","floor":23},{"not_picked":["Deadly Poison","Dodge and Roll"],"picked":"Cloak And Dagger+1","floor":25},{"not_picked":["Bane","Acrobatics"],"picked":"Calculated Gamble","floor":28},{"not_picked":["Dagger Throw","Calculated Gamble"],"picked":"Dodge and Roll+1","floor":30},{"not_picked":["Underhanded Strike","Leg Sweep"],"picked":"PiercingWail+1","floor":31},{"not_picked":["Doppelganger","A Thousand Cuts"],"picked":"Tools of the Trade","floor":33},{"not_picked":["Choke","Outmaneuver","Acrobatics+1"],"picked":"Singing Bowl","floor":35},{"not_picked":["Trip","Discovery"],"picked":"Good Instincts","floor":37},{"not_picked":["Panacea","The Bomb"],"picked":"Secret Technique","floor":37},{"not_picked":["Chrysalis","Good Instincts"],"picked":"Dark Shackles","floor":37},{"not_picked":["Cloak And Dagger+1","Poisoned Stab+1"],"picked":"Crippling Poison","floor":39},{"not_picked":["Cloak And Dagger+1","Blade Dance","Distraction"],"picked":"Singing Bowl","floor":40}],"player_experience":179773,"relics_obtained":[{"floor":7,"key":"WingedGreaves"},{"floor":9,"key":"Bronze Scales"},{"floor":12,"key":"Oddly Smooth Stone"},{"floor":14,"key":"Bag of Marbles"},{"floor":23,"key":"Bird Faced Urn"},{"floor":28,"key":"Singing Bowl"},{"floor":30,"key":"Gremlin Horn"},{"floor":40,"key":"Juzu Bracelet"},{"floor":43,"key":"Toxic Egg 2"}],"event_choices":[{"damage_healed":0,"gold_gain":0,"player_choice":"Take Damage","damage_taken":17,"relics_obtained":["Golden Idol"],"max_hp_gain":0,"max_hp_loss":0,"event_name":"Golden Idol","floor":2,"gold_loss":0},{"cards_removed":["Defend_G"],"damage_healed":0,"gold_gain":0,"player_choice":"Card Removal","damage_taken":7,"max_hp_gain":0,"max_hp_loss":0,"event_name":"Golden Wing","floor":3,"gold_loss":0},{"damage_healed":0,"gold_gain":175,"player_choice":"AGREE","damage_taken":0,"max_hp_gain":0,"max_hp_loss":0,"event_name":"Liars Game","floor":5,"gold_loss":0,"cards_obtained":["Doubt"]},{"damage_healed":0,"gold_gain":0,"player_choice":"Became a vampire","damage_taken":0,"max_hp_gain":0,"max_hp_loss":21,"event_name":"Vampires","floor":27,"gold_loss":0,"cards_obtained":["Bite","Bite","Bite","Bite","Bite"]},{"damage_healed":0,"gold_gain":0,"player_choice":"Memory 3","damage_taken":10,"max_hp_gain":0,"max_hp_loss":0,"event_name":"SensoryStone","floor":37,"gold_loss":0},{"damage_healed":0,"gold_gain":333,"player_choice":"Gave Idol","damage_taken":0,"max_hp_gain":0,"max_hp_loss":0,"event_name":"The Moai Head","floor":42,"relics_lost":["Golden Idol"],"gold_loss":0}],"is_beta":false,"boss_relics":[{"not_picked":["Pandora\u0027s Box","Lizard Tail"],"picked":"Eternal Feather"},{"not_picked":["Tiny House","Busted Crown"],"picked":"Velvet Choker"}],"items_purged_floors":[19,36,38],"is_endless":false,"potions_floor_spawned":[1,4,10,14,18,20,21,30,33,39],"killed_by":"Giant Head","ascension_level":3}