{"gold_per_floor":[112,3,3,23,36,36,62,76,76,76,110,121,137,157,157,256,256,268,279,99,99,118,181,192,218,218,268],"floor_reached":27,"playtime":1580,"items_purged":["Strike_G","Regret"],"score":294,"play_id":"365d1bc4-f7c9-4faf-b22b-880bb7fe4831","local_time":"20190717163010","is_ascension_mode":true,"campfire_choices":[{"data":"Noxious Fumes","floor":6,"key":"SMITH"},{"data":"Terror","floor":10,"key":"SMITH"},{"floor":15,"key":"REST"}],"neow_cost":"NONE","seed_source_timestamp":47701241409745,"circlet_count":0,"master_deck":["Strike_G","Strike_G","Strike_G","Defend_G","Defend_G","Defend_G","Defend_G","Defend_G","Survivor","Neutralize","Die Die Die","Noxious Fumes","Noxious Fumes+1","Terror+1","All Out Attack","Backflip","Escape Plan","Well Laid Plans","Blur","Malaise","Decay","Normality","Crippling Poison+1","Crippling Poison+1","Footwork"],"relics":["Ring of the Snake","Boot","Bottled Lightning","FossilizedHelix","Calling Bell","Anchor","Meat on the Bone","Mango","SsserpentHead","Tiny Chest","Bottled Flame","Pocketwatch"],"potions_floor_usage":[7,7],"damage_taken":[{"damage":4,"enemies":"Jaw Worm","floor":1,"turns":4},{"damage":0,"enemies":"Cultist","floor":4,"turns":4},{"damage":7,"enemies":"Small Slimes","floor":5,"turns":4},{"damage":2,"enemies":"Gremlin Nob","floor":7,"turns":5},{"damage":4,"enemies":"Gremlin Gang","floor":8,"turns":3},{"damage":6,"enemies":"3 Sentries","floor":11,"turns":4},{"damage":0,"enemies":"3 Louse","floor":12,"turns":3},{"damage":0,"enemies":"Exordium Wildlife","floor":13,"turns":3},{"damage":0,"enemies":"2 Fungi Beasts","floor":14,"turns":1},{"damage":15,"enemies":"The Guardian","floor":16,"turns":11},{"damage":13,"enemies":"Shell Parasite","floor":18,"turns":6},{"damage":35,"enemies":"Spheric Guardian","floor":19,"turns":6},{"damage":9,"enemies":"Snake Plant","floor":22,"turns":6},{"damage":11,"enemies":"Gremlin Leader","floor":23,"turns":6},{"damage":21,"enemies":"Sentry and Sphere","floor":24,"turns":5},{"damage":39,"enemies":"Slavers","floor":25,"turns":4},{"damage":0,"enemies":"Cultist and Chosen","floor":27,"turns":4}],"seed_played":"-8132296445078293234","potions_obtained":[{"floor":4,"key":"Block Potion"},{"floor":5,"key":"Block Potion"},{"floor":8,"key":"Strength Potion"},{"floor":12,"key":"SteroidPotion"},{"floor":13,"key":"FearPotion"}],"is_trial":false,"path_per_floor":["M","$","?","M","M","R","E","M","T","R","E","M","M","M","R","B",null,"M","M","$","?","M","E","M","E","T","M"],"character_chosen":"THE_SILENT","items_purchased":["Noxious Fumes","Footwork"],"campfire_rested":1,"item_purchase_floors":[2,20],"current_hp_per_floor":[66,66,66,66,59,59,57,53,53,53,47,47,47,47,68,53,84,71,48,48,48,51,52,43,16,16,16],"gold":268,"neow_bonus":"ONE_RANDOM_RARE_CARD","is_prod":false,"is_daily":false,"chose_seed":false,"campfire_upgraded":2,"win_rate":0,"timestamp":1563399010,"path_taken":["M","$","?","M","M","R","E","M","T","R","E","?","?","M","R","BOSS","M","M","$","?","M","E","M","E","T","?"],"build_version":"2019-07-05","purchased_purges":2,"victory":false,"max_hp_per_floor":[70,70,70,70,70,70,70,70,70,70,70,70,70,70,70,70,84,84,84,84,84,84,84,84,84,84,84],"card_choices":[{"not_picked":["Prepared","Cloak And Dagger","Deflect"],"picked":"SKIP","floor":1},{"not_picked":["PiercingWail","Distraction"],"picked":"Noxious Fumes","floor":4},{"not_picked":["Prepared","Deflect"],"picked":"Terror","floor":5},{"not_picked":["Deflect","Expertise","Sucker Punch"],"picked":"SKIP","floor":7},{"not_picked":["Accuracy","Blade Dance"],"picked":"All Out Attack","floor":8},{"not_picked":["Dagger Throw","Caltrops"],"picked":"Backflip","floor":11},{"not_picked":["Calculated Gamble","Dodge and Roll"],"picked":"Escape Plan","floor":12},{"not_picked":["Predator","Quick Slash"],"picked":"Well Laid Plans","floor":13},{"not_picked":["Outmaneuver","Deflect"],"picked":"Blur","floor":14},{"not_picked":["Venomology","Tools of the Trade"],"picked":"Malaise","floor":16},{"not_picked":["Prepared","Reflex+1"],"picked":"Crippling Poison+1","floor":18},{"not_picked":["Cloak And Dagger+1","Deflect+1"],"picked":"Crippling Poison+1","floor":19},{"not_picked":["Backflip","Deflect","Blade Dance"],"picked":"SKIP","floor":22},{"not_picked":["Deflect","Choke","PiercingWail"],"picked":"SKIP","floor":23},{"not_picked":["Reflex","Deadly Poison","Infinite Blades"],"picked":"SKIP","floor":24},{"not_picked":["Skewer","All Out Attack","PiercingWail"],"picked":"SKIP","floor":25}],"player_experience":123695,"relics_obtained":[{"floor":7,"key":"Boot"},{"floor":9,"key":"Bottled Lightning"},{"floor":11,"key":"FossilizedHelix"},{"floor":17,"key":"Anchor"},{"floor":17,"key":"Meat on the Bone"},{"floor":17,"key":"Mango"},{"floor":23,"key":"Tiny Chest"},{"floor":25,"key":"Bottled Flame"},{"floor":26,"key":"Pocketwatch"}],"event_choices":[{"cards_removed":["Strike_G"],"damage_healed":0,"gold_gain":0,"player_choice":"Purged","damage_taken":0,"max_hp_gain":0,"max_hp_loss":0,"event_name":"Purifier","floor":3,"gold_loss":0},{"damage_healed":0,"gold_gain":0,"player_choice":"Trade","damage_taken":0,"relics_obtained":["SsserpentHead"],"max_hp_gain":0,"max_hp_loss":0,"event_name":"FaceTrader","floor":21,"gold_loss":0}],"is_beta":false,"boss_relics":[{"not_picked":["Velvet Choker","Empty Cage"],"picked":"Calling Bell"}],"items_purged_floors":[2,20],"is_endless":false,"potions_floor_spawned":[4,5,8,12,13,19,23],"killed_by":"Cultist and Chosen","ascension_level":2}