{"gold_per_floor":[360,49,224,174,29,63,28,62,88,88,104,138,172,152,152,316,316,309,256,270,66,101,101,101],"floor_reached":24,"playtime":1530,"items_purged":["Injury"],"score":274,"play_id":"3c41d66d-326b-44e2-a2b3-e979dfe87662","local_time":"20190711183256","is_ascension_mode":true,"campfire_choices":[{"floor":10,"key":"REST"},{"data":"Cloak And Dagger","floor":15,"key":"SMITH"},{"data":"Envenom","floor":23,"key":"SMITH"}],"neow_cost":"CURSE","seed_source_timestamp":1743229219200,"circlet_count":0,"master_deck":["Strike_G","Strike_G","Strike_G","Strike_G","Strike_G","Defend_G","Defend_G","Defend_G","Defend_G","Defend_G","Survivor","Neutralize","Flechettes","HandOfGreed","Backflip","Leg Sweep","Infinite Blades","Terror","Footwork","Dagger Spray","Envenom+1","Prepared","Cloak And Dagger+1","After Image","Backflip","Cloak And Dagger","Cloak And Dagger"],"relics":["Ring of the Snake","The Specimen","Anchor","Lizard Tail","Oddly Smooth Stone"],"potions_floor_usage":[16,24],"damage_taken":[{"damage":1,"enemies":"2 Louse","floor":1,"turns":3},{"damage":39,"enemies":"Lagavulin","floor":6,"turns":13},{"damage":7,"enemies":"Jaw Worm","floor":8,"turns":6},{"damage":3,"enemies":"Cultist","floor":11,"turns":4},{"damage":0,"enemies":"2 Fungi Beasts","floor":12,"turns":3},{"damage":1,"enemies":"Large Slime","floor":13,"turns":10},{"damage":18,"enemies":"Slime Boss","floor":16,"turns":13},{"damage":20,"enemies":"2 Thieves","floor":18,"turns":5},{"damage":10,"enemies":"Spheric Guardian","floor":20,"turns":11},{"damage":12,"enemies":"Centurion and Healer","floor":22,"turns":12},{"damage":65,"enemies":"Gremlin Leader","floor":24,"turns":5}],"seed_played":"1918722710909397338","potions_obtained":[{"floor":11,"key":"PowerPotion"},{"floor":12,"key":"FearPotion"},{"floor":13,"key":"Strength Potion"}],"is_trial":false,"path_per_floor":["M","$","?","?","$","E","$","M","T","R","M","M","M","?","R","B",null,"M","$","M","$","M","R","E"],"character_chosen":"THE_SILENT","items_purchased":["HandOfGreed","Backflip","Leg Sweep","Infinite Blades","Footwork","Backflip","Cloak And Dagger","Oddly Smooth Stone"],"campfire_rested":1,"item_purchase_floors":[2,2,5,5,7,19,21,21],"current_hp_per_floor":[62,62,62,62,62,23,23,16,16,37,34,34,33,33,33,15,56,36,36,26,26,14,14,0],"gold":101,"neow_bonus":"TWO_FIFTY_GOLD","is_prod":false,"is_daily":false,"chose_seed":false,"campfire_upgraded":2,"win_rate":0,"timestamp":1562862776,"path_taken":["M","$","?","?","$","E","$","M","T","R","M","M","M","?","R","BOSS","M","$","M","$","?","R","E"],"build_version":"2019-07-05","purchased_purges":1,"victory":false,"max_hp_per_floor":[70,70,70,70,70,70,70,70,70,70,70,70,70,70,70,70,70,70,70,70,70,70,70,70],"card_choices":[{"not_picked":["Setup","Dodge and Roll"],"picked":"Flechettes","floor":1},{"not_picked":["Underhanded Strike","Skewer"],"picked":"Terror","floor":6},{"not_picked":["Bane","Underhanded Strike"],"picked":"Dagger Spray","floor":8},{"not_picked":["Distraction","Deflect"],"picked":"Envenom","floor":11},{"not_picked":["Poisoned Stab","Underhanded Strike"],"picked":"Prepared","floor":12},{"not_picked":["Terror","Backstab"],"picked":"Cloak And Dagger","floor":13},{"not_picked":["Adrenaline","Die Die Die"],"picked":"After Image","floor":16},{"not_picked":["Deadly Poison","Tactician","Accuracy"],"picked":"SKIP","floor":18},{"not_picked":["Tactician","Distraction"],"picked":"Cloak And Dagger","floor":20},{"not_picked":["Dagger Spray","Sucker Punch","Finisher"],"picked":"SKIP","floor":22}],"player_experience":216444,"relics_obtained":[{"floor":6,"key":"The Specimen"},{"floor":9,"key":"Anchor"}],"event_choices":[{"damage_healed":0,"gold_gain":175,"player_choice":"AGREE","damage_taken":0,"max_hp_gain":0,"max_hp_loss":0,"event_name":"Liars Game","floor":3,"gold_loss":0,"cards_obtained":["Doubt"]},{"cards_removed":["Doubt"],"damage_healed":0,"gold_gain":0,"player_choice":"Card Removal","damage_taken":0,"max_hp_gain":0,"max_hp_loss":0,"event_name":"The Cleric","floor":4,"gold_loss":50},{"damage_healed":0,"gold_gain":0,"player_choice":"Bought 1 Potion","damage_taken":0,"max_hp_gain":0,"max_hp_loss":0,"event_name":"The Woman in Blue","floor":14,"gold_loss":0}],"is_beta":false,"boss_relics":[{"not_picked":["Astrolabe","Runic Dome"],"picked":"Lizard Tail"}],"items_purged_floors":[2],"is_endless":false,"potions_floor_spawned":[11,12,13],"killed_by":"Gremlin Leader","ascension_level":8}