{"gold_per_floor":[118,131,131,143,143,143,75,75,75,0,11,111,128,148,148,148],"floor_reached":16,"playtime":654,"items_purged":["Strike_R"],"score":92,"play_id":"79e87389-a4e6-4800-aa2a-e4de0a54015b","local_time":"20190120112452","is_ascension_mode":false,"campfire_choices":[{"data":"Bash","floor":6,"key":"SMITH"},{"data":"Flame Barrier","floor":8,"key":"SMITH"},{"data":"Defend_R","floor":15,"key":"SMITH"}],"neow_cost":"PERCENT_DAMAGE","seed_source_timestamp":2256502757889065,"circlet_count":0,"master_deck":["Strike_R","Strike_R","Strike_R","Defend_R+1","Defend_R","Bash+1","Flame Barrier+1"],"relics":["Burning Blood","Mummified Hand"],"potions_floor_usage":[16],"damage_taken":[{"damage":11,"enemies":"Jaw Worm","floor":1,"turns":3},{"damage":2,"enemies":"2 Louse","floor":2,"turns":3},{"damage":1,"enemies":"Cultist","floor":4,"turns":3},{"damage":3,"enemies":"2 Fungi Beasts","floor":11,"turns":4},{"damage":0,"enemies":"Large Slime","floor":13,"turns":6},{"damage":4,"enemies":"Blue Slaver","floor":14,"turns":5},{"damage":72,"enemies":"Slime Boss","floor":16,"turns":13}],"seed_played":"-7717904239591039442","potions_obtained":[{"floor":2,"key":"Strength Potion"},{"floor":13,"key":"Strength Potion"}],"is_trial":false,"path_per_floor":["M","M","?","M","?","R","$","R","T","$","M","?","M","M","R","B"],"character_chosen":"IRONCLAD","items_purchased":["Flame Barrier"],"campfire_rested":0,"item_purchase_floors":[7],"current_hp_per_floor":[51,55,48,53,58,58,58,58,58,58,61,61,67,69,69,0],"gold":148,"neow_bonus":"REMOVE_TWO","is_prod":false,"is_daily":false,"chose_seed":false,"campfire_upgraded":3,"win_rate":0,"timestamp":1547951092,"path_taken":["M","M","?","M","?","R","$","R","T","$","M","?","?","M","R","BOSS"],"build_version":"2019-01-17v2","purchased_purges":1,"victory":false,"max_hp_per_floor":[80,80,80,80,85,85,85,85,85,85,85,85,85,85,85,85],"card_choices":[{"not_picked":["Havoc","Infernal Blade","True Grit"],"picked":"SKIP","floor":1},{"not_picked":["Infernal Blade","Clothesline","Twin Strike"],"picked":"SKIP","floor":2},{"not_picked":["Sword Boomerang","True Grit","Clothesline"],"picked":"SKIP","floor":4},{"not_picked":["Burning Pact","Intimidate","Clothesline"],"picked":"SKIP","floor":11},{"not_picked":["Blood for Blood","Double Tap","Thunderclap"],"picked":"SKIP","floor":13},{"not_picked":["Disarm","Second Wind","Thunderclap"],"picked":"SKIP","floor":14}],"player_experience":467060,"relics_obtained":[{"floor":9,"key":"Mummified Hand"}],"event_choices":[{"cards_removed":["Defend_R"],"damage_healed":0,"gold_gain":0,"player_choice":"Card Removal","damage_taken":7,"max_hp_gain":0,"max_hp_loss":0,"event_name":"Golden Wing","floor":3,"gold_loss":0},{"damage_healed":0,"gold_gain":0,"player_choice":"Donut","damage_taken":0,"max_hp_gain":5,"max_hp_loss":0,"event_name":"Big Fish","floor":5,"gold_loss":0},{"damage_healed":0,"gold_gain":100,"player_choice":"Pray","damage_taken":0,"max_hp_gain":0,"max_hp_loss":0,"event_name":"Golden Shrine","floor":12,"gold_loss":0}],"is_beta":false,"boss_relics":[],"items_purged_floors":[10],"is_endless":false,"potions_floor_spawned":[2,13],"killed_by":"Slime Boss","ascension_level":0}