{"gold_per_floor":[112,37,55,68,68,68,84,84,134,134,134,84,84,9,9,111,111,123,139,159,59,71,71,85,85,85,184,59,70,70,81,81,179,179,197,215,230,230,11,23,23,35,59,78,78,432,257,267,267,267],"floor_reached":51,"playtime":3173,"items_purged":["Strike_R","Hemokinesis+1","Armaments","Pommel Strike+1","Defend_R+1"],"score":666,"play_id":"74ac1198-1127-40f7-b2ec-eb11577761c0","local_time":"20180713234618","is_ascension_mode":false,"campfire_choices":[{"data":"Pommel Strike","floor":6,"key":"SMITH"},{"data":"Bash","floor":8,"key":"SMITH"},{"data":"Hemokinesis","floor":10,"key":"SMITH"},{"data":"Seeing Red","floor":15,"key":"SMITH"},{"data":"Dual Wield","floor":23,"key":"SMITH"},{"floor":25,"key":"REST"},{"floor":32,"key":"REST"},{"data":"Shrug It Off","floor":41,"key":"SMITH"},{"data":"Impervious","floor":45,"key":"SMITH"},{"data":"Impervious","floor":49,"key":"SMITH"}],"neow_cost":"TEN_PERCENT_HP_LOSS","seed_source_timestamp":48964952399032,"circlet_count":0,"master_deck":["Defend_R+1","Defend_R+1","Defend_R+1","Bash+1","Headbutt","Seeing Red+1","Body Slam+1","Dual Wield+1","Impervious+1","Shrug It Off+1","Impervious+1","Shrug It Off+1"],"relics":["Burning Blood","Lantern","Bronze Scales","Runic Pyramid","Shuriken","Philosopher\u0027s Stone","Strawberry","Old Coin"],"potions_floor_usage":[18,19,24,24,31,35,42],"damage_taken":[{"damage":4,"enemies":"Jaw Worm","floor":1,"turns":3},{"damage":4,"enemies":"Cultist","floor":3,"turns":3},{"damage":3,"enemies":"Small Slimes","floor":4,"turns":2},{"damage":8,"enemies":"Looter","floor":7,"turns":2},{"damage":38,"enemies":"Hexaghost","floor":16,"turns":7},{"damage":14,"enemies":"2 Thieves","floor":18,"turns":3},{"damage":2,"enemies":"3 Byrds","floor":19,"turns":3},{"damage":22,"enemies":"Centurion and Healer","floor":20,"turns":5},{"damage":12,"enemies":"Slaver and Parasite","floor":22,"turns":8},{"damage":5,"enemies":"Snecko","floor":24,"turns":4},{"damage":25,"enemies":"Centurion and Healer","floor":29,"turns":4},{"damage":0,"enemies":"3 Cultists","floor":31,"turns":3},{"damage":24,"enemies":"Collector","floor":33,"turns":5},{"damage":4,"enemies":"3 Shapes","floor":35,"turns":2},{"damage":16,"enemies":"3 Darklings","floor":36,"turns":3},{"damage":12,"enemies":"4 Shapes","floor":37,"turns":3},{"damage":0,"enemies":"Maw","floor":40,"turns":4},{"damage":0,"enemies":"3 Darklings","floor":42,"turns":2},{"damage":2,"enemies":"Sphere and 2 Shapes","floor":44,"turns":4},{"damage":0,"floor":46,"turns":3},{"damage":3,"enemies":"4 Shapes","floor":48,"turns":3},{"damage":41,"enemies":"Time Eater","floor":50,"turns":6}],"seed_played":"5325826921511606312","potions_obtained":[{"floor":1,"key":"FearPotion"},{"floor":7,"key":"LiquidBronze"},{"floor":16,"key":"Block Potion"},{"floor":18,"key":"SteroidPotion"},{"floor":19,"key":"Explosive Potion"},{"floor":31,"key":"Swift Potion"},{"floor":33,"key":"Poison Potion"},{"floor":35,"key":"BloodPotion"},{"floor":42,"key":"EssenceOfSteel"},{"floor":46,"key":"GamblersBrew"}],"is_trial":false,"path_per_floor":["M","$","M","M","?","R","M","R","T","R","?","?","$","$","R","B",null,"M","M","M","$","M","R","M","R","T","?","$","M","?","M","R","B",null,"M","M","M","?","$","M","R","M","T","M","R","?","$","M","R","B"],"character_chosen":"IRONCLAD","items_purchased":["Seeing Red","Impervious"],"campfire_rested":2,"item_purchase_floors":[14,39],"current_hp_per_floor":[72,72,72,72,72,72,70,70,70,70,58,58,58,58,58,26,72,64,68,52,52,46,46,47,68,68,68,68,49,49,55,72,54,72,72,62,56,56,56,62,62,68,75,79,79,79,79,79,79,44],"gold":267,"neow_bonus":"TRANSFORM_TWO_CARDS","is_prod":false,"is_daily":false,"chose_seed":false,"campfire_upgraded":8,"win_rate":0,"timestamp":1531518378,"path_taken":["M","$","M","M","?","R","M","R","T","R","?","?","?","$","R","BOSS","M","M","M","$","M","R","M","R","T","?","$","M","?","M","R","BOSS","M","M","M","?","$","M","R","M","T","?","R","?","?","M","R","BOSS"],"build_version":"2018-07-05","purchased_purges":5,"victory":true,"max_hp_per_floor":[72,72,72,72,72,72,72,72,72,72,72,72,72,72,72,72,72,72,72,72,72,72,72,72,72,72,72,72,72,72,72,72,72,72,72,72,72,72,72,72,72,72,79,79,79,79,79,79,79,79],"card_choices":[{"not_picked":["Pummel","Thunderclap","Flex"],"picked":"SKIP","floor":1},{"not_picked":["Warcry","Sword Boomerang"],"picked":"Headbutt","floor":3},{"not_picked":["Rampage","True Grit"],"picked":"Armaments","floor":4},{"not_picked":["Whirlwind","Thunderclap","Sentinel"],"picked":"SKIP","floor":7},{"not_picked":["Rupture","Uppercut+1"],"picked":"Body Slam+1","floor":18},{"not_picked":["Hemokinesis+1","Headbutt","Battle Trance"],"picked":"SKIP","floor":19},{"not_picked":["Pummel","Sword Boomerang","Armaments"],"picked":"SKIP","floor":20},{"not_picked":["Sentinel+1","Sword Boomerang"],"picked":"Dual Wield","floor":22},{"not_picked":["Clothesline+1","Evolve","Iron Wave"],"picked":"SKIP","floor":24},{"not_picked":["Disarm","Reckless Charge","Thunderclap"],"picked":"SKIP","floor":29},{"not_picked":["Heavy Blade","Whirlwind","Headbutt"],"picked":"SKIP","floor":31},{"not_picked":["Demon Form","Dark Embrace"],"picked":"Impervious","floor":33},{"not_picked":["Flex+1","Cleave+1"],"picked":"Shrug It Off","floor":35},{"not_picked":["Flex+1","Intimidate","Evolve+1"],"picked":"SKIP","floor":36},{"not_picked":["Body Slam","Flex+1","Clash"],"picked":"SKIP","floor":37},{"not_picked":["Body Slam","Flex+1","Clash"],"picked":"SKIP","floor":37},{"not_picked":["Corruption","Headbutt","Hemokinesis+1"],"picked":"SKIP","floor":40},{"not_picked":["Corruption","Headbutt","Hemokinesis+1"],"picked":"SKIP","floor":40},{"not_picked":["Berserk","Searing Blow","Corruption"],"picked":"SKIP","floor":42},{"not_picked":["Flex","Reckless Charge"],"picked":"Shrug It Off+1","floor":44},{"not_picked":["Pommel Strike+1","Warcry+1","Infernal Blade"],"picked":"SKIP","floor":48}],"player_experience":312785,"relics_obtained":[{"floor":9,"key":"Lantern"},{"floor":26,"key":"Shuriken"},{"floor":43,"key":"Strawberry"},{"floor":46,"key":"Old Coin"}],"event_choices":[{"event_name":"Purifier","player_choice":"One Purge","floor":5,"damage_taken":0},{"event_name":"Scrap Ooze","player_choice":"success","floor":11,"damage_taken":12},{"event_name":"The Cleric","player_choice":"Card Removal","floor":12,"damage_taken":0},{"event_name":"Nest","player_choice":"Stole From Cult","floor":27,"damage_taken":0},{"event_name":"Back to Basics","player_choice":"Simplicity","floor":30,"damage_taken":0},{"event_name":"Tomb of Lord Red Mask","player_choice":"Ignored","floor":38,"damage_taken":0},{"event_name":"Mysterious Sphere","player_choice":"Fight","floor":46,"damage_taken":0}],"boss_relics":[{"not_picked":["Pandora\u0027s Box","Cursed Key"],"picked":"Runic Pyramid"},{"not_picked":["Fusion Hammer","Busted Crown"],"picked":"Philosopher\u0027s Stone"}],"items_purged_floors":[2,21,28,39,47],"is_endless":false,"potions_floor_spawned":[1,7,16,18,19,22,31,33,35,42,46],"ascension_level":0}