{"gold_per_floor":[114,129,204,219,219,219,257,257,307,345,23,61,99,118,118,243,243,262,262,281,281,131,131,169,188,188,188,226,276,326,357,369,506,518,549,561,42,80,99,137,137,156,156,194,213,213,251,270,270,270],"floor_reached":51,"playtime":6919,"items_purged":[],"score":1146,"play_id":"6cf10d9a-908b-43b0-b776-af0adda26cfd","local_time":"20190707223911","daily_mods":["Heirloom","Blue Cards","DeadlyEvents"],"is_ascension_mode":false,"campfire_choices":[{"data":"1","floor":6,"key":"LIFT"},{"data":"2","floor":15,"key":"LIFT"},{"data":"3","floor":23,"key":"LIFT"},{"data":"Buffer","floor":27,"key":"SMITH"},{"data":"Hello World","floor":32,"key":"SMITH"},{"data":"Caltrops","floor":41,"key":"SMITH"},{"data":"Well Laid Plans","floor":46,"key":"SMITH"},{"data":"Footwork","floor":49,"key":"SMITH"}],"neow_cost":"","seed_source_timestamp":0,"circlet_count":0,"master_deck":["Defend_G","Defend_G","Defend_G","Defend_G","Defend_G","Survivor","Neutralize","Steam","Reinforced Body","Cold Snap","Self Repair","Steam","All Out Attack","Masterful Stab","Footwork+1","Buffer+1","Cloak And Dagger+1","Bite","Bite","Bite","Bite","Bite","Eviscerate+1","Necronomicurse","Heatsinks+1","Heatsinks","Hello World+1","Seek","Electrodynamics","Auto Shields+1","Venomology","Recycle+1","Mayhem","Backstab","Caltrops+1","Adrenaline","Deflect+1","Dash+1","Corpse Explosion","Well Laid Plans+1","Cloak And Dagger"],"special_seed":18084,"relics":["Ring of the Snake","Girya","Golden Idol","Dodecahedron","Potion Belt","Tough Bandages","Ice Cream","Pantograph","Paper Crane","Coffee Dripper","Necronomicon","Oddly Smooth Stone","Calipers","Sundial","MawBank","Vajra","Bronze Scales","Eternal Feather","Gremlin Horn","Bottled Tornado","Dream Catcher","Happy Flower","Singing Bowl","Lantern","The Courier"],"potions_floor_usage":[7,16,16,28,40,40,44,45,47,48,50,50,50,50,50],"damage_taken":[{"damage":0,"enemies":"Small Slimes","floor":1,"turns":4},{"damage":2,"enemies":"Cultist","floor":2,"turns":5},{"damage":0,"enemies":"2 Louse","floor":4,"turns":4},{"damage":24,"enemies":"Gremlin Nob","floor":7,"turns":6},{"damage":0,"enemies":"3 Sentries","floor":10,"turns":12},{"damage":28,"enemies":"Lagavulin","floor":12,"turns":14},{"damage":30,"enemies":"3 Sentries","floor":13,"turns":9},{"damage":1,"enemies":"2 Fungi Beasts","floor":14,"turns":3},{"damage":23,"enemies":"The Guardian","floor":16,"turns":15},{"damage":0,"enemies":"Spheric Guardian","floor":18,"turns":6},{"damage":0,"enemies":"Chosen","floor":20,"turns":6},{"damage":1,"enemies":"Gremlin Leader","floor":24,"turns":6},{"damage":0,"enemies":"Sentry and Sphere","floor":25,"turns":5},{"damage":0,"enemies":"Slavers","floor":28,"turns":4},{"damage":0,"enemies":"Book of Stabbing","floor":29,"turns":5},{"damage":19,"enemies":"Slavers","floor":30,"turns":7},{"damage":1,"enemies":"Snake Plant","floor":31,"turns":3},{"damage":26,"enemies":"Automaton","floor":33,"turns":8},{"damage":0,"enemies":"Orb Walker","floor":35,"turns":4},{"damage":6,"enemies":"Nemesis","floor":38,"turns":7},{"damage":0,"enemies":"3 Shapes","floor":39,"turns":3},{"damage":6,"enemies":"Giant Head","floor":40,"turns":6},{"damage":0,"enemies":"3 Darklings","floor":42,"turns":3},{"damage":0,"enemies":"Nemesis","floor":44,"turns":7},{"damage":0,"enemies":"4 Shapes","floor":45,"turns":2},{"damage":0,"enemies":"Reptomancer","floor":47,"turns":4},{"damage":17,"enemies":"Spire Growth","floor":48,"turns":4},{"damage":0,"enemies":"Donu and Deca","floor":50,"turns":4}],"seed_played":"-6942843224144824641","potions_obtained":[{"floor":2,"key":"EssenceOfSteel"},{"floor":13,"key":"Regen Potion"},{"floor":14,"key":"Weak Potion"},{"floor":20,"key":"SkillPotion"},{"floor":24,"key":"SmokeBomb"},{"floor":28,"key":"AttackPotion"},{"floor":33,"key":"Ancient Potion"},{"floor":44,"key":"SteroidPotion"},{"floor":45,"key":"SpeedPotion"},{"floor":47,"key":"Ancient Potion"},{"floor":48,"key":"Block Potion"}],"is_trial":false,"path_per_floor":["M","M","?","M","?","R","E","?","T","E","$","E","E","M","R","B",null,"M","?","M","?","$","R","E","M","T","R","E","E","E","M","R","B",null,"M","T","$","E","M","E","R","M","T","E","M","R","E","M","R","B",null],"character_chosen":"THE_SILENT","items_purchased":["Ice Cream","Steam","Oddly Smooth Stone","Bottled Tornado","Mayhem","Backstab","Caltrops"],"campfire_rested":0,"item_purchase_floors":[11,11,22,37,37,37,37],"current_hp_per_floor":[70,68,57,57,40,40,16,70,70,70,70,49,26,32,32,54,70,70,49,49,33,33,33,49,49,49,49,49,49,49,49,49,40,49,49,49,49,49,49,49,49,49,49,51,51,51,51,49,53,53],"gold":270,"neow_bonus":"","is_prod":false,"is_daily":true,"chose_seed":false,"campfire_upgraded":5,"win_rate":0,"timestamp":1562531951,"path_taken":["M","M","?","M","?","R","E","?","T","E","$","?","?","M","R","BOSS","M","?","M","?","$","R","E","?","T","R","E","?","?","M","R","BOSS","M","?","?","?","?","E","R","M","T","E","M","R","?","M","R","BOSS"],"build_version":"2019-07-05","purchased_purges":0,"victory":true,"max_hp_per_floor":[70,70,70,70,70,70,70,70,70,70,70,70,70,70,70,70,70,70,49,49,49,49,49,49,49,49,49,49,49,49,49,49,49,49,49,49,49,49,49,49,49,49,49,51,51,51,51,53,53,53],"card_choices":[{"not_picked":["Sucker Punch","Poisoned Stab"],"picked":"Steam","floor":1},{"not_picked":["Redo","Bouncing Flask"],"picked":"Reinforced Body","floor":2},{"not_picked":["Quick Slash","Prepared"],"picked":"Cold Snap","floor":4},{"not_picked":["Compile Driver","Streamline"],"picked":"Sunder","floor":7},{"not_picked":["Corpse Explosion","Hello World"],"picked":"Self Repair","floor":10},{"not_picked":["Rebound","Hologram"],"picked":"All Out Attack","floor":12},{"not_picked":["Dodge and Roll","Stack"],"picked":"Masterful Stab","floor":13},{"not_picked":["Outmaneuver","Stack"],"picked":"Footwork","floor":14},{"not_picked":["Envenom","Fission"],"picked":"Buffer","floor":16},{"not_picked":["Terror","Barrage"],"picked":"Cloak And Dagger+1","floor":18},{"not_picked":["Crippling Poison","PiercingWail"],"picked":"Eviscerate+1","floor":20},{"not_picked":["Flying Knee","Loop"],"picked":"Heatsinks+1","floor":24},{"not_picked":["Darkness","BootSequence"],"picked":"Heatsinks","floor":25},{"not_picked":["Finisher","Stack"],"picked":"Hello World","floor":28},{"not_picked":["Compile Driver","Turbo"],"picked":"Seek","floor":29},{"not_picked":["Dodge and Roll","Sunder"],"picked":"Electrodynamics","floor":30},{"not_picked":["Acrobatics","Barrage"],"picked":"Auto Shields+1","floor":31},{"not_picked":["Seek","Amplify"],"picked":"Venomology","floor":33},{"not_picked":["Go for the Eyes+1","Acrobatics"],"picked":"Recycle+1","floor":35},{"not_picked":["Turbo","Leap"],"picked":"Adrenaline","floor":38},{"not_picked":["BootSequence","Quick Slash+1"],"picked":"Deflect+1","floor":39},{"not_picked":["Quick Slash+1","White Noise+1"],"picked":"Dash+1","floor":40},{"not_picked":["Reinforced Body","Sweeping Beam"],"picked":"Corpse Explosion","floor":42},{"not_picked":["Poisoned Stab","PiercingWail+1","Skim"],"picked":"Singing Bowl","floor":44},{"not_picked":["Melter+1","Flechettes"],"picked":"Well Laid Plans","floor":45},{"not_picked":["Hologram","Gash+1"],"picked":"Cloak And Dagger","floor":47},{"not_picked":["Grand Finale","Cold Snap","Predator"],"picked":"Singing Bowl","floor":48}],"player_experience":105094,"relics_obtained":[{"floor":7,"key":"Dodecahedron"},{"floor":9,"key":"Potion Belt"},{"floor":10,"key":"Tough Bandages"},{"floor":12,"key":"Pantograph"},{"floor":13,"key":"Paper Crane"},{"floor":21,"key":"Necronomicon"},{"floor":24,"key":"Calipers"},{"floor":26,"key":"Sundial"},{"floor":28,"key":"MawBank"},{"floor":29,"key":"Vajra"},{"floor":30,"key":"Bronze Scales"},{"floor":36,"key":"Gremlin Horn"},{"floor":38,"key":"Dream Catcher"},{"floor":40,"key":"Happy Flower"},{"floor":43,"key":"Singing Bowl"},{"floor":44,"key":"Lantern"},{"floor":47,"key":"The Courier"}],"event_choices":[{"damage_healed":0,"gold_gain":75,"player_choice":"Gather Gold","damage_taken":11,"max_hp_gain":0,"max_hp_loss":0,"event_name":"World of Goop","floor":3,"gold_loss":0},{"damage_healed":0,"gold_gain":0,"player_choice":"Take Damage","damage_taken":17,"relics_obtained":["Golden Idol"],"max_hp_gain":0,"max_hp_loss":0,"event_name":"Golden Idol","floor":5,"gold_loss":0},{"cards_removed":["Sunder"],"damage_healed":54,"gold_gain":0,"player_choice":"Offered Uncommon","damage_taken":0,"max_hp_gain":0,"max_hp_loss":0,"event_name":"Bonfire Elementals","floor":8,"gold_loss":0},{"damage_healed":0,"gold_gain":0,"player_choice":"Became a vampire","damage_taken":0,"max_hp_gain":0,"max_hp_loss":21,"event_name":"Vampires","floor":19,"gold_loss":0,"cards_obtained":["Bite","Bite","Bite","Bite","Bite"]},{"damage_healed":0,"gold_gain":0,"player_choice":"Obtained Book","damage_taken":16,"max_hp_gain":0,"max_hp_loss":0,"event_name":"Cursed Tome","floor":21,"gold_loss":0}],"is_beta":false,"boss_relics":[{"not_picked":["Pandora\u0027s Box","Empty Cage"],"picked":"Coffee Dripper"},{"not_picked":["WristBlade","Tiny House"],"picked":"Eternal Feather"}],"items_purged_floors":[],"is_endless":false,"potions_floor_spawned":[2,13,14,20,24,28,33,44,45,47,48],"ascension_level":0}