{"gold_per_floor":[116,116,133,145,156,188,188,198,246,246,276,276,276,296,296,296],"floor_reached":16,"playtime":1053,"items_purged":[],"score":123,"play_id":"bc362773-a2eb-41fc-bfb6-229d890f7cfe","local_time":"20190716024955","is_ascension_mode":true,"campfire_choices":[{"floor":7,"key":"REST"},{"floor":10,"key":"REST"},{"floor":13,"key":"REST"},{"data":"Accuracy","floor":15,"key":"SMITH"}],"neow_cost":"NONE","seed_source_timestamp":11001213188129,"circlet_count":0,"master_deck":["Strike_G","Strike_G","Strike_G","Strike_G","Strike_G","Defend_G","Defend_G","Defend_G","Defend_G","Defend_G","Survivor","Neutralize","Dagger Throw","Backflip","Masterful Stab+1","Backflip","Accuracy+1","Blade Dance"],"relics":["Ring of the Snake","Molten Egg 2","PreservedInsect","Centennial Puzzle","Juzu Bracelet"],"potions_floor_usage":[16,16,16],"damage_taken":[{"damage":0,"enemies":"Cultist","floor":1,"turns":4},{"damage":0,"enemies":"Small Slimes","floor":3,"turns":3},{"damage":1,"enemies":"Jaw Worm","floor":4,"turns":4},{"damage":22,"enemies":"Large Slime","floor":5,"turns":8},{"damage":53,"enemies":"Gremlin Nob","floor":6,"turns":5},{"damage":6,"enemies":"2 Fungi Beasts","floor":8,"turns":3},{"damage":10,"enemies":"3 Sentries","floor":11,"turns":5},{"damage":0,"enemies":"Looter","floor":14,"turns":3},{"damage":55,"enemies":"Hexaghost","floor":16,"turns":14}],"seed_played":"1433306341563186036","potions_obtained":[{"floor":6,"key":"Weak Potion"},{"floor":8,"key":"Dexterity Potion"},{"floor":11,"key":"Block Potion"}],"is_trial":false,"path_per_floor":["M","T","M","M","M","E","R","M","T","R","E","?","R","M","R","B"],"character_chosen":"THE_SILENT","items_purchased":[],"campfire_rested":3,"item_purchase_floors":[],"current_hp_per_floor":[77,77,77,76,54,1,24,18,18,41,31,31,54,54,54,0],"gold":296,"neow_bonus":"TEN_PERCENT_HP_BONUS","is_prod":false,"is_daily":false,"chose_seed":false,"campfire_upgraded":1,"win_rate":0,"timestamp":1563263395,"path_taken":["M","?","M","M","M","E","R","M","T","R","E","?","R","M","R","BOSS"],"build_version":"2019-07-05","purchased_purges":0,"victory":false,"max_hp_per_floor":[77,77,77,77,77,77,77,77,77,77,77,77,77,77,77,77],"card_choices":[{"not_picked":["PiercingWail","Dodge and Roll"],"picked":"Dagger Throw","floor":1},{"not_picked":["Dodge and Roll","Footwork"],"picked":"Backflip","floor":3},{"not_picked":["Dodge and Roll","Leg Sweep"],"picked":"Bullet Time","floor":4},{"not_picked":["Deflect","Leg Sweep"],"picked":"Masterful Stab+1","floor":5},{"not_picked":["Footwork","Caltrops"],"picked":"Backflip","floor":6},{"not_picked":["Quick Slash+1","Blade Dance"],"picked":"Accuracy","floor":8},{"not_picked":["Slice+1","Expertise","Eviscerate+1"],"picked":"SKIP","floor":11},{"not_picked":["Slice+1","All Out Attack+1"],"picked":"Blade Dance","floor":14}],"player_experience":92321,"relics_obtained":[{"floor":2,"key":"Molten Egg 2"},{"floor":6,"key":"PreservedInsect"},{"floor":9,"key":"Centennial Puzzle"},{"floor":11,"key":"Juzu Bracelet"}],"event_choices":[{"cards_removed":["Bullet Time"],"damage_healed":0,"gold_gain":0,"player_choice":"Forget","damage_taken":0,"max_hp_gain":0,"max_hp_loss":0,"event_name":"Living Wall","floor":12,"gold_loss":0}],"is_beta":false,"boss_relics":[],"items_purged_floors":[],"is_endless":false,"potions_floor_spawned":[6,8,11,14],"killed_by":"Hexaghost","ascension_level":2}