{"gold_per_floor":[109,39,52,65,78,78,112,112,158,175,175,210,227,243,243,343,343,354,354,304,318,334,334,350,350,350,367,48,60,60],"floor_reached":30,"playtime":1557,"items_purged":["Writhe"],"score":308,"play_id":"12472024-3e87-423e-abd1-91bd2bc2c8c3","local_time":"20190707205208","is_ascension_mode":true,"campfire_choices":[{"data":"Defragment","floor":6.0,"key":"SMITH"},{"data":"Zap","floor":8.0,"key":"SMITH"},{"data":"Dualcast","floor":11.0,"key":"SMITH"},{"floor":15.0,"key":"REST"},{"data":"Glacier","floor":23.0,"key":"SMITH"},{"data":"Capacitor","floor":25.0,"key":"SMITH"}],"neow_cost":"NONE","seed_source_timestamp":0,"circlet_count":0,"master_deck":["Strike_B","Strike_B","Strike_B","Strike_B","Defend_B","Defend_B","Defend_B","Defend_B","Zap+1","Dualcast+1","BootSequence","Glacier+1","Coolheaded","Defragment+1","Hologram","Core Surge","Capacitor+1","Turbo","Defragment","Hologram"],"special_seed":0,"relics":["Eternal Feather","Symbiotic Virus","Pen Nib","Regal Pillow","Coffee Dripper","Boot","Calipers","Toy Ornithopter"],"potions_floor_usage":[],"damage_taken":[{"damage":5.0,"enemies":"Small Slimes","floor":1.0,"turns":4.0},{"damage":0.0,"enemies":"2 Louse","floor":3.0,"turns":2.0},{"damage":0.0,"enemies":"Cultist","floor":4.0,"turns":5.0},{"damage":0.0,"enemies":"Large Slime","floor":5.0,"turns":5.0},{"damage":16.0,"enemies":"3 Sentries","floor":7.0,"turns":13.0},{"damage":1.0,"enemies":"3 Louse","floor":10.0,"turns":3.0},{"damage":7.0,"enemies":"Lagavulin","floor":12.0,"turns":8.0},{"damage":4.0,"enemies":"Exordium Thugs","floor":13.0,"turns":4.0},{"damage":7.0,"enemies":"Lots of Slimes","floor":14.0,"turns":5.0},{"damage":55.0,"enemies":"Hexaghost","floor":16.0,"turns":11.0},{"damage":8.0,"enemies":"Shell Parasite","floor":18.0,"turns":5.0},{"damage":9.0,"enemies":"3 Byrds","floor":21.0,"turns":5.0},{"damage":27.0,"enemies":"Centurion and Healer","floor":22.0,"turns":10.0},{"damage":1.0,"enemies":"Sentry and Sphere","floor":24.0,"turns":6.0},{"damage":4.0,"enemies":"3 Cultists","floor":27.0,"turns":7.0},{"damage":28,"enemies":"Centurion and Healer","floor":29,"turns":8},{"damage":12,"enemies":"Snecko","floor":30,"turns":3}],"seed_played":"-5452511924455825601","potions_obtained":[{"floor":4.0,"key":"Poison Potion"},{"floor":10.0,"key":"Dexterity Potion"},{"floor":12.0,"key":"SpeedPotion"},{"floor":13.0,"key":"Weak Potion"},{"floor":18.0,"key":"SteroidPotion"},{"floor":22.0,"key":"SkillPotion"},{"floor":24.0,"key":"Fire Potion"}],"is_trial":false,"path_per_floor":["M","$","M","M","M","R","E","R","T","M","R","E","M","M","R","B",null,"M","?","?","M","M","R","M","R","T","M","$","M","M"],"character_chosen":"DEFECT","items_purchased":["Glacier","Defragment","Toy Ornithopter"],"campfire_rested":1,"item_purchase_floors":[2,28,28],"current_hp_per_floor":[70,70,70,70,70,75,59,65,65,64,70,63,59,52,75,20,61,53,53,53,44,17,26,25,34,34,30,30,2,0],"gold":60,"neow_bonus":"BOSS_RELIC","is_prod":false,"is_daily":false,"chose_seed":false,"campfire_upgraded":5,"win_rate":0,"timestamp":1562525528,"path_taken":["M","$","M","M","M","R","E","R","T","M","R","E","M","M","R","BOSS","M","?","?","M","?","R","M","R","T","M","$","M","M"],"build_version":"2019-07-05","purchased_purges":1,"victory":false,"max_hp_per_floor":[75,75,75,75,75,75,75,75,75,75,75,75,75,75,75,75,75,75,75,75,75,75,75,75,75,75,75,75,75,75],"card_choices":[{"not_picked":["Stack","Beam Cell"],"picked":"BootSequence","floor":1.0},{"not_picked":["Fusion","Rebound","Barrage"],"picked":"SKIP","floor":3.0},{"not_picked":["Compile Driver","Reinforced Body"],"picked":"Coolheaded","floor":4.0},{"not_picked":["Streamline","Doom and Gloom"],"picked":"Defragment","floor":5.0},{"not_picked":["Ball Lightning","Compile Driver","Coolheaded"],"picked":"SKIP","floor":7.0},{"not_picked":["Lockon","Rip and Tear","Force Field"],"picked":"SKIP","floor":10.0},{"not_picked":["Auto Shields","Go for the Eyes","Doom and Gloom"],"picked":"SKIP","floor":12.0},{"not_picked":["Machine Learning","Beam Cell","Conserve Battery"],"picked":"SKIP","floor":13.0},{"not_picked":["Beam Cell","Steam"],"picked":"Hologram","floor":14.0},{"not_picked":["Reboot","Hyperbeam"],"picked":"Core Surge","floor":16.0},{"not_picked":["Redo","Sunder","Beam Cell"],"picked":"SKIP","floor":18.0},{"not_picked":["Rip and Tear","Stack","Blizzard"],"picked":"SKIP","floor":21.0},{"not_picked":["Fusion+1","Tempest","Barrage"],"picked":"SKIP","floor":22.0},{"not_picked":["Streamline+1","Force Field"],"picked":"Capacitor","floor":24.0},{"not_picked":["Loop+1","White Noise"],"picked":"Turbo","floor":27.0},{"not_picked":["Turbo+1","Rebound+1"],"picked":"Hologram","floor":29}],"player_experience":313002,"relics_obtained":[{"floor":7.0,"key":"Symbiotic Virus"},{"floor":9.0,"key":"Pen Nib"},{"floor":12.0,"key":"Regal Pillow"},{"floor":26.0,"key":"Calipers"}],"event_choices":[{"damage_healed":0.0,"max_hp_gain":0.0,"max_hp_loss":0.0,"gold_gain":0.0,"event_name":"The Mausoleum","player_choice":"Opened","floor":19.0,"gold_loss":0.0,"damage_taken":0.0,"relics_obtained":["Boot"],"cards_obtained":["Writhe"]},{"damage_healed":0.0,"max_hp_gain":0.0,"max_hp_loss":0.0,"gold_gain":0.0,"event_name":"The Joust","player_choice":"Bet on Murderer","floor":20.0,"gold_loss":50.0,"damage_taken":0.0}],"is_beta":false,"boss_relics":[{"not_picked":["Black Star","Orrery"],"picked":"Coffee Dripper"}],"items_purged_floors":[28],"is_endless":false,"potions_floor_spawned":[4,10,12,13,18,22,24],"killed_by":"Snecko","ascension_level":5}