{"gold_per_floor":[113,113,113,63,75,107,107,59,86,101,26,26,26,62,62,185,185,198,198,216,216,243,243,270,270,270,170,170,187,187,204,204,306,306,324,324,342,442,442,475,486,502,502,512,241,241,241,241,241,241],"floor_reached":51,"playtime":2043,"items_purged":["Strike_B","Strike_B","Parasite"],"score":1018,"play_id":"3acc81db-da44-4a96-9724-e2e94d53055c","local_time":"20190709214856","is_ascension_mode":true,"campfire_choices":[{"data":"Defragment","floor":7.0,"key":"SMITH"},{"data":"Zap","floor":12.0,"key":"SMITH"},{"data":"Dualcast","floor":15.0,"key":"SMITH"},{"floor":23,"key":"REST"},{"data":"Loop","floor":25,"key":"SMITH"},{"floor":28,"key":"REST"},{"data":"RitualDagger","floor":32,"key":"SMITH"},{"data":"Double Energy","floor":47,"key":"SMITH"},{"data":"Finesse","floor":49,"key":"SMITH"}],"neow_cost":"NONE","seed_source_timestamp":1122529102670800,"circlet_count":0,"master_deck":["Strike_B","Defend_B","Defend_B","Defend_B","Defend_B","Zap+1","Dualcast+1","Blizzard+1","Coolheaded","Cold Snap","Defragment+1","Coolheaded","Electrodynamics","Loop+1","Cold Snap","RitualDagger+1","Biased Cognition+1","Consume+1","Double Energy+1","Self Repair+1","Finesse+1","Biased Cognition+1"],"special_seed":0,"relics":["FrozenCore","NeowsBlessing","Dream Catcher","Bag of Marbles","Bloody Idol","Lantern","Enchiridion","Red Mask","Frozen Egg 2","Ice Cream","Inserter","FossilizedHelix","PreservedInsect","Sundial","Bag of Preparation"],"potions_floor_usage":[22,24,29,50],"damage_taken":[{"damage":0.0,"enemies":"Small Slimes","floor":1.0,"turns":1.0},{"damage":0.0,"enemies":"2 Louse","floor":5.0,"turns":1.0},{"damage":0.0,"enemies":"3 Sentries","floor":6.0,"turns":1.0},{"damage":8.0,"enemies":"Jaw Worm","floor":10.0,"turns":3.0},{"damage":0.0,"enemies":"Lagavulin","floor":14.0,"turns":9.0},{"damage":37.0,"enemies":"Hexaghost","floor":16.0,"turns":13.0},{"damage":8.0,"enemies":"Shell Parasite","floor":18.0,"turns":6.0},{"damage":0.0,"enemies":"Chosen","floor":20.0,"turns":6.0},{"damage":14,"enemies":"Masked Bandits","floor":22,"turns":4},{"damage":5,"enemies":"Book of Stabbing","floor":24,"turns":7},{"damage":5,"enemies":"Centurion and Healer","floor":29,"turns":4},{"damage":8,"enemies":"Snake Plant","floor":31,"turns":4},{"damage":16,"enemies":"Automaton","floor":33,"turns":9},{"damage":1,"enemies":"3 Shapes","floor":35,"turns":2},{"damage":0,"enemies":"Orb Walker","floor":37,"turns":5},{"damage":10,"enemies":"Mind Bloom Boss Battle","floor":38,"turns":6},{"damage":0,"enemies":"Reptomancer","floor":40,"turns":5},{"damage":30,"enemies":"Writhing Mass","floor":41,"turns":10},{"damage":0,"enemies":"Maw","floor":42,"turns":7},{"damage":5,"enemies":"Spire Growth","floor":44,"turns":4},{"damage":0,"enemies":"Time Eater","floor":50,"turns":13}],"seed_played":"610011210946938313","potions_obtained":[{"floor":1.0,"key":"Ancient Potion"},{"floor":14.0,"key":"SpeedPotion"},{"floor":16.0,"key":"Energy Potion"},{"floor":18.0,"key":"GamblersBrew"},{"floor":20.0,"key":"LiquidBronze"},{"floor":33,"key":"Dexterity Potion"},{"floor":35,"key":"Regen Potion"},{"floor":41,"key":"GamblersBrew"},{"floor":44,"key":"SkillPotion"}],"is_trial":false,"path_per_floor":["M","?","?","$","M","E","R","$","T","M","$","R","?","E","R","B",null,"M","?","M","?","?","R","E","R","T","$","R","M","?","M","R","B",null,"M","?","M","?","?","E","M","M","T","M","$","?","R","?","R","B",null],"character_chosen":"DEFECT","items_purchased":["Coolheaded","Coolheaded","Bag of Preparation"],"campfire_rested":2,"item_purchase_floors":[4,8,45],"current_hp_per_floor":[75,80,80,80,80,80,80,80,80,72,72,72,72,72,72,35,64,56,40,40,40,31,53,53,53,53,53,74,74,68,65,65,54,69,73,73,74,69,69,74,49,74,74,74,71,71,71,71,71,71],"gold":241,"neow_bonus":"THREE_ENEMY_KILL","is_prod":false,"is_daily":false,"chose_seed":false,"campfire_upgraded":7,"win_rate":0,"timestamp":1562701736,"path_taken":["M","?","?","$","M","E","R","?","T","M","$","R","?","E","R","BOSS","M","?","M","?","?","R","E","R","T","$","R","?","?","M","R","BOSS","M","?","M","?","?","E","M","M","T","M","$","?","R","?","R","BOSS"],"build_version":"2019-07-05","purchased_purges":3,"victory":true,"max_hp_per_floor":[75,80,80,80,80,80,80,80,80,80,80,80,74,74,74,74,74,74,74,74,74,74,74,74,74,74,74,74,74,74,74,74,74,74,74,74,74,74,74,74,74,74,74,74,71,71,71,71,71,71],"card_choices":[{"not_picked":["Recycle","Steam"],"picked":"Blizzard","floor":1.0},{"not_picked":["Rebound","Leap"],"picked":"Cold Snap","floor":5.0},{"not_picked":["Redo","Sweeping Beam"],"picked":"Defragment","floor":6.0},{"not_picked":["Hologram","Barrage","Ball Lightning"],"picked":"SKIP","floor":10.0},{"not_picked":["Reboot","Scrape","Fusion"],"picked":"SKIP","floor":14.0},{"not_picked":["Core Surge","Reboot"],"picked":"Electrodynamics","floor":16.0},{"not_picked":["Go for the Eyes","Steam"],"picked":"Loop","floor":18.0},{"not_picked":["Steam","Steam Power+1"],"picked":"Cold Snap","floor":20.0},{"not_picked":["Ball Lightning","Reprogram","Hologram+1"],"picked":"SKIP","floor":24},{"not_picked":["Scrape","Barrage+1","Conserve Battery"],"picked":"SKIP","floor":29},{"not_picked":["Go for the Eyes","Hologram","Streamline"],"picked":"SKIP","floor":31},{"not_picked":["Echo Form+1","Multi-Cast"],"picked":"Biased Cognition+1","floor":33},{"not_picked":["Steam","Steam Power+1"],"picked":"Consume+1","floor":35},{"not_picked":["Coolheaded","Genetic Algorithm"],"picked":"Double Energy","floor":37},{"not_picked":["Auto Shields","Sunder","Streamline+1"],"picked":"SKIP","floor":40},{"not_picked":["Beam Cell+1","Barrage"],"picked":"Self Repair+1","floor":41},{"not_picked":["Go for the Eyes","Rip and Tear","Aggregate"],"picked":"SKIP","floor":42},{"not_picked":["Gash+1","Rebound","FTL+1"],"picked":"SKIP","floor":44},{"not_picked":["Discovery","Forethought"],"picked":"Finesse","floor":46}],"player_experience":316813,"relics_obtained":[{"floor":6.0,"key":"Dream Catcher"},{"floor":9.0,"key":"Bag of Marbles"},{"floor":14.0,"key":"Lantern"},{"floor":19.0,"key":"Enchiridion"},{"floor":22,"key":"Red Mask"},{"floor":24,"key":"Frozen Egg 2"},{"floor":26,"key":"Ice Cream"},{"floor":38,"key":"FossilizedHelix"},{"floor":40,"key":"PreservedInsect"},{"floor":43,"key":"Sundial"}],"event_choices":[{"damage_healed":0.0,"max_hp_gain":5.0,"max_hp_loss":0.0,"gold_gain":0.0,"event_name":"Big Fish","player_choice":"Donut","floor":2.0,"gold_loss":0.0,"damage_taken":0.0},{"damage_healed":0.0,"max_hp_gain":0.0,"max_hp_loss":0.0,"gold_gain":0.0,"event_name":"Living Wall","player_choice":"Grow","floor":3.0,"gold_loss":0.0,"damage_taken":0.0,"cards_upgraded":["Blizzard"]},{"damage_healed":0.0,"max_hp_gain":0.0,"max_hp_loss":6.0,"gold_gain":0.0,"event_name":"Golden Idol","player_choice":"Lose Max HP","floor":13.0,"gold_loss":0.0,"damage_taken":0.0,"relics_obtained":["Golden Idol"]},{"damage_healed":0.0,"max_hp_gain":0.0,"max_hp_loss":0.0,"gold_gain":0.0,"event_name":"Cursed Tome","player_choice":"Obtained Book","floor":19.0,"gold_loss":0.0,"damage_taken":16.0},{"damage_healed":0.0,"max_hp_gain":0.0,"max_hp_loss":0.0,"gold_gain":0.0,"event_name":"Forgotten Altar","player_choice":"Gave Idol","floor":21.0,"relics_lost":["Golden Idol"],"gold_loss":0.0,"damage_taken":0.0,"relics_obtained":["Bloody Idol"]},{"damage_healed":0,"gold_gain":0,"player_choice":"Fought Bandits","damage_taken":0,"max_hp_gain":0,"max_hp_loss":0,"event_name":"Masked Bandits","floor":22,"gold_loss":0},{"damage_healed":0,"gold_gain":0,"player_choice":"Joined the Cult","damage_taken":6,"max_hp_gain":0,"max_hp_loss":0,"event_name":"Nest","floor":30,"gold_loss":0,"cards_obtained":["RitualDagger"]},{"cards_removed":["Strike_B"],"damage_healed":0,"gold_gain":0,"player_choice":"Removed Attack","damage_taken":0,"max_hp_gain":0,"max_hp_loss":0,"event_name":"Falling","floor":36,"gold_loss":0},{"damage_healed":0,"gold_gain":0,"player_choice":"Fight","damage_taken":0,"max_hp_gain":0,"max_hp_loss":0,"event_name":"MindBloom","floor":38,"gold_loss":0},{"damage_healed":0,"gold_gain":0,"player_choice":"Ignored","damage_taken":0,"max_hp_gain":0,"max_hp_loss":0,"event_name":"Tomb of Lord Red Mask","floor":39,"gold_loss":0},{"damage_healed":0,"gold_gain":0,"player_choice":"Memory 1","damage_taken":0,"max_hp_gain":0,"max_hp_loss":0,"event_name":"SensoryStone","floor":46,"gold_loss":0},{"damage_healed":0,"gold_gain":0,"player_choice":"Copied","damage_taken":0,"max_hp_gain":0,"max_hp_loss":0,"event_name":"Duplicator","floor":48,"gold_loss":0,"cards_obtained":["Biased Cognition"]}],"is_beta":false,"boss_relics":[{"not_picked":["Snecko Eye","Velvet Choker"],"picked":"FrozenCore"},{"not_picked":["Coffee Dripper","Runic Pyramid"],"picked":"Inserter"}],"items_purged_floors":[11,27,45],"is_endless":false,"potions_floor_spawned":[1,14,16,18,20,33,35,41,42,44],"ascension_level":5}