{"gold_per_floor":[116,128,138,138,64,96,55,55,55,70,70,70,70,90,90,193,193,209,80,96,114,125,125],"floor_reached":23,"playtime":1717,"items_purged":[],"score":193,"play_id":"278a0cd8-c4fe-422c-8c7c-1ff06997ca27","local_time":"20190707151947","is_ascension_mode":false,"campfire_choices":[{"floor":8.0,"key":"REST"},{"floor":11.0,"key":"REST"},{"floor":13.0,"key":"REST"},{"data":"Loop","floor":15.0,"key":"SMITH"}],"neow_cost":"CURSE","seed_source_timestamp":0,"circlet_count":0,"master_deck":["Strike_B","Strike_B","Strike_B","Strike_B","Defend_B","Defend_B","Defend_B","Defend_B","Zap+1","Dualcast","Clumsy","Conserve Battery","Ball Lightning+1","Loop+1","Loop","Biased Cognition","Ball Lightning","Compile Driver","Machine Learning","Injury","Writhe","Writhe","Compile Driver","Cold Snap","Self Repair","Defragment","Rebound+1","Ball Lightning"],"special_seed":0,"relics":["Cracked Core","Dodecahedron","Bottled Flame","Oddly Smooth Stone","Calling Bell","Bird Faced Urn","Shuriken","Potion Belt"],"potions_floor_usage":[23],"damage_taken":[{"damage":11.0,"enemies":"Jaw Worm","floor":1.0,"turns":2.0},{"damage":5.0,"enemies":"Small Slimes","floor":2.0,"turns":3.0},{"damage":0.0,"enemies":"2 Louse","floor":3.0,"turns":2.0},{"damage":18.0,"enemies":"Gremlin Nob","floor":6.0,"turns":4.0},{"damage":12.0,"enemies":"Blue Slaver","floor":10.0,"turns":3.0},{"damage":0.0,"enemies":"2 Fungi Beasts","floor":14.0,"turns":3.0},{"damage":50.0,"enemies":"Hexaghost","floor":16.0,"turns":6.0},{"damage":28.0,"enemies":"Shell Parasite","floor":18.0,"turns":5.0},{"damage":4.0,"enemies":"Spheric Guardian","floor":20.0,"turns":3.0},{"damage":29,"enemies":"Chosen and Byrds","floor":21,"turns":7},{"damage":34,"enemies":"Snecko","floor":22,"turns":5},{"damage":46,"enemies":"Slavers","floor":23,"turns":2}],"seed_played":"-8015992871498435737","potions_obtained":[{"floor":1.0,"key":"LiquidBronze"},{"floor":6.0,"key":"Strength Potion"},{"floor":10.0,"key":"Poison Potion"},{"floor":16.0,"key":"SteroidPotion"},{"floor":21,"key":"LiquidBronze"}],"is_trial":false,"path_per_floor":["M","M","M","?","$","E","?","R","T","M","R","?","R","M","R","B",null,"M","$","M","M","M","E"],"character_chosen":"DEFECT","items_purchased":["Loop","Cold Snap","Self Repair"],"campfire_rested":3,"item_purchase_floors":[5,19,19],"current_hp_per_floor":[78,73,73,55,55,37,37,63,63,51,77,65,89,89,89,39,89,69,69,76,62,41,0],"gold":125,"neow_bonus":"TWENTY_PERCENT_HP_BONUS","is_prod":false,"is_daily":false,"chose_seed":false,"campfire_upgraded":1,"win_rate":0.0,"timestamp":1562530787,"path_taken":["M","M","M","?","$","E","?","R","T","M","R","?","R","M","R","BOSS","M","$","M","M","M","E"],"build_version":"2019-07-05","purchased_purges":0,"victory":false,"max_hp_per_floor":[89,89,89,89,89,89,89,89,89,89,89,89,89,89,89,89,89,89,89,89,89,89,89],"card_choices":[{"not_picked":["Redo","Beam Cell"],"picked":"Conserve Battery","floor":1.0},{"not_picked":["Beam Cell","Leap"],"picked":"Ball Lightning","floor":2.0},{"not_picked":["Conserve Battery","Streamline"],"picked":"Loop","floor":3.0},{"not_picked":["White Noise","Melter"],"picked":"Biased Cognition","floor":6.0},{"not_picked":["Static Discharge","Steam"],"picked":"Ball Lightning","floor":10.0},{"not_picked":["Redo","Streamline"],"picked":"Compile Driver","floor":14.0},{"not_picked":["All For One","Reboot"],"picked":"Machine Learning","floor":16.0},{"not_picked":["Go for the Eyes","Consume"],"picked":"Compile Driver","floor":18.0},{"not_picked":["Hologram","Steam Power"],"picked":"Defragment","floor":20.0},{"not_picked":["Streamline","Gash"],"picked":"Rebound+1","floor":21},{"not_picked":["Cold Snap","Chill"],"picked":"Ball Lightning","floor":22}],"player_experience":30228,"relics_obtained":[{"floor":6.0,"key":"Dodecahedron"},{"floor":9.0,"key":"Bottled Flame"},{"floor":17.0,"key":"Bird Faced Urn"},{"floor":17.0,"key":"Shuriken"},{"floor":17.0,"key":"Potion Belt"}],"event_choices":[{"damage_healed":0.0,"max_hp_gain":0.0,"max_hp_loss":0.0,"gold_gain":0.0,"event_name":"Shining Light","player_choice":"Entered Light","floor":4.0,"gold_loss":0.0,"damage_taken":18.0,"cards_upgraded":["Zap","Ball Lightning"]},{"damage_healed":0.0,"max_hp_gain":0.0,"max_hp_loss":0.0,"gold_gain":0.0,"event_name":"World of Goop","player_choice":"Left Gold","floor":7.0,"gold_loss":41.0,"damage_taken":0.0},{"damage_healed":0.0,"max_hp_gain":0.0,"max_hp_loss":0.0,"gold_gain":0.0,"event_name":"Scrap Ooze","player_choice":"Success","floor":12.0,"gold_loss":0.0,"damage_taken":12.0,"relics_obtained":["Oddly Smooth Stone"]}],"is_beta":false,"boss_relics":[{"not_picked":["Snecko Eye","Lizard Tail"],"picked":"Calling Bell"}],"items_purged_floors":[],"is_endless":false,"potions_floor_spawned":[1,6,10,14,16,18,20,21],"killed_by":"Slavers","ascension_level":0}