{"gold_per_floor":[112,128,128,128,78,93,113,143,143,161,194,204,204,204,204,308,308,324,82,93,93,93],"floor_reached":22,"playtime":1138,"items_purged":["Parasite"],"score":225,"play_id":"9f910381-1a97-4bd3-8d23-631a0e470804","local_time":"20190718082143","is_ascension_mode":true,"campfire_choices":[{"floor":13,"key":"REST"},{"data":"A Thousand Cuts","floor":15,"key":"SMITH"}],"neow_cost":"NONE","seed_source_timestamp":27821104376112,"circlet_count":0,"master_deck":["Strike_G","Strike_G+1","Strike_G+1","Strike_G","Defend_G","Defend_G","Defend_G","Defend_G+1","Defend_G","Survivor+1","Neutralize","Caltrops","All Out Attack","Quick Slash","Well Laid Plans","Cloak And Dagger","A Thousand Cuts+1","Dodge and Roll","Glass Knife","Writhe","Writhe","Caltrops","Backstab","Dagger Spray","Footwork"],"relics":["Ring of the Snake","Whetstone","Gremlin Horn","Shuriken","Bottled Tornado","Calling Bell","Snake Skull","The Courier","Du-Vu Doll","War Paint"],"potions_floor_usage":[11],"damage_taken":[{"damage":0,"enemies":"Jaw Worm","floor":1,"turns":4},{"damage":3,"enemies":"2 Louse","floor":2,"turns":3},{"damage":4,"enemies":"Small Slimes","floor":6,"turns":3},{"damage":0,"enemies":"Looter","floor":7,"turns":3},{"damage":22,"enemies":"3 Sentries","floor":8,"turns":6},{"damage":0,"enemies":"Large Slime","floor":10,"turns":5},{"damage":15,"enemies":"Lagavulin","floor":11,"turns":5},{"damage":1,"enemies":"3 Louse","floor":12,"turns":3},{"damage":28,"enemies":"Hexaghost","floor":16,"turns":10},{"damage":6,"enemies":"Chosen","floor":18,"turns":4},{"damage":14,"enemies":"2 Thieves","floor":20,"turns":2},{"damage":28,"enemies":"Centurion and Healer","floor":22,"turns":4}],"seed_played":"-6701227215518005706","potions_obtained":[{"floor":1,"key":"Swift Potion"},{"floor":2,"key":"Poison Potion"},{"floor":6,"key":"Energy Potion"},{"floor":16,"key":"Dexterity Potion"}],"is_trial":false,"path_per_floor":["M","M","?","$","?","M","M","E","T","M","E","M","R","?","R","B",null,"M","$","M","?","M"],"character_chosen":"THE_SILENT","items_purchased":["Backstab","War Paint"],"campfire_rested":1,"item_purchase_floors":[19,19],"current_hp_per_floor":[70,67,67,67,67,63,63,41,41,41,26,25,46,46,46,18,70,64,64,50,50,22],"gold":93,"neow_bonus":"RANDOM_COMMON_RELIC","is_prod":false,"is_daily":false,"chose_seed":false,"campfire_upgraded":1,"win_rate":0,"timestamp":1563456103,"path_taken":["M","M","?","$","?","M","?","E","T","M","E","M","R","?","R","BOSS","M","$","M","?","M"],"build_version":"2019-07-17","purchased_purges":1,"victory":false,"max_hp_per_floor":[70,70,70,70,70,70,70,70,70,70,70,70,70,70,70,70,70,70,67,67,67,67],"card_choices":[{"not_picked":["Riddle With Holes","Prepared"],"picked":"Caltrops","floor":1},{"not_picked":["Heel Hook","Outmaneuver"],"picked":"All Out Attack","floor":2},{"not_picked":["Dodge and Roll","Acrobatics"],"picked":"Quick Slash","floor":6},{"not_picked":["Quick Slash","Sucker Punch"],"picked":"Well Laid Plans","floor":7},{"not_picked":["Concentrate","Setup","Flying Knee"],"picked":"SKIP","floor":8},{"not_picked":["Underhanded Strike","Distraction"],"picked":"Cloak And Dagger","floor":10},{"not_picked":["Deadly Poison","PiercingWail"],"picked":"A Thousand Cuts","floor":11},{"not_picked":["Blade Dance","Endless Agony"],"picked":"Dodge and Roll","floor":12},{"not_picked":["A Thousand Cuts","Burst"],"picked":"Glass Knife","floor":16},{"not_picked":["Flying Knee+1","Bane+1"],"picked":"Caltrops","floor":18},{"not_picked":["Predator","Heel Hook+1"],"picked":"Dagger Spray","floor":20}],"player_experience":152388,"relics_obtained":[{"floor":8,"key":"Gremlin Horn"},{"floor":9,"key":"Shuriken"},{"floor":11,"key":"Bottled Tornado"},{"floor":17,"key":"Snake Skull"},{"floor":17,"key":"The Courier"},{"floor":17,"key":"Du-Vu Doll"}],"event_choices":[{"damage_healed":0,"gold_gain":0,"player_choice":"Ignored","damage_taken":0,"max_hp_gain":0,"max_hp_loss":0,"event_name":"Golden Idol","floor":3,"gold_loss":0},{"cards_removed":["Strike_G"],"damage_healed":0,"gold_gain":0,"player_choice":"Card Removal","damage_taken":0,"max_hp_gain":0,"max_hp_loss":0,"event_name":"The Cleric","floor":5,"gold_loss":50},{"damage_healed":0,"gold_gain":0,"player_choice":"Searched \u00270\u0027 times","damage_taken":0,"max_hp_gain":0,"max_hp_loss":0,"event_name":"Dead Adventurer","floor":14,"gold_loss":0},{"damage_healed":0,"gold_gain":0,"player_choice":"Read","damage_taken":0,"max_hp_gain":0,"max_hp_loss":0,"event_name":"The Library","floor":21,"gold_loss":0,"cards_obtained":["Footwork"]}],"is_beta":false,"boss_relics":[{"not_picked":["Coffee Dripper","Pandora\u0027s Box"],"picked":"Calling Bell"}],"items_purged_floors":[19],"is_endless":false,"potions_floor_spawned":[1,2,6,16,20],"killed_by":"Centurion and Healer","ascension_level":3}