{"gold_per_floor":[117,292,292,310,385,411,411,425,425,425,441,75,94,124,124,228,228,239,254,254,272,272,272],"floor_reached":23,"playtime":1378,"items_purged":["Pain"],"score":201,"play_id":"c79da5c0-61bb-4b38-9ceb-3a17f3c12b6b","local_time":"20190612145512","is_ascension_mode":true,"campfire_choices":[{"data":"1","floor":7,"key":"LIFT"},{"floor":15,"key":"REST"}],"neow_cost":"NONE","seed_source_timestamp":75540330612282,"circlet_count":0,"master_deck":["Defend_G","Defend_G","Defend_G","Defend_G","Defend_G","Strike_G","Strike_G","Strike_G","Strike_G","Strike_G","Survivor","Neutralize","Dagger Spray","Doubt","Poisoned Stab","Bouncing Flask","Cloak And Dagger","PiercingWail","Blade Dance","Noxious Fumes","Glass Knife","Cloak And Dagger","Noxious Fumes+1","Slice"],"relics":["Eternal Feather","WarpedTongs","Girya","Blue Candle","Gremlin Horn","Coffee Dripper","Smiling Mask"],"potions_floor_usage":[23,23],"damage_taken":[{"damage":2,"enemies":"Small Slimes","floor":1,"turns":4},{"damage":5,"enemies":"Jaw Worm","floor":4,"turns":5},{"damage":43,"enemies":"Gremlin Nob","floor":6,"turns":6},{"damage":0,"enemies":"Cultist","floor":8,"turns":3},{"damage":1,"enemies":"3 Louse","floor":11,"turns":3},{"damage":7,"enemies":"Blue Slaver","floor":13,"turns":4},{"damage":31,"enemies":"Hexaghost","floor":16,"turns":8},{"damage":1,"enemies":"Chosen","floor":18,"turns":4},{"damage":11,"enemies":"Spheric Guardian","floor":19,"turns":5},{"damage":30,"enemies":"Shelled Parasite and Fungi","floor":21,"turns":6},{"damage":15,"enemies":"Book of Stabbing","floor":23,"turns":4}],"seed_played":"-673438567067521146","potions_obtained":[{"floor":1,"key":"Strength Potion"},{"floor":8,"key":"EssenceOfSteel"},{"floor":16,"key":"Explosive Potion"},{"floor":21,"key":"SpeedPotion"}],"is_trial":false,"path_per_floor":["M","?","?","M","?","E","R","M","T","T","M","$","M","?","R","B",null,"M","M","?","M","?","E"],"character_chosen":"THE_SILENT","items_purchased":["Blade Dance","Gremlin Horn"],"campfire_rested":1,"item_purchase_floors":[12,12],"current_hp_per_floor":[68,68,68,63,52,9,18,18,18,18,17,17,10,10,43,12,70,69,58,45,15,15,0],"gold":272,"neow_bonus":"BOSS_RELIC","is_prod":false,"is_daily":false,"chose_seed":false,"campfire_upgraded":0,"win_rate":0,"timestamp":1560376512,"path_taken":["M","?","?","?","?","E","R","M","T","?","?","?","M","?","R","BOSS","M","M","?","M","?","E"],"build_version":"2019-01-23","purchased_purges":1,"victory":false,"max_hp_per_floor":[70,70,70,70,70,70,70,70,70,70,70,70,70,70,70,70,70,70,70,75,75,75,75],"card_choices":[{"not_picked":["Choke","Sucker Punch"],"picked":"Dagger Spray","floor":1},{"not_picked":["Outmaneuver","Bane"],"picked":"Poisoned Stab","floor":4},{"not_picked":["Flying Knee","Predator"],"picked":"Bouncing Flask","floor":6},{"not_picked":["Slice","Blur"],"picked":"Cloak And Dagger","floor":8},{"not_picked":["Dagger Throw","Caltrops"],"picked":"PiercingWail","floor":11},{"not_picked":["Bane","Sucker Punch"],"picked":"Noxious Fumes","floor":13},{"not_picked":["Wraith Form v2","Unload"],"picked":"Glass Knife","floor":16},{"not_picked":["Quick Slash","Dagger Throw"],"picked":"Cloak And Dagger","floor":18},{"not_picked":["Sucker Punch","Slice"],"picked":"Noxious Fumes+1","floor":19},{"not_picked":["Choke+1","Dagger Spray"],"picked":"Slice","floor":21}],"player_experience":68040,"relics_obtained":[{"floor":6,"key":"Girya"},{"floor":10,"key":"Blue Candle"}],"event_choices":[{"damage_healed":0,"gold_gain":175,"player_choice":"AGREE","damage_taken":0,"max_hp_gain":0,"max_hp_loss":0,"event_name":"Liars Game","floor":2,"gold_loss":0,"cards_obtained":["Doubt"]},{"damage_healed":0,"gold_gain":0,"player_choice":"Rummage","damage_taken":0,"relics_obtained":["WarpedTongs"],"max_hp_gain":0,"max_hp_loss":0,"event_name":"Accursed Blacksmith","floor":3,"gold_loss":0,"cards_obtained":["Pain"]},{"damage_healed":0,"gold_gain":75,"player_choice":"Gather Gold","damage_taken":11,"max_hp_gain":0,"max_hp_loss":0,"event_name":"World of Goop","floor":5,"gold_loss":0},{"damage_healed":0,"gold_gain":30,"player_choice":"Searched \u00271\u0027 times","damage_taken":0,"max_hp_gain":0,"max_hp_loss":0,"event_name":"Dead Adventurer","floor":14,"gold_loss":0},{"damage_healed":0,"gold_gain":0,"player_choice":"Shed Blood","damage_taken":18,"max_hp_gain":5,"max_hp_loss":0,"event_name":"Forgotten Altar","floor":20,"gold_loss":0},{"damage_healed":0,"gold_gain":0,"player_choice":"Opened","damage_taken":0,"relics_obtained":["Smiling Mask"],"max_hp_gain":0,"max_hp_loss":0,"event_name":"The Mausoleum","floor":22,"gold_loss":0}],"is_beta":false,"boss_relics":[{"not_picked":["Philosopher\u0027s Stone","Empty Cage"],"picked":"Coffee Dripper"}],"items_purged_floors":[12],"is_endless":false,"potions_floor_spawned":[1,8,16,21],"killed_by":"Book of Stabbing","ascension_level":1}