{"gold_per_floor":[115,115,128,53,73,73,84,84,109,140,140,175,195,195],"floor_reached":14,"playtime":535,"items_purged":["Strike_B"],"score":150,"play_id":"82aa455f-44e3-4f37-b8ba-f51c1439633b","local_time":"20190528132824","is_ascension_mode":true,"campfire_choices":[{"data":"Defragment","floor":6,"key":"SMITH"},{"data":"Defragment","floor":8,"key":"SMITH"},{"data":"Zap","floor":11,"key":"SMITH"}],"neow_cost":"NONE","seed_source_timestamp":237236592100,"circlet_count":0,"master_deck":["AscendersBane","Strike_B","Strike_B+1","Strike_B","Defend_B","Defend_B","Defend_B","Defend_B+1","Zap+1","Dualcast","Impatience","Auto Shields","Defragment+1","Defragment+1","Amplify","Blizzard"],"relics":["Cracked Core","Bag of Preparation","Potion Belt"],"potions_floor_usage":[10,14],"damage_taken":[{"damage":1,"enemies":"Cultist","floor":1,"turns":4},{"damage":2,"enemies":"Jaw Worm","floor":3,"turns":3},{"damage":0,"enemies":"2 Louse","floor":5,"turns":2},{"damage":3,"enemies":"Blue Slaver","floor":7,"turns":4},{"damage":16,"enemies":"Gremlin Nob","floor":10,"turns":4},{"damage":21,"enemies":"3 Sentries","floor":12,"turns":6},{"damage":0,"enemies":"Exordium Wildlife","floor":13,"turns":3},{"damage":22,"enemies":"Gremlin Gang","floor":14,"turns":2}],"seed_played":"-3344867743449942168","potions_obtained":[{"floor":3,"key":"AttackPotion"},{"floor":7,"key":"LiquidBronze"},{"floor":10,"key":"FairyPotion"},{"floor":13,"key":"FearPotion"}],"is_trial":false,"path_per_floor":["M","?","M","$","M","R","M","R","T","E","R","E","M","M"],"character_chosen":"DEFECT","items_purchased":[],"campfire_rested":0,"item_purchase_floors":[],"current_hp_per_floor":[67,52,50,50,50,50,47,47,47,31,31,10,10,0],"gold":195,"neow_bonus":"RANDOM_COLORLESS","is_prod":false,"is_daily":false,"chose_seed":false,"campfire_upgraded":3,"win_rate":0,"timestamp":1559064504,"path_taken":["M","?","M","$","M","R","M","R","T","E","R","E","M","M"],"build_version":"2019-01-23","purchased_purges":1,"victory":false,"max_hp_per_floor":[75,75,75,75,75,75,75,75,75,75,75,75,75,75],"card_choices":[{"not_picked":["Recycle","Beam Cell"],"picked":"Auto Shields","floor":1},{"not_picked":["Hologram","Cold Snap"],"picked":"Defragment","floor":3},{"not_picked":["Barrage","Sweeping Beam"],"picked":"Defragment","floor":5},{"not_picked":["Gash","Beam Cell","Barrage"],"picked":"SKIP","floor":7},{"not_picked":["Gash","FTL"],"picked":"Amplify","floor":10},{"not_picked":["Doom and Gloom","Barrage","Streamline"],"picked":"SKIP","floor":12},{"not_picked":["Static Discharge","Streamline"],"picked":"Blizzard","floor":13}],"player_experience":362302,"relics_obtained":[{"floor":10,"key":"Bag of Preparation"},{"floor":12,"key":"Potion Belt"}],"event_choices":[{"damage_healed":0,"gold_gain":0,"player_choice":"Entered Light","damage_taken":15,"max_hp_gain":0,"max_hp_loss":0,"event_name":"Shining Light","floor":2,"gold_loss":0,"cards_upgraded":["Defend_B","Strike_B"]}],"is_beta":false,"boss_relics":[],"items_purged_floors":[4],"is_endless":false,"potions_floor_spawned":[3,7,10,13],"killed_by":"Gremlin Gang","ascension_level":10}