{"gold_per_floor":[113,113,263,100,116,116,149,149,149,149,169,169,196,207,207,285,285,304,121,136,136,155,189,189],"floor_reached":24,"playtime":1355,"items_purged":["Strike_B","Doubt"],"score":448,"play_id":"9a177390-f441-43f0-8828-24ceedf27b3c","local_time":"20190309212236","is_ascension_mode":true,"campfire_choices":[{"data":"Sunder","floor":6,"key":"SMITH"},{"data":"Zap","floor":8,"key":"SMITH"},{"data":"Coolheaded","floor":10,"key":"SMITH"},{"data":"Defragment","floor":15,"key":"SMITH"}],"neow_cost":"NONE","seed_source_timestamp":1955331120448292,"circlet_count":0,"master_deck":["AscendersBane","Strike_B","Strike_B","Strike_B","Defend_B","Defend_B","Defend_B","Defend_B","Zap+1","Dualcast","Coolheaded+1","Sunder+1","Ball Lightning","Leap","Defragment+1","Coolheaded","Fission","Seek","Steam Power"],"relics":["Cracked Core","Art of War","Centennial Puzzle","Letter Opener","FaceOfCleric","Potion Belt","Nuclear Battery","Ancient Tea Set"],"potions_floor_usage":[16,18,22,23],"damage_taken":[{"damage":2,"enemies":"2 Louse","floor":1,"turns":3},{"damage":5,"enemies":"Small Slimes","floor":5,"turns":3},{"damage":20,"enemies":"Lagavulin","floor":7,"turns":8},{"damage":0,"enemies":"Cultist","floor":11,"turns":3},{"damage":17,"enemies":"3 Sentries","floor":13,"turns":7},{"damage":0,"enemies":"Lots of Slimes","floor":14,"turns":3},{"damage":10,"enemies":"The Guardian","floor":16,"turns":10},{"damage":5,"enemies":"3 Byrds","floor":18,"turns":3},{"damage":9,"enemies":"2 Thieves","floor":20,"turns":3},{"damage":25,"enemies":"Snecko","floor":22,"turns":5},{"damage":4,"enemies":"Gremlin Leader","floor":23,"turns":7},{"damage":14,"enemies":"Sentry and Sphere","floor":24,"turns":3}],"seed_played":"7608331446068774280","potions_obtained":[{"floor":1,"key":"LiquidBronze"},{"floor":5,"key":"GamblersBrew"},{"floor":13,"key":"SpeedPotion"},{"floor":14,"key":"LiquidBronze"},{"floor":18,"key":"FearPotion"}],"is_trial":false,"path_per_floor":["M","$","?","$","M","R","E","R","T","R","M","?","E","M","R","B",null,"M","$","M","?","M","E","M"],"character_chosen":"DEFECT","items_purchased":["Sunder","Seek"],"campfire_rested":0,"item_purchase_floors":[4,19],"current_hp_per_floor":[62,62,62,62,57,57,37,37,37,37,37,37,21,22,22,13,59,55,55,47,40,16,13,0],"gold":189,"neow_bonus":"RANDOM_COMMON_RELIC","is_prod":false,"is_daily":false,"chose_seed":false,"campfire_upgraded":4,"win_rate":0,"timestamp":1552134156,"path_taken":["M","$","?","$","M","R","E","R","T","R","M","?","E","?","R","BOSS","M","$","?","?","M","E","?"],"build_version":"2019-01-23","purchased_purges":2,"victory":false,"max_hp_per_floor":[71,71,71,71,71,71,71,71,71,71,71,71,72,73,73,74,74,75,75,76,76,77,78,78],"card_choices":[{"not_picked":["Storm","Stack"],"picked":"Coolheaded","floor":1},{"not_picked":["Coolheaded","Steam Power"],"picked":"Ball Lightning","floor":5},{"not_picked":["Barrage","Rip and Tear"],"picked":"Leap","floor":7},{"not_picked":["Lockon","BootSequence","Leap"],"picked":"SKIP","floor":11},{"not_picked":["Lockon","BootSequence","Leap"],"picked":"SKIP","floor":11},{"not_picked":["Leap","White Noise"],"picked":"Defragment","floor":13},{"not_picked":["Go for the Eyes","Cold Snap"],"picked":"Coolheaded","floor":14},{"not_picked":["Buffer","Core Surge"],"picked":"Fission","floor":16},{"not_picked":["Rebound+1","Conserve Battery","Stack"],"picked":"SKIP","floor":18},{"not_picked":["Barrage","Steam","Tempest"],"picked":"SKIP","floor":20},{"not_picked":["Steam+1","Tempest"],"picked":"Steam Power","floor":22},{"not_picked":["Sweeping Beam","Beam Cell","Steam"],"picked":"SKIP","floor":23}],"player_experience":528276,"relics_obtained":[{"floor":7,"key":"Centennial Puzzle"},{"floor":9,"key":"Letter Opener"},{"floor":13,"key":"Potion Belt"},{"floor":23,"key":"Ancient Tea Set"}],"event_choices":[{"damage_healed":0,"gold_gain":150,"player_choice":"AGREE","damage_taken":0,"max_hp_gain":0,"max_hp_loss":0,"event_name":"Liars Game","floor":3,"gold_loss":0,"cards_obtained":["Doubt"]},{"damage_healed":0,"gold_gain":0,"player_choice":"Trade","damage_taken":0,"relics_obtained":["FaceOfCleric"],"max_hp_gain":0,"max_hp_loss":0,"event_name":"FaceTrader","floor":12,"gold_loss":0},{"damage_healed":0,"gold_gain":0,"player_choice":"","damage_taken":7,"max_hp_gain":0,"max_hp_loss":0,"event_name":"Knowing Skull","floor":21,"potions_obtained":[],"gold_loss":0,"cards_obtained":[]}],"is_beta":false,"boss_relics":[{"not_picked":["White Beast Statue","Philosopher\u0027s Stone"],"picked":"Nuclear Battery"}],"items_purged_floors":[4,19],"is_endless":false,"potions_floor_spawned":[1,5,13,14,18],"killed_by":"Sentry and Sphere","ascension_level":20}