{"gold_per_floor":[19,19,35,35,0,32,32,49,49,82,102,129,129,5,5,105,105,119,139,155,155,165,200,217,217,217,217,249,249,349,379,379,481,481,499,499,518,533,1,1,101,101,126,144,172,227,227,243,243,243],"floor_reached":51,"playtime":7396,"items_purged":[],"score":876,"play_id":"90f9e9b5-8764-4fb2-a9f0-48f0996db4ed","local_time":"20190628011425","is_ascension_mode":true,"campfire_choices":[{"data":"Pommel Strike","floor":7.0,"key":"SMITH"},{"data":"Evolve","floor":13.0,"key":"SMITH"},{"data":"Trip","floor":15.0,"key":"SMITH"},{"floor":25,"key":"REST"},{"data":"Feed","floor":27,"key":"SMITH"},{"data":"1","floor":32,"key":"LIFT"},{"data":"2","floor":40,"key":"LIFT"},{"data":"3","floor":42,"key":"LIFT"},{"floor":47,"key":"REST"},{"data":"Disarm","floor":49,"key":"SMITH"}],"neow_cost":"NO_GOLD","seed_source_timestamp":0,"circlet_count":0,"master_deck":["Strike_R+1","Strike_R+1","Strike_R+1","Defend_R+1","Defend_R+1","Defend_R+1","Bash","Dropkick","Evolve+1","Seeing Red","Pommel Strike+1","Ghostly Armor","Disarm+1","Burning Pact","Immolate","Sever Soul","Reckless Charge","Shockwave","Trip+1","Feed+1","True Grit","Intimidate+1","True Grit+1","Rampage","Corruption+1","Sentinel+1","Immolate","Seeing Red","Sentinel","Wild Strike","Dark Embrace","True Grit+1","Madness","Apotheosis","The Bomb","Intimidate+1","Blood for Blood+1","Panache","Anger","Bludgeon","Juggernaut+1","Second Wind","Battle Trance","Twin Strike+1"],"special_seed":0,"relics":["Burning Blood","NlothsMask","Magic Flower","Sundial","Bottled Lightning","Mark of Pain","Centennial Puzzle","Darkstone Periapt","Dream Catcher","Nunchaku","Meat on the Bone","Girya","Snecko Eye","Strange Spoon","Lantern","Pocketwatch","Anchor","Frozen Egg 2","StoneCalendar"],"potions_floor_usage":[23,28,30,30,30,30,31,33,41,45,50,50],"damage_taken":[{"damage":6.0,"enemies":"Cultist","floor":1.0,"turns":3.0},{"damage":4.0,"enemies":"Jaw Worm","floor":3.0,"turns":3.0},{"damage":18.0,"enemies":"3 Sentries","floor":6.0,"turns":10.0},{"damage":0.0,"enemies":"2 Louse","floor":8.0,"turns":2.0},{"damage":27.0,"enemies":"Lagavulin","floor":10.0,"turns":7.0},{"damage":0.0,"enemies":"2 Fungi Beasts","floor":11.0,"turns":2.0},{"damage":12.0,"enemies":"Gremlin Nob","floor":12.0,"turns":5.0},{"damage":27.0,"enemies":"The Guardian","floor":16.0,"turns":9.0},{"damage":12,"enemies":"3 Byrds","floor":18,"turns":4},{"damage":16,"enemies":"Shell Parasite","floor":19,"turns":4},{"damage":22,"enemies":"Centurion and Healer","floor":20,"turns":6},{"damage":20,"enemies":"Shelled Parasite and Fungi","floor":22,"turns":4},{"damage":17,"enemies":"Gremlin Leader","floor":23,"turns":5},{"damage":10,"enemies":"Snake Plant","floor":24,"turns":3},{"damage":28,"enemies":"Slavers","floor":28,"turns":4},{"damage":5,"enemies":"Colosseum Slavers","floor":30,"turns":5},{"damage":3,"enemies":"Colosseum Nobs","floor":30,"turns":2},{"damage":15,"enemies":"Book of Stabbing","floor":31,"turns":7},{"damage":49,"enemies":"Automaton","floor":33,"turns":7},{"damage":7,"enemies":"3 Shapes","floor":35,"turns":1},{"damage":9,"enemies":"Orb Walker","floor":37,"turns":2},{"damage":0,"enemies":"Sphere and 2 Shapes","floor":38,"turns":2},{"damage":38,"enemies":"Mind Bloom Boss Battle","floor":41,"turns":5},{"damage":2,"enemies":"Jaw Worm Horde","floor":44,"turns":3},{"damage":2,"enemies":"Giant Head","floor":45,"turns":6},{"damage":34,"enemies":"2 Orb Walkers","floor":46,"turns":4},{"damage":0,"enemies":"3 Darklings","floor":48,"turns":3},{"damage":72,"enemies":"Donu and Deca","floor":50,"turns":7}],"seed_played":"-2187888209536163557","potions_obtained":[{"floor":1.0,"key":"Strength Potion"},{"floor":6.0,"key":"EntropicBrew"},{"floor":10.0,"key":"Weak Potion"},{"floor":22,"key":"Fire Potion"},{"floor":23,"key":"AttackPotion"},{"floor":28,"key":"Energy Potion"},{"floor":30,"key":"SmokeBomb"},{"floor":31,"key":"Ancient Potion"},{"floor":38,"key":"SkillPotion"},{"floor":41,"key":"AttackPotion"},{"floor":46,"key":"FearPotion"},{"floor":48,"key":"Ancient Potion"}],"is_trial":false,"path_per_floor":["M","?","M","?","$","E","R","M","T","E","M","E","R","$","R","B",null,"M","M","M","?","M","E","M","R","T","R","E","?","?","E","R","B",null,"M","?","M","M","$","R","?","R","T","M","E","?","R","M","R","B",null],"character_chosen":"IRONCLAD","items_purchased":["Ghostly Armor","Shockwave","Trip","Strange Spoon","Panache","Lantern"],"campfire_rested":2,"item_purchase_floors":[5,14,14,39,39,39],"current_hp_per_floor":[80,80,80,80,80,68,68,77,77,59,68,65,65,65,65,47,80,82,75,67,67,56,48,52,78,78,78,65,65,81,81,81,59,101,105,95,101,113,113,113,84,84,84,97,110,91,125,125,125,80],"gold":243,"neow_bonus":"TRANSFORM_TWO_CARDS","is_prod":false,"is_daily":false,"chose_seed":false,"campfire_upgraded":5,"win_rate":0,"timestamp":1561677265,"path_taken":["M","?","?","?","?","E","R","M","T","E","M","E","R","$","R","BOSS","M","M","M","?","M","E","M","R","T","R","E","?","?","E","R","BOSS","M","?","M","M","$","R","?","R","T","M","E","?","R","M","R","BOSS"],"build_version":"2019-01-23","purchased_purges":0,"victory":true,"max_hp_per_floor":[80,80,80,80,80,80,80,80,80,80,80,80,80,80,80,80,80,83,83,86,86,86,86,89,89,89,89,93,93,97,101,101,101,101,105,105,109,113,113,113,113,113,113,117,121,125,125,125,125,125],"card_choices":[{"not_picked":["Rage","Warcry"],"picked":"Seeing Red","floor":1.0},{"not_picked":["True Grit","Perfected Strike"],"picked":"Pommel Strike","floor":3.0},{"not_picked":["Cleave","Perfected Strike"],"picked":"Disarm","floor":6.0},{"not_picked":["Headbutt","Perfected Strike"],"picked":"Burning Pact","floor":8.0},{"not_picked":["Offering","Warcry"],"picked":"Immolate","floor":10.0},{"not_picked":["Shrug It Off","Perfected Strike"],"picked":"Sever Soul","floor":11.0},{"not_picked":["Heavy Blade","Second Wind"],"picked":"Reckless Charge","floor":12.0},{"not_picked":["Immolate","Berserk"],"picked":"Feed","floor":16.0},{"not_picked":["Body Slam","Heavy Blade"],"picked":"True Grit","floor":18},{"not_picked":["Reckless Charge","Pommel Strike"],"picked":"Intimidate+1","floor":19},{"not_picked":["Flame Barrier","Sentinel"],"picked":"True Grit+1","floor":20},{"not_picked":["Intimidate+1","Warcry"],"picked":"Rampage","floor":22},{"not_picked":["Sever Soul","Searing Blow"],"picked":"Corruption+1","floor":23},{"not_picked":["Sever Soul","Hemokinesis"],"picked":"Sentinel+1","floor":24},{"not_picked":["Hemokinesis","Burning Pact+1"],"picked":"Immolate","floor":28},{"not_picked":["Shockwave","Sword Boomerang+1"],"picked":"Sentinel","floor":30},{"not_picked":["Headbutt","Dual Wield"],"picked":"Wild Strike","floor":31},{"not_picked":["Bludgeon","Impervious"],"picked":"Dark Embrace","floor":33},{"not_picked":["Havoc","Corruption+1"],"picked":"True Grit+1","floor":35},{"not_picked":["Good Instincts","Jack Of All Trades"],"picked":"Madness","floor":36},{"not_picked":["Trip","Impatience"],"picked":"Apotheosis","floor":36},{"not_picked":["Panacea","Transmutation"],"picked":"The Bomb","floor":36},{"not_picked":["Iron Wave+1","Whirlwind+1"],"picked":"Intimidate+1","floor":37},{"not_picked":["Clash","Wild Strike"],"picked":"Blood for Blood+1","floor":38},{"not_picked":["Clothesline+1","Body Slam"],"picked":"Anger","floor":41},{"not_picked":["Reckless Charge+1","Wild Strike+1"],"picked":"Bludgeon","floor":44},{"not_picked":["Body Slam+1","Burning Pact+1"],"picked":"Juggernaut","floor":45},{"not_picked":["Wild Strike+1","Sword Boomerang"],"picked":"Second Wind","floor":46},{"not_picked":["Clash","Sword Boomerang"],"picked":"Battle Trance","floor":47},{"not_picked":["Flame Barrier","Pommel Strike+1"],"picked":"Twin Strike+1","floor":48}],"player_experience":40317,"relics_obtained":[{"floor":6.0,"key":"Magic Flower"},{"floor":10.0,"key":"Sundial"},{"floor":12.0,"key":"Bottled Lightning"},{"floor":23,"key":"Centennial Puzzle"},{"floor":26,"key":"Darkstone Periapt"},{"floor":28,"key":"Dream Catcher"},{"floor":30,"key":"Nunchaku"},{"floor":30,"key":"Meat on the Bone"},{"floor":31,"key":"Girya"},{"floor":41,"key":"Pocketwatch"},{"floor":43,"key":"Anchor"},{"floor":45,"key":"Frozen Egg 2"},{"floor":46,"key":"StoneCalendar"}],"event_choices":[{"cards_removed":["Defend_R"],"damage_healed":0.0,"max_hp_gain":0.0,"max_hp_loss":0.0,"gold_gain":0.0,"event_name":"Bonfire Elementals","player_choice":"Offered Basic","floor":2.0,"gold_loss":0.0,"damage_taken":0.0},{"damage_healed":0.0,"max_hp_gain":0.0,"max_hp_loss":0.0,"gold_gain":0.0,"event_name":"FaceTrader","player_choice":"Trade","floor":4.0,"gold_loss":0.0,"damage_taken":0.0,"relics_obtained":["NlothsMask"]},{"damage_healed":0,"gold_gain":0,"player_choice":"Simplicity","damage_taken":0,"max_hp_gain":0,"max_hp_loss":0,"event_name":"Back to Basics","floor":21,"gold_loss":0,"cards_upgraded":["Strike_R","Strike_R","Strike_R","Defend_R","Defend_R","Defend_R"]},{"damage_healed":0,"gold_gain":0,"player_choice":"Read","damage_taken":0,"max_hp_gain":0,"max_hp_loss":0,"event_name":"The Library","floor":29,"gold_loss":0,"cards_obtained":["Seeing Red"]},{"damage_healed":0,"gold_gain":0,"player_choice":"Fight","damage_taken":0,"max_hp_gain":0,"max_hp_loss":0,"event_name":"Colosseum","floor":30,"gold_loss":0},{"damage_healed":0,"gold_gain":0,"player_choice":"Fought Nobs","damage_taken":0,"max_hp_gain":0,"max_hp_loss":0,"event_name":"Colosseum","floor":30,"gold_loss":0},{"damage_healed":0,"gold_gain":0,"player_choice":"Memory 3","damage_taken":10,"max_hp_gain":0,"max_hp_loss":0,"event_name":"SensoryStone","floor":36,"gold_loss":0},{"damage_healed":0,"gold_gain":0,"player_choice":"Fight","damage_taken":0,"max_hp_gain":0,"max_hp_loss":0,"event_name":"MindBloom","floor":41,"gold_loss":0},{"damage_healed":0,"gold_gain":0,"player_choice":"Fight","damage_taken":0,"max_hp_gain":0,"max_hp_loss":0,"event_name":"Mysterious Sphere","floor":46,"gold_loss":0}],"is_beta":false,"boss_relics":[{"not_picked":["Tiny House","Empty Cage"],"picked":"Mark of Pain"},{"not_picked":["Astrolabe","Runic Dome"],"picked":"Snecko Eye"}],"items_purged_floors":[],"is_endless":false,"potions_floor_spawned":[1,6,10,22,23,28,30,31,38,41,46,48],"ascension_level":2}