{"gold_per_floor":[116,136,136,13,13,13,42,61,107,107,137,150,176,189,189,287,287,299,299,224,236,247,247],"floor_reached":23,"playtime":1543,"items_purged":["Regret"],"score":236,"play_id":"72884105-a744-4655-a5c4-7bcc02fcb229","local_time":"20190529032519","is_ascension_mode":false,"campfire_choices":[{"data":"Flex","floor":6,"key":"SMITH"},{"data":"Twin Strike","floor":10,"key":"SMITH"},{"floor":15,"key":"REST"}],"neow_cost":"NONE","seed_source_timestamp":957127011123748,"circlet_count":0,"master_deck":["Strike_R","Strike_R","Strike_R","Strike_R","Strike_R","Defend_R","Defend_R","Defend_R","Bash","Dropkick","Flex+1","Heavy Blade","Twin Strike+1","Heavy Blade","Spot Weakness","Pommel Strike","Shrug It Off","Shrug It Off","Perfected Strike","Cleave","Twin Strike+1","Inflame","Warcry+1"],"relics":["Burning Blood","NeowsBlessing","Potion Belt","Champion Belt","Red Skull","Sundial","Gremlin Horn","Runic Pyramid"],"potions_floor_usage":[],"damage_taken":[{"damage":0,"enemies":"2 Louse","floor":1,"turns":2},{"damage":0,"enemies":"Jaw Worm","floor":2,"turns":1},{"damage":0,"enemies":"3 Sentries","floor":7,"turns":2},{"damage":1,"enemies":"Cultist","floor":8,"turns":3},{"damage":29,"enemies":"Lagavulin","floor":11,"turns":7},{"damage":21,"enemies":"Blue Slaver","floor":12,"turns":4},{"damage":25,"enemies":"3 Sentries","floor":13,"turns":5},{"damage":4,"enemies":"Lots of Slimes","floor":14,"turns":3},{"damage":44,"enemies":"The Guardian","floor":16,"turns":10},{"damage":21,"enemies":"Shell Parasite","floor":18,"turns":5},{"damage":31,"enemies":"3 Byrds","floor":21,"turns":6},{"damage":17,"enemies":"3 Cultists","floor":22,"turns":4},{"damage":33,"enemies":"Slavers","floor":23,"turns":2}],"seed_played":"-2978995299582192311","potions_obtained":[{"floor":2,"key":"Regen Potion"},{"floor":7,"key":"Strength Potion"},{"floor":8,"key":"SteroidPotion"},{"floor":13,"key":"Weak Potion"},{"floor":14,"key":"Strength Potion"}],"is_trial":false,"path_per_floor":["M","M","?","$","?","R","E","M","T","R","E","M","E","M","R","B",null,"M","?","$","M","M","E"],"character_chosen":"IRONCLAD","items_purchased":["Flex","Heavy Blade","Twin Strike"],"campfire_rested":1,"item_purchase_floors":[4,4,4],"current_hp_per_floor":[80,80,80,80,80,80,80,80,80,80,57,42,23,25,49,11,80,65,65,65,40,29,0],"gold":247,"neow_bonus":"THREE_ENEMY_KILL","is_prod":false,"is_daily":false,"chose_seed":false,"campfire_upgraded":2,"win_rate":0.0,"timestamp":1559125519,"path_taken":["M","M","?","$","?","R","E","M","T","R","E","M","E","M","R","BOSS","M","?","$","M","?","E"],"build_version":"2019-01-23","purchased_purges":1,"victory":false,"max_hp_per_floor":[80,80,80,80,80,80,80,80,80,80,80,80,80,80,80,80,80,80,80,80,80,80,80],"card_choices":[{"not_picked":["True Grit","Warcry","Iron Wave"],"picked":"SKIP","floor":1},{"not_picked":["Corruption","Entrench"],"picked":"Dropkick","floor":2},{"not_picked":["Blood for Blood","Second Wind"],"picked":"Heavy Blade","floor":7},{"not_picked":["Iron Wave","Body Slam"],"picked":"Spot Weakness","floor":8},{"not_picked":["Hemokinesis","Cleave"],"picked":"Pommel Strike","floor":11},{"not_picked":["Thunderclap","Warcry"],"picked":"Shrug It Off","floor":12},{"not_picked":["Whirlwind","Infernal Blade"],"picked":"Shrug It Off","floor":13},{"not_picked":["Ghostly Armor","Clash"],"picked":"Perfected Strike","floor":14},{"not_picked":["Dropkick","Rampage"],"picked":"Cleave","floor":18},{"not_picked":["Pummel","Searing Blow"],"picked":"Inflame","floor":21},{"not_picked":["Clash+1","Sever Soul"],"picked":"Warcry+1","floor":22}],"player_experience":19423,"relics_obtained":[{"floor":7,"key":"Champion Belt"},{"floor":9,"key":"Red Skull"},{"floor":11,"key":"Sundial"},{"floor":13,"key":"Gremlin Horn"}],"event_choices":[{"cards_removed":["Defend_R"],"damage_healed":0,"gold_gain":0,"player_choice":"Forget","damage_taken":0,"max_hp_gain":0,"max_hp_loss":0,"event_name":"Living Wall","floor":3,"gold_loss":0},{"damage_healed":0,"gold_gain":0,"player_choice":"Box","damage_taken":0,"relics_obtained":["Potion Belt"],"max_hp_gain":0,"max_hp_loss":0,"event_name":"Big Fish","floor":5,"gold_loss":0,"cards_obtained":["Regret"]},{"damage_healed":0,"gold_gain":0,"player_choice":"Copied","damage_taken":0,"max_hp_gain":0,"max_hp_loss":0,"event_name":"Duplicator","floor":19,"gold_loss":0,"cards_obtained":["Twin Strike"]}],"is_beta":false,"boss_relics":[{"not_picked":["White Beast Statue","Astrolabe"],"picked":"Runic Pyramid"}],"items_purged_floors":[20],"is_endless":false,"potions_floor_spawned":[2,7,8,13,14,16,18],"killed_by":"Slavers","ascension_level":0}