{"gold_per_floor":[367,2,15,15,15,15,56,56,56,56,136,136,157,197,197,293,293,318,318,318,332,5,5,29,60,60,99,99,139,139,177,177,266,266,284,299,45,63,33,72,72,90,90,34,48,83,83,101,101,101,101,101,101,1,1],"floor_reached":55,"playtime":6390,"items_purged":["Wild Strike","Rage"],"score":1968,"play_id":"2252070d-985b-4843-8d74-72de9d8d2e69","local_time":"20190305024746","is_ascension_mode":true,"campfire_choices":[{"data":"Bash","floor":6,"key":"SMITH"},{"data":"True Grit","floor":8,"key":"SMITH"},{"floor":12,"key":"REST"},{"floor":15,"key":"REST"},{"data":"True Grit","floor":23,"key":"SMITH"},{"data":"Uppercut","floor":28,"key":"SMITH"},{"data":"Dark Embrace","floor":30,"key":"SMITH"},{"data":"Feel No Pain","floor":32,"key":"SMITH"},{"data":"Sword Boomerang","floor":41,"key":"SMITH"},{"floor":47,"key":"RECALL"},{"data":"Corruption","floor":49,"key":"SMITH"},{"data":"Blood for Blood","floor":53,"key":"SMITH"}],"neow_cost":"PERCENT_DAMAGE","seed_source_timestamp":1537803472353016,"circlet_count":0,"master_deck":["AscendersBane","Bash+1","Combust+1","Shrug It Off+1","Rupture","True Grit+1","Sword Boomerang+1","Headbutt","True Grit+1","Reaper","Uppercut+1","Power Through","Immolate","Dark Embrace+1","Bloodletting","Blood for Blood+1","Feel No Pain+1","Sentinel+1","Sword Boomerang+1","Shrug It Off+1","Disarm+1","Warcry+1","Brutality","Burning Pact+1","Feel No Pain","Dual Wield+1","Dark Shackles+1","True Grit+1","Battle Trance+1","Spot Weakness+1","Shrug It Off+1","Corruption+1","True Grit+1"],"relics":["Burning Blood","ClockworkSouvenir","Golden Idol","Potion Belt","Kunai","Lantern","Pantograph","Pandora\u0027s Box","Pen Nib","Mercury Hourglass","Self Forming Clay","Toxic Egg 2","Pear","Darkstone Periapt","Philosopher\u0027s Stone","Bottled Lightning","Omamori"],"potions_floor_usage":[7,11,25,27,27,27,35,40,55,55],"damage_taken":[{"damage":2,"enemies":"2 Louse","floor":1,"turns":4},{"damage":7,"enemies":"Jaw Worm","floor":3,"turns":4},{"damage":6,"enemies":"3 Sentries","floor":7,"turns":5},{"damage":26,"enemies":"Lagavulin Event","floor":11,"turns":6},{"damage":1,"enemies":"Small Slimes","floor":13,"turns":2},{"damage":33,"enemies":"Gremlin Nob","floor":14,"turns":5},{"damage":34,"enemies":"Slime Boss","floor":16,"turns":10},{"damage":3,"enemies":"Chosen","floor":18,"turns":5},{"damage":13,"enemies":"Spheric Guardian","floor":21,"turns":4},{"damage":26,"enemies":"Snake Plant","floor":24,"turns":6},{"damage":11,"enemies":"Gremlin Leader","floor":25,"turns":5},{"damage":42,"enemies":"Book of Stabbing","floor":27,"turns":6},{"damage":29,"enemies":"Slavers","floor":29,"turns":4},{"damage":14,"enemies":"Gremlin Leader","floor":31,"turns":7},{"damage":40,"enemies":"Champ","floor":33,"turns":12},{"damage":4,"enemies":"3 Darklings","floor":35,"turns":3},{"damage":9,"enemies":"Orb Walker","floor":36,"turns":5},{"damage":8,"enemies":"Spire Growth","floor":38,"turns":6},{"damage":50,"enemies":"Reptomancer","floor":40,"turns":7},{"damage":36,"enemies":"Sphere and 2 Shapes","floor":42,"turns":9},{"damage":10,"enemies":"3 Darklings","floor":45,"turns":4},{"damage":14,"enemies":"Nemesis","floor":46,"turns":13},{"damage":18,"enemies":"Writhing Mass","floor":48,"turns":7},{"damage":42,"enemies":"Donu and Deca","floor":50,"turns":7},{"damage":32,"enemies":"Awakened One","floor":51,"turns":10},{"damage":82,"enemies":"Shield and Spear","floor":55,"turns":4}],"seed_played":"1961273697120955990","potions_obtained":[{"floor":1,"key":"SpeedPotion"},{"floor":3,"key":"Weak Potion"},{"floor":16,"key":"GamblersBrew"},{"floor":21,"key":"SneckoOil"},{"floor":24,"key":"Energy Potion"},{"floor":25,"key":"Poison Potion"},{"floor":27,"key":"Dexterity Potion"},{"floor":33,"key":"Swift Potion"},{"floor":35,"key":"Poison Potion"},{"floor":36,"key":"PowerPotion"},{"floor":46,"key":"FearPotion"}],"is_trial":false,"path_per_floor":["M","$","M","?","?","R","E","R","T","?","?","R","M","E","R","B",null,"M","?","$","M","$","R","M","E","T","E","R","E","R","E","R","B",null,"M","M","$","M","$","E","R","M","T","$","M","E","R","M","R","B","B",null,"R","$","E"],"character_chosen":"IRONCLAD","items_purchased":["ClockworkSouvenir","Shrug It Off","Rupture","Feel No Pain","Pen Nib","Feel No Pain","Dual Wield+1","Dark Shackles+1","True Grit+1","SteroidPotion"],"campfire_rested":2,"item_purchase_floors":[2,2,2,22,22,37,37,37,39,44],"current_hp_per_floor":[54,54,53,30,30,30,30,30,30,30,10,30,35,8,28,25,57,66,66,66,59,59,59,45,64,64,34,34,21,21,35,35,50,71,77,74,74,72,72,49,49,30,30,30,54,67,67,70,70,78,78,78,78,78,0],"gold":1,"neow_bonus":"TWO_FIFTY_GOLD","is_prod":false,"is_daily":false,"chose_seed":false,"campfire_upgraded":9,"win_rate":0,"timestamp":1551721666,"path_taken":["M","$","M","?","?","R","E","R","T","?","?","R","M","E","R","BOSS","M","?","$","?","$","R","?","E","T","E","R","E","R","E","R","BOSS","M","M","$","M","$","E","R","M","T","?","M","E","R","M","R","BOSS","BOSS","R","$","E"],"build_version":"2019-01-23","purchased_purges":2,"victory":false,"max_hp_per_floor":[75,75,75,75,68,68,68,68,68,68,68,68,68,68,68,68,68,68,68,68,68,68,68,68,68,68,68,68,78,78,78,78,78,78,78,78,78,78,78,78,78,78,78,78,78,78,78,78,78,78,78,78,78,78,78],"card_choices":[{"not_picked":["Seeing Red","Pommel Strike"],"picked":"Combust","floor":1},{"not_picked":["Body Slam","Burning Pact"],"picked":"True Grit","floor":3},{"not_picked":["Wild Strike","Reckless Charge","Armaments"],"picked":"SKIP","floor":7},{"not_picked":["Body Slam","Wild Strike"],"picked":"Sword Boomerang","floor":11},{"not_picked":["Warcry","Fiend Fire"],"picked":"Headbutt","floor":13},{"not_picked":["Sever Soul","Seeing Red"],"picked":"True Grit","floor":14},{"not_picked":["Offering","Demon Form"],"picked":"Reaper","floor":16},{"not_picked":["Heavy Blade","Headbutt+1","Power Through"],"picked":"SKIP","floor":18},{"not_picked":["Pommel Strike","Heavy Blade","Clothesline"],"picked":"SKIP","floor":21},{"not_picked":["Clash","Sword Boomerang"],"picked":"Sentinel+1","floor":24},{"not_picked":["Brutality","Second Wind"],"picked":"Sword Boomerang+1","floor":25},{"not_picked":["Anger+1","Clothesline"],"picked":"Shrug It Off","floor":27},{"not_picked":["Twin Strike","Sword Boomerang"],"picked":"Disarm+1","floor":29},{"not_picked":["Blood for Blood","Combust"],"picked":"Warcry+1","floor":31},{"not_picked":["Berserk","Juggernaut"],"picked":"Brutality","floor":33},{"not_picked":["Combust","Havoc+1","Iron Wave"],"picked":"SKIP","floor":35},{"not_picked":["Rampage","Heavy Blade"],"picked":"Burning Pact+1","floor":36},{"not_picked":["Sever Soul","Anger+1","Clothesline"],"picked":"SKIP","floor":38},{"not_picked":["Cleave","Thunderclap"],"picked":"Battle Trance+1","floor":40},{"not_picked":["Reckless Charge+1","Power Through+1"],"picked":"Spot Weakness+1","floor":42},{"not_picked":["Ghostly Armor+1","Rampage+1"],"picked":"Shrug It Off+1","floor":45},{"not_picked":["Burning Pact+1","Sever Soul"],"picked":"Corruption","floor":46},{"not_picked":["Clothesline","Armaments+1"],"picked":"True Grit+1","floor":48}],"player_experience":505855,"relics_obtained":[{"floor":7,"key":"Potion Belt"},{"floor":9,"key":"Kunai"},{"floor":11,"key":"Lantern"},{"floor":14,"key":"Pantograph"},{"floor":25,"key":"Mercury Hourglass"},{"floor":26,"key":"Self Forming Clay"},{"floor":27,"key":"Toxic Egg 2"},{"floor":29,"key":"Pear"},{"floor":31,"key":"Darkstone Periapt"},{"floor":40,"key":"Bottled Lightning"},{"floor":46,"key":"Omamori"}],"event_choices":[{"damage_healed":0,"gold_gain":0,"player_choice":"Entered Light","damage_taken":23,"max_hp_gain":0,"max_hp_loss":0,"event_name":"Shining Light","floor":4,"gold_loss":0,"cards_upgraded":["Combust","Shrug It Off"]},{"damage_healed":0,"gold_gain":0,"player_choice":"Lose Max HP","damage_taken":0,"relics_obtained":["Golden Idol"],"max_hp_gain":0,"max_hp_loss":7,"event_name":"Golden Idol","floor":5,"gold_loss":0},{"cards_removed":["Strike_R"],"damage_healed":0,"gold_gain":0,"player_choice":"Forget","damage_taken":0,"max_hp_gain":0,"max_hp_loss":0,"event_name":"Living Wall","floor":10,"gold_loss":0},{"damage_healed":0,"gold_gain":0,"player_choice":"Searched \u00271\u0027 times","damage_taken":0,"max_hp_gain":0,"max_hp_loss":0,"event_name":"Dead Adventurer","floor":11,"gold_loss":0},{"damage_healed":0,"gold_gain":0,"cards_transformed":["Sever Soul"],"player_choice":"Transformed","damage_taken":0,"max_hp_gain":0,"max_hp_loss":0,"event_name":"Transmorgrifier","floor":19,"gold_loss":0,"cards_obtained":["Wild Strike"]}],"is_beta":false,"boss_relics":[{"not_picked":["Lizard Tail","Astrolabe"],"picked":"Pandora\u0027s Box"},{"not_picked":["Orrery","Empty Cage"],"picked":"Philosopher\u0027s Stone"}],"items_purged_floors":[22,54],"is_endless":false,"potions_floor_spawned":[1,3,16,21,24,25,27,33,35,36,46],"killed_by":"Shield and Spear","ascension_level":20}