{"gold_per_floor":[111,122,137,2,16,16,26,44,120,120,120,5,18,30,30,132,132,150,161,39,50,50,50,50,50,50,50,85,101,101,101],"floor_reached":31,"playtime":2197,"items_purged":[],"score":251,"play_id":"0a4351c9-e054-4c31-bd61-dea5ff3c1dac","local_time":"20190708191532","is_ascension_mode":false,"campfire_choices":[{"data":"Static Discharge","floor":6,"key":"SMITH"},{"floor":11,"key":"REST"},{"floor":15,"key":"REST"},{"floor":23,"key":"REST"},{"floor":25,"key":"REST"},{"floor":27,"key":"REST"}],"neow_cost":"NONE","seed_source_timestamp":795539971418980,"circlet_count":0,"master_deck":["Strike_B+1","Strike_B+1","Strike_B+1","Strike_B+1","Defend_B+1","Defend_B+1","Defend_B+1","Defend_B+1","Zap","Dualcast","Rebound","Hologram","White Noise","Cold Snap","Static Discharge+1","Ball Lightning","Rebound","Streamline","Storm","Force Field","Streamline+1","Aggregate","Hologram","Undo","Echo Form","Streamline+1","Self Repair","Stack","Heatsinks","Self Repair","Coolheaded","Steam+1"],"relics":["Cracked Core","Question Card","FaceOfCleric","Black Star","Whetstone","Dodecahedron","Du-Vu Doll"],"potions_floor_usage":[19,19,28,29,29],"damage_taken":[{"damage":0,"enemies":"Cultist","floor":1,"turns":3},{"damage":0,"enemies":"Small Slimes","floor":2,"turns":2},{"damage":2,"enemies":"2 Louse","floor":3,"turns":2},{"damage":0,"enemies":"Large Slime","floor":5,"turns":3},{"damage":28,"enemies":"Exordium Wildlife","floor":7,"turns":4},{"damage":2,"enemies":"Blue Slaver","floor":8,"turns":3},{"damage":10,"enemies":"Looter","floor":13,"turns":2},{"damage":0,"enemies":"2 Fungi Beasts","floor":14,"turns":2},{"damage":31,"enemies":"The Guardian","floor":16,"turns":9},{"damage":26,"enemies":"Spheric Guardian","floor":18,"turns":6},{"damage":23,"enemies":"Chosen","floor":19,"turns":6},{"damage":13,"enemies":"Snecko","floor":21,"turns":6},{"damage":28,"enemies":"3 Cultists","floor":24,"turns":5},{"damage":42,"enemies":"Slavers","floor":28,"turns":5},{"damage":41,"enemies":"Shelled Parasite and Fungi","floor":29,"turns":8},{"damage":21,"enemies":"Snake Plant","floor":31,"turns":4}],"seed_played":"-9184000309145569019","potions_obtained":[{"floor":3,"key":"SteroidPotion"},{"floor":5,"key":"Swift Potion"},{"floor":7,"key":"Poison Potion"},{"floor":19,"key":"Swift Potion"},{"floor":21,"key":"LiquidBronze"},{"floor":28,"key":"Ancient Potion"}],"is_trial":false,"path_per_floor":["M","M","M","$","M","R","M","M","T","?","R","$","M","M","R","B",null,"M","M","$","M","?","R","M","R","T","R","E","M","?","M"],"character_chosen":"DEFECT","items_purchased":["Static Discharge","Ball Lightning","Rebound","Streamline","Aggregate","Stack","Heatsinks"],"campfire_rested":5,"item_purchase_floors":[4,4,4,12,12,20,20],"current_hp_per_floor":[75,75,73,73,73,73,45,43,43,43,65,65,56,57,77,47,78,53,31,31,26,26,50,23,47,47,71,44,18,18,0],"gold":101,"neow_bonus":"THREE_CARDS","is_prod":false,"is_daily":false,"chose_seed":false,"campfire_upgraded":1,"win_rate":0.0,"timestamp":1562631332,"path_taken":["M","M","M","$","?","R","M","M","T","?","R","?","M","M","R","BOSS","M","?","$","M","?","R","M","R","T","R","E","M","?","M"],"build_version":"2019-07-05","purchased_purges":0,"victory":false,"max_hp_per_floor":[75,75,75,75,75,75,75,75,75,75,75,75,76,77,77,78,78,79,80,80,81,81,81,82,82,82,82,83,84,84,84],"card_choices":[{"not_picked":["Sweeping Beam","Hologram"],"picked":"Rebound","floor":0},{"not_picked":["Sweeping Beam","Beam Cell"],"picked":"Hologram","floor":1},{"not_picked":["Consume","Coolheaded"],"picked":"White Noise","floor":2},{"not_picked":["Loop","Go for the Eyes"],"picked":"Cold Snap","floor":3},{"not_picked":["Barrage","Rebound"],"picked":"Streamline","floor":5},{"not_picked":["Beam Cell","Lockon"],"picked":"Storm","floor":7},{"not_picked":["Chill","Barrage"],"picked":"Force Field","floor":8},{"not_picked":["Sweeping Beam","Cold Snap","Turbo"],"picked":"Hologram","floor":13},{"not_picked":["Amplify","Loop","Capacitor"],"picked":"Undo","floor":14},{"not_picked":["Meteor Strike","Fission","Rainbow"],"picked":"Echo Form","floor":16},{"not_picked":["Go for the Eyes","Capacitor","Loop"],"picked":"Streamline+1","floor":18},{"not_picked":["Compile Driver","Beam Cell","Coolheaded"],"picked":"Self Repair","floor":19},{"not_picked":["Redo+1","Barrage+1","Chaos"],"picked":"Self Repair","floor":21},{"not_picked":["Cold Snap","Steam Power","Sweeping Beam"],"picked":"Coolheaded","floor":24},{"not_picked":["Consume","Capacitor","Streamline","Blizzard"],"picked":"SKIP","floor":28},{"not_picked":["Reprogram","Machine Learning","Barrage"],"picked":"Steam+1","floor":29}],"player_experience":59736,"relics_obtained":[{"floor":9,"key":"Question Card"},{"floor":26,"key":"Whetstone"},{"floor":28,"key":"Dodecahedron"},{"floor":28,"key":"Du-Vu Doll"}],"event_choices":[{"damage_healed":0,"gold_gain":0,"player_choice":"Trade","damage_taken":0,"relics_obtained":["FaceOfCleric"],"max_hp_gain":0,"max_hp_loss":0,"event_name":"FaceTrader","floor":10,"gold_loss":0},{"damage_healed":0,"gold_gain":0,"player_choice":"Ignored","damage_taken":0,"max_hp_gain":0,"max_hp_loss":0,"event_name":"Cursed Tome","floor":22,"gold_loss":0},{"damage_healed":0,"gold_gain":0,"player_choice":"Simplicity","damage_taken":0,"max_hp_gain":0,"max_hp_loss":0,"event_name":"Back to Basics","floor":30,"gold_loss":0,"cards_upgraded":["Strike_B","Strike_B","Strike_B","Defend_B","Defend_B","Defend_B","Defend_B"]}],"is_beta":false,"boss_relics":[{"not_picked":["Astrolabe","Cursed Key"],"picked":"Black Star"}],"items_purged_floors":[],"is_endless":false,"potions_floor_spawned":[3,5,7,16,19,21,28],"killed_by":"Snake Plant","ascension_level":0}