{"gold_per_floor":[112,37,112,112,136,136,150,163,163,163,184,184],"floor_reached":12,"playtime":615,"items_purged":["Strike_R"],"score":70,"play_id":"c58b8413-a371-4dc2-8449-9a599184d4b4","local_time":"20180817002807","is_ascension_mode":false,"campfire_choices":[{"data":"Barricade","floor":6,"key":"SMITH"},{"data":"Bash","floor":10,"key":"SMITH"}],"neow_cost":"NONE","seed_source_timestamp":14185833455358,"circlet_count":0,"master_deck":["Strike_R","Strike_R","Strike_R","Strike_R","Defend_R","Defend_R","Defend_R","Defend_R","Bash+1","Barricade+1","Headbutt"],"relics":["Burning Blood","Golden Idol","Dodecahedron"],"potions_floor_usage":[11,12],"damage_taken":[{"damage":5,"enemies":"Small Slimes","floor":1,"turns":4},{"damage":10,"enemies":"Jaw Worm","floor":5,"turns":5},{"damage":0,"enemies":"2 Louse","floor":7,"turns":4},{"damage":14,"enemies":"Blue Slaver","floor":8,"turns":4},{"damage":39,"enemies":"Exordium Thugs","floor":11,"turns":7},{"damage":15,"enemies":"Exordium Wildlife","floor":12,"turns":4}],"seed_played":"6461452842764450371","potions_obtained":[{"floor":5,"key":"Strength Potion"},{"floor":11,"key":"LiquidBronze"}],"is_trial":false,"path_per_floor":["M","$","?","?","M","R","M","M","T","R","M"],"character_chosen":"IRONCLAD","items_purchased":[],"campfire_rested":0,"item_purchase_floors":[],"current_hp_per_floor":[80,80,69,49,45,45,51,43,43,43,10,0],"gold":184,"neow_bonus":"ONE_RANDOM_RARE_CARD","is_prod":false,"is_daily":false,"chose_seed":false,"campfire_upgraded":2,"win_rate":0,"timestamp":1534458487,"path_taken":["M","$","?","?","M","R","M","M","T","R","?","M"],"build_version":"2018-08-09","purchased_purges":1,"victory":false,"max_hp_per_floor":[80,80,80,80,80,80,80,80,80,80,80,80],"card_choices":[{"not_picked":["Clash","Power Through","True Grit"],"picked":"SKIP","floor":1},{"not_picked":["Iron Wave","Pommel Strike","Anger"],"picked":"SKIP","floor":5},{"not_picked":["Pommel Strike","Perfected Strike"],"picked":"Headbutt","floor":7},{"not_picked":["Power Through","Heavy Blade","Warcry"],"picked":"SKIP","floor":8},{"not_picked":["Corruption","Fire Breathing","Disarm"],"picked":"SKIP","floor":11}],"player_experience":329942,"relics_obtained":[{"floor":9,"key":"Dodecahedron"}],"event_choices":[{"event_name":"World of Goop","player_choice":"Gather Gold","floor":3,"damage_taken":0},{"event_name":"Golden Idol","player_choice":"Take Damage","floor":4,"damage_taken":0}],"is_beta":false,"boss_relics":[],"items_purged_floors":[2],"is_endless":false,"potions_floor_spawned":[5,11],"killed_by":"Exordium Wildlife","ascension_level":0}