{"gold_per_floor":[113,113,133,153,171,504,504,534,607,607,557,557,573,597,597,723,723,746,671,671,671,431,431,471,471,471,471,32,65,81,97,97,217,217,231,356,377,102,120,153,153,174,174,207,207,307,320,320,320,320],"floor_reached":50,"playtime":3412,"items_purged":["Defend_R"],"score":678,"play_id":"0fead862-ee01-4e2e-aba8-1ef3a7f8d2e0","local_time":"20190630130615","is_ascension_mode":true,"campfire_choices":[{"floor":7.0,"key":"REST"},{"floor":12.0,"key":"REST"},{"data":"Armaments","floor":15.0,"key":"SMITH"},{"floor":23.0,"key":"RECALL"},{"data":"Limit Break","floor":27.0,"key":"SMITH"},{"data":"Flex","floor":32.0,"key":"SMITH"},{"data":"J.A.X.","floor":49,"key":"SMITH"}],"neow_cost":"NONE","seed_source_timestamp":61036441051038,"circlet_count":0,"master_deck":["Defend_R","Defend_R","Defend_R","Bash","Flex+1","Shrug It Off","Flex","Armaments+1","Twin Strike","Juggernaut","Iron Wave","Ghostly Armor","Limit Break+1","Body Slam","J.A.X.+1","Fire Breathing+1","Bite","Bite","Bite","Bite","Dual Wield","Spot Weakness+1","Juggernaut","Seeing Red+1","Intimidate+1","Pummel+1","Iron Wave","Anger+1","Limit Break","Shockwave+1","Body Slam","Trip"],"special_seed":0,"relics":["Philosopher\u0027s Stone","Old Coin","Thread and Needle","Paper Frog","Golden Idol","Coffee Dripper","Mercury Hourglass","Champion Belt","Boot","Omamori","Runic Cube","Magic Flower","Ancient Tea Set","WingedGreaves","Bottled Lightning","Happy Flower","Ornamental Fan"],"potions_floor_usage":[44,50,50],"damage_taken":[{"damage":12.0,"enemies":"Small Slimes","floor":1.0,"turns":4.0},{"damage":3.0,"enemies":"Jaw Worm","floor":3.0,"turns":4.0},{"damage":1.0,"enemies":"2 Louse","floor":4.0,"turns":3.0},{"damage":7.0,"enemies":"Exordium Wildlife","floor":5.0,"turns":5.0},{"damage":22.0,"enemies":"Lagavulin","floor":6.0,"turns":8.0},{"damage":24.0,"enemies":"3 Sentries","floor":8.0,"turns":11.0},{"damage":0.0,"enemies":"2 Fungi Beasts","floor":13.0,"turns":3.0},{"damage":0.0,"enemies":"Blue Slaver","floor":14.0,"turns":2.0},{"damage":14.0,"enemies":"Hexaghost","floor":16.0,"turns":9.0},{"damage":4.0,"enemies":"Shell Parasite","floor":18.0,"turns":5.0},{"damage":11.0,"enemies":"Book of Stabbing","floor":24.0,"turns":4.0},{"damage":5.0,"enemies":"Gremlin Leader","floor":29.0,"turns":5.0},{"damage":13.0,"enemies":"Chosen","floor":30.0,"turns":3.0},{"damage":3.0,"enemies":"Shelled Parasite and Fungi","floor":31.0,"turns":3.0},{"damage":40.0,"enemies":"Champ","floor":33.0,"turns":7.0},{"damage":36.0,"enemies":"3 Darklings","floor":35.0,"turns":4.0},{"damage":3.0,"enemies":"Mind Bloom Boss Battle","floor":36.0,"turns":4.0},{"damage":0.0,"enemies":"3 Shapes","floor":37.0,"turns":3.0},{"damage":20.0,"enemies":"Sphere and 2 Shapes","floor":39.0,"turns":3.0},{"damage":43.0,"enemies":"Reptomancer","floor":40.0,"turns":5.0},{"damage":23.0,"enemies":"Jaw Worm Horde","floor":42.0,"turns":3.0},{"damage":30,"enemies":"Giant Head","floor":44,"turns":7},{"damage":18,"enemies":"3 Darklings","floor":47,"turns":3},{"damage":28,"enemies":"Time Eater","floor":50,"turns":4}],"seed_played":"-2250790728301426204","potions_obtained":[{"floor":1.0,"key":"FearPotion"},{"floor":3.0,"key":"Swift Potion"},{"floor":6.0,"key":"GamblersBrew"},{"floor":18.0,"key":"FairyPotion"},{"floor":29.0,"key":"SkillPotion"},{"floor":30.0,"key":"Strength Potion"},{"floor":35.0,"key":"PowerPotion"},{"floor":36.0,"key":"LiquidBronze"},{"floor":44,"key":"Strength Potion"},{"floor":47,"key":"Weak Potion"}],"is_trial":false,"path_per_floor":["M","?","M","M","M","E","R","E","T","?","?","R","M","M","R","B",null,"M","?","?","?","$","R","E","?","T","R","$","E","M","M","R","B",null,"M","?","M","$","M","E","?","M","T","E","T","?","M","?","R","B"],"character_chosen":"IRONCLAD","items_purchased":["Mercury Hourglass","Champion Belt","Boot","Ancient Tea Set","Iron Wave"],"campfire_rested":2,"item_purchase_floors":[22,28,28,38,38],"current_hp_per_floor":[68,61,58,57,50,28,52,28,28,28,28,52,52,52,52,38,80,76,76,76,76,76,76,65,65,65,65,65,75,68,67,67,54,80,49,54,64,64,65,36,36,19,19,9,9,9,18,18,18,0],"gold":320,"neow_bonus":"BOSS_RELIC","is_prod":false,"is_daily":false,"chose_seed":false,"campfire_upgraded":4,"win_rate":0,"timestamp":1561925175,"path_taken":["M","?","M","M","M","E","R","E","T","?","?","R","M","?","R","BOSS","M","?","?","?","$","R","E","?","T","R","$","E","M","?","R","BOSS","M","?","M","$","M","E","?","M","T","E","?","?","?","?","R","BOSS"],"build_version":"2019-01-23","purchased_purges":1,"victory":false,"max_hp_per_floor":[80,80,80,80,80,80,80,80,80,80,80,80,80,80,80,80,80,80,80,80,80,80,80,80,80,80,80,80,80,80,80,80,80,80,80,80,80,80,80,80,80,80,80,80,80,80,80,80,80,80],"card_choices":[{"not_picked":["Bloodletting","Body Slam"],"picked":"Flex","floor":1.0},{"not_picked":["Sword Boomerang","Havoc"],"picked":"Shrug It Off","floor":3.0},{"not_picked":["Sword Boomerang","Flame Barrier"],"picked":"Flex","floor":4.0},{"not_picked":["Heavy Blade","Body Slam"],"picked":"Armaments","floor":5.0},{"not_picked":["Anger","Havoc"],"picked":"Twin Strike","floor":6.0},{"not_picked":["Armaments","Headbutt"],"picked":"Juggernaut","floor":8.0},{"not_picked":["Sever Soul","Offering"],"picked":"Iron Wave","floor":13.0},{"not_picked":["Bloodletting","Clothesline"],"picked":"Ghostly Armor","floor":14.0},{"not_picked":["Brutality","Impervious"],"picked":"Limit Break","floor":16.0},{"not_picked":["Clothesline","Flex"],"picked":"Body Slam","floor":18.0},{"not_picked":["Seeing Red","Battle Trance"],"picked":"Fire Breathing+1","floor":24.0},{"not_picked":["Sever Soul","Rupture"],"picked":"Dual Wield","floor":29.0},{"not_picked":["Fire Breathing","Bloodletting","Feel No Pain"],"picked":"SKIP","floor":30.0},{"not_picked":["Flex","Wild Strike+1"],"picked":"Spot Weakness+1","floor":31.0},{"not_picked":["Double Tap","Bludgeon"],"picked":"Juggernaut","floor":33.0},{"not_picked":["Armaments+1","Perfected Strike"],"picked":"Seeing Red+1","floor":35.0},{"not_picked":["Heavy Blade","Clash"],"picked":"Intimidate+1","floor":36.0},{"not_picked":["Wild Strike","Carnage+1"],"picked":"Pummel+1","floor":37.0},{"not_picked":["Sever Soul+1","Hemokinesis+1","Havoc"],"picked":"SKIP","floor":39.0},{"not_picked":["Blood for Blood+1","Searing Blow+1"],"picked":"Anger+1","floor":40.0},{"not_picked":["Pummel","Clothesline"],"picked":"Limit Break","floor":42.0},{"not_picked":["Armaments+1","Wild Strike"],"picked":"Shockwave+1","floor":44},{"not_picked":["Juggernaut","Clash"],"picked":"Body Slam","floor":47},{"not_picked":["Transmutation","Mind Blast"],"picked":"Trip","floor":48}],"player_experience":133998,"relics_obtained":[{"floor":6.0,"key":"Old Coin"},{"floor":8.0,"key":"Thread and Needle"},{"floor":9.0,"key":"Paper Frog"},{"floor":24.0,"key":"Blood Vial"},{"floor":29.0,"key":"Omamori"},{"floor":36.0,"key":"Magic Flower"},{"floor":40.0,"key":"WingedGreaves"},{"floor":43.0,"key":"Bottled Lightning"},{"floor":44,"key":"Happy Flower"},{"floor":45,"key":"Ornamental Fan"}],"event_choices":[{"cards_removed":["Strike_R"],"damage_healed":0.0,"max_hp_gain":0.0,"max_hp_loss":0.0,"gold_gain":0.0,"event_name":"Golden Wing","player_choice":"Card Removal","floor":2.0,"gold_loss":0.0,"damage_taken":7.0},{"damage_healed":0.0,"max_hp_gain":0.0,"max_hp_loss":0.0,"gold_gain":0.0,"event_name":"Golden Idol","player_choice":"Take Wound","floor":10.0,"gold_loss":0.0,"damage_taken":0.0,"relics_obtained":["Golden Idol"],"cards_obtained":["Injury"]},{"cards_removed":["Injury"],"damage_healed":0.0,"max_hp_gain":0.0,"max_hp_loss":0.0,"gold_gain":0.0,"event_name":"The Cleric","player_choice":"Card Removal","floor":11.0,"gold_loss":50.0,"damage_taken":0.0},{"cards_removed":["Strike_R"],"damage_healed":0.0,"max_hp_gain":0.0,"max_hp_loss":0.0,"gold_gain":0.0,"event_name":"Beggar","player_choice":"Gave Gold","floor":19.0,"gold_loss":75.0,"damage_taken":0.0},{"damage_healed":0.0,"max_hp_gain":0.0,"max_hp_loss":0.0,"gold_gain":0.0,"event_name":"Ghosts","player_choice":"Ignored","floor":20.0,"gold_loss":0.0,"damage_taken":0.0},{"damage_healed":0.0,"max_hp_gain":0.0,"max_hp_loss":0.0,"gold_gain":0.0,"event_name":"Drug Dealer","player_choice":"Obtain J.A.X.","floor":21.0,"gold_loss":0.0,"damage_taken":0.0,"cards_obtained":["J.A.X."]},{"damage_healed":0.0,"max_hp_gain":0.0,"max_hp_loss":0.0,"gold_gain":0.0,"event_name":"Vampires","player_choice":"Became a vampire (Vial)","floor":25.0,"relics_lost":["Blood Vial"],"gold_loss":0.0,"damage_taken":0.0,"cards_obtained":["Bite","Bite","Bite","Bite","Bite"]},{"damage_healed":0.0,"max_hp_gain":0.0,"max_hp_loss":0.0,"gold_gain":0.0,"event_name":"MindBloom","player_choice":"Fight","floor":36.0,"gold_loss":0.0,"damage_taken":0.0},{"cards_removed":["Bite"],"damage_healed":0.0,"max_hp_gain":0.0,"max_hp_loss":0.0,"gold_gain":0.0,"event_name":"Falling","player_choice":"Removed Attack","floor":41.0,"gold_loss":0.0,"damage_taken":0.0},{"damage_healed":0,"gold_gain":100,"player_choice":"Pray","damage_taken":0,"max_hp_gain":0,"max_hp_loss":0,"event_name":"Golden Shrine","floor":46,"gold_loss":0},{"damage_healed":0,"gold_gain":0,"player_choice":"Memory 1","damage_taken":0,"max_hp_gain":0,"max_hp_loss":0,"event_name":"SensoryStone","floor":48,"gold_loss":0}],"is_beta":false,"boss_relics":[{"not_picked":["Empty Cage","Pandora\u0027s Box"],"picked":"Coffee Dripper"},{"not_picked":["Velvet Choker","Fusion Hammer"],"picked":"Runic Cube"}],"items_purged_floors":[38],"is_endless":false,"potions_floor_spawned":[1,3,6,18,29,30,35,36,44,47],"killed_by":"Time Eater","ascension_level":2}