{"gold_per_floor":[114,114,114,129,148,148,191,191,191,191,227,227,247,138,138,267,267,280,280,305,305,324,324,10,10,10,53,67,67,30,55,55,55],"floor_reached":33,"playtime":2407,"items_purged":["Defend_R"],"score":273,"play_id":"fcb68f91-8507-444b-aec1-25c31592895d","local_time":"20190529122643","is_ascension_mode":false,"campfire_choices":[{"data":"Bloodletting","floor":6,"key":"SMITH"},{"data":"Pommel Strike","floor":8,"key":"SMITH"},{"floor":10,"key":"REST"},{"floor":12,"key":"DIG"},{"floor":15,"key":"DIG"},{"floor":23,"key":"REST"},{"floor":25,"key":"REST"},{"floor":29,"key":"REST"},{"data":"Flex","floor":32,"key":"SMITH"}],"neow_cost":"NONE","seed_source_timestamp":988743064678690,"circlet_count":0,"master_deck":["Strike_R+1","Strike_R+1","Strike_R+1","Strike_R+1","Strike_R+1","Defend_R+1","Defend_R+1","Bash","Immolate","Evolve","Wild Strike","Bloodletting+1","Pommel Strike+1","Perfected Strike","Flex+1","Spot Weakness","Berserk","Clothesline+1","Thunderclap+1","Limit Break","Pommel Strike+1","Thunderclap+1","Inflame","Twin Strike+1"],"relics":["Black Blood","Golden Idol","Shuriken","Dodecahedron","Bottled Lightning","Regal Pillow","Nloth\u0027s Gift","Ice Cream","Du-Vu Doll","Vajra"],"potions_floor_usage":[7,27],"damage_taken":[{"damage":0,"enemies":"Small Slimes","floor":1,"turns":2},{"damage":0,"enemies":"Cultist","floor":4,"turns":2},{"damage":13,"enemies":"2 Louse","floor":5,"turns":3},{"damage":39,"enemies":"Lagavulin","floor":7,"turns":6},{"damage":22,"enemies":"3 Sentries","floor":11,"turns":5},{"damage":11,"enemies":"Large Slime","floor":13,"turns":3},{"damage":36,"enemies":"Hexaghost","floor":16,"turns":7},{"damage":30,"enemies":"2 Thieves","floor":18,"turns":3},{"damage":26,"enemies":"Shell Parasite","floor":20,"turns":5},{"damage":36,"enemies":"Centurion and Healer","floor":22,"turns":5},{"damage":51,"enemies":"Book of Stabbing","floor":27,"turns":5},{"damage":5,"enemies":"Cultist and Chosen","floor":28,"turns":4},{"damage":15,"enemies":"Snake Plant","floor":31,"turns":3},{"damage":77,"enemies":"Champ","floor":33,"turns":5}],"seed_played":"6377792638511126900","potions_obtained":[{"floor":3,"key":"SmokeBomb"},{"floor":3,"key":"BloodPotion"},{"floor":3,"key":"Weak Potion"},{"floor":4,"key":"LiquidBronze"},{"floor":5,"key":"PowerPotion"},{"floor":7,"key":"PowerPotion"},{"floor":28,"key":"Strength Potion"}],"is_trial":false,"path_per_floor":["M","?","?","M","M","R","E","R","T","R","E","R","M","$","R","B",null,"M","?","M","?","M","R","$","R","T","E","M","R","$","M","R","B"],"character_chosen":"IRONCLAD","items_purchased":["Spot Weakness","Ice Cream","Inflame"],"campfire_rested":4,"item_purchase_floors":[14,24,30],"current_hp_per_floor":[80,60,60,66,59,59,34,34,34,58,42,42,37,37,37,7,80,60,60,44,44,18,57,57,80,80,39,44,80,80,75,75,0],"gold":55,"neow_bonus":"TRANSFORM_CARD","is_prod":false,"is_daily":false,"chose_seed":false,"campfire_upgraded":3,"win_rate":0.0,"timestamp":1559158003,"path_taken":["M","?","?","M","?","R","E","R","T","R","E","R","?","?","R","BOSS","M","?","M","?","M","R","$","R","T","E","M","R","$","?","R","BOSS"],"build_version":"2019-01-23","purchased_purges":1,"victory":false,"max_hp_per_floor":[80,80,80,80,80,80,80,80,80,80,80,80,80,80,80,80,80,80,80,80,80,80,80,80,80,80,80,80,80,80,80,80,80],"card_choices":[{"not_picked":["Havoc","Body Slam"],"picked":"Evolve","floor":1},{"not_picked":["Searing Blow","Rage"],"picked":"Wild Strike","floor":4},{"not_picked":["Rampage","Uppercut"],"picked":"Bloodletting","floor":5},{"not_picked":["Metallicize","Battle Trance"],"picked":"Pommel Strike","floor":7},{"not_picked":["Corruption","Iron Wave"],"picked":"Perfected Strike","floor":11},{"not_picked":["Burning Pact","Iron Wave"],"picked":"Flex","floor":13},{"not_picked":["Barricade","Offering"],"picked":"Berserk","floor":16},{"not_picked":["Headbutt","Flame Barrier"],"picked":"Clothesline+1","floor":18},{"not_picked":["Reckless Charge","Dropkick+1"],"picked":"Thunderclap+1","floor":20},{"not_picked":["Twin Strike","Anger"],"picked":"Limit Break","floor":22},{"not_picked":["Exhume","Warcry"],"picked":"Pommel Strike+1","floor":27},{"not_picked":["Twin Strike","Clash"],"picked":"Thunderclap+1","floor":28},{"not_picked":["Battle Trance","Warcry+1"],"picked":"Twin Strike+1","floor":31}],"player_experience":22060,"relics_obtained":[{"floor":7,"key":"Shuriken"},{"floor":9,"key":"Dodecahedron"},{"floor":11,"key":"Shovel"},{"floor":12,"key":"Bottled Lightning"},{"floor":15,"key":"Regal Pillow"},{"floor":26,"key":"Du-Vu Doll"},{"floor":27,"key":"Vajra"}],"event_choices":[{"damage_healed":0,"gold_gain":0,"player_choice":"Take Damage","damage_taken":20,"relics_obtained":["Golden Idol"],"max_hp_gain":0,"max_hp_loss":0,"event_name":"Golden Idol","floor":2,"gold_loss":0},{"damage_healed":0,"gold_gain":0,"player_choice":"Got Potions","damage_taken":0,"max_hp_gain":0,"max_hp_loss":0,"event_name":"Lab","floor":3,"gold_loss":0},{"damage_healed":0,"gold_gain":0,"player_choice":"Simplicity","damage_taken":0,"max_hp_gain":0,"max_hp_loss":0,"event_name":"Back to Basics","floor":19,"gold_loss":0,"cards_upgraded":["Strike_R","Strike_R","Strike_R","Strike_R","Strike_R","Defend_R","Defend_R"]},{"damage_healed":0,"gold_gain":0,"player_choice":"Traded Relic","damage_taken":0,"relics_obtained":["Nloth\u0027s Gift"],"max_hp_gain":0,"max_hp_loss":0,"event_name":"N\u0027loth","floor":21,"relics_lost":["Shovel"],"gold_loss":0}],"is_beta":false,"boss_relics":[{"not_picked":["White Beast Statue","Runic Cube"],"picked":"Black Blood"}],"items_purged_floors":[14],"is_endless":false,"potions_floor_spawned":[4,5,7,18,28],"killed_by":"Champ","ascension_level":0}