{"gold_per_floor":[12,12,12,33,57,96,96,117,191,232,248,248,101,114,114,240,240,264,257,272,293,316,316,351,351,403,447,108,108,108,121,121,245,245,268,283,2,21,46,46,86,86,166,166,197,217,256,271,271,271,271,271,121,152,152],"floor_reached":56,"playtime":5703,"items_purged":["Strike_B","Strike_B","Writhe","Hyperbeam"],"score":1974,"play_id":"5c27b3ab-dd93-4c9c-ba20-a065b726e307","local_time":"20190719003647","is_ascension_mode":true,"campfire_choices":[{"floor":7,"key":"REST"},{"floor":15,"key":"REST"},{"data":"Zap","floor":23,"key":"SMITH"},{"floor":25,"key":"RECALL"},{"data":"Dualcast","floor":32,"key":"SMITH"},{"data":"Chill","floor":40,"key":"SMITH"},{"floor":42,"key":"REST"},{"data":"Loop","floor":49,"key":"SMITH"},{"data":"Recycle","floor":52,"key":"SMITH"}],"neow_cost":"NO_GOLD","seed_source_timestamp":10757025722100,"circlet_count":0,"master_deck":["AscendersBane","Zap+1","Dualcast+1","Loop+1","Core Surge","Undo","Defragment","White Noise","Core Surge","FTL","Defragment+1","Chill+1","Biased Cognition+1","Cold Snap","Capacitor+1","FTL+1","Electrodynamics+1","Storm+1","Defragment+1","Coolheaded+1","Machine Learning+1","Recycle+1","Sweeping Beam","Fusion","Chaos","Glacier+1","Heatsinks+1","Defragment+1","Madness","Madness","Hologram+1","Undo+1"],"relics":["FrozenCore","FossilizedHelix","Golden Idol","Ice Cream","Frozen Egg 2","Boot","Unceasing Top","Pantograph","PreservedInsect","Orichalcum","Strange Spoon","Bag of Preparation","Enchiridion","Pandora\u0027s Box","Lantern","Cables","Happy Flower","Bottled Flame","Blood Vial"],"potions_floor_usage":[8,16,21,46,47,55,55,55],"damage_taken":[{"damage":4,"enemies":"Jaw Worm","floor":1,"turns":4},{"damage":0,"enemies":"2 Louse","floor":4,"turns":2},{"damage":0,"enemies":"Small Slimes","floor":5,"turns":3},{"damage":40,"enemies":"3 Sentries","floor":6,"turns":9},{"damage":0,"enemies":"Exordium Wildlife","floor":8,"turns":3},{"damage":0,"enemies":"Lagavulin","floor":10,"turns":7},{"damage":0,"enemies":"Blue Slaver","floor":11,"turns":3},{"damage":0,"enemies":"Large Slime","floor":14,"turns":3},{"damage":34,"enemies":"Hexaghost","floor":16,"turns":10},{"damage":0,"enemies":"Spheric Guardian","floor":18,"turns":6},{"damage":1,"enemies":"2 Thieves","floor":19,"turns":4},{"damage":0,"enemies":"Centurion and Healer","floor":20,"turns":10},{"damage":0,"enemies":"Cultist and Chosen","floor":21,"turns":8},{"damage":6,"enemies":"Shelled Parasite and Fungi","floor":22,"turns":7},{"damage":0,"enemies":"Gremlin Leader","floor":24,"turns":7},{"damage":2,"enemies":"Book of Stabbing","floor":27,"turns":4},{"damage":0,"enemies":"Chosen and Byrds","floor":31,"turns":4},{"damage":8,"enemies":"Champ","floor":33,"turns":5},{"damage":20,"enemies":"3 Shapes","floor":35,"turns":3},{"damage":2,"enemies":"Orb Walker","floor":36,"turns":3},{"damage":0,"enemies":"3 Darklings","floor":38,"turns":5},{"damage":0,"enemies":"Jaw Worm Horde","floor":39,"turns":3},{"damage":16,"enemies":"Reptomancer","floor":41,"turns":4},{"damage":0,"enemies":"Nemesis","floor":45,"turns":5},{"damage":0,"enemies":"Transient","floor":46,"turns":5},{"damage":0,"enemies":"Reptomancer","floor":47,"turns":2},{"damage":0,"enemies":"Sphere and 2 Shapes","floor":48,"turns":2},{"damage":0,"enemies":"Time Eater","floor":50,"turns":10},{"damage":1,"enemies":"Shield and Spear","floor":54,"turns":3},{"damage":57,"enemies":"The Heart","floor":55,"turns":7}],"seed_played":"6490203251847225324","potions_obtained":[{"floor":5,"key":"Explosive Potion"},{"floor":8,"key":"Fire Potion"},{"floor":10,"key":"Swift Potion"},{"floor":16,"key":"Swift Potion"},{"floor":19,"key":"EssenceOfSteel"},{"floor":27,"key":"Strength Potion"},{"floor":36,"key":"SkillPotion"},{"floor":38,"key":"EntropicBrew"},{"floor":41,"key":"FocusPotion"},{"floor":46,"key":"Poison Potion"},{"floor":47,"key":"GamblersBrew"}],"is_trial":false,"path_per_floor":["M","?","?","M","M","E","R","M","T","E","M","?","$","M","R","B",null,"M","M","M","M","M","R","E","R","T","E","$","?","?","M","R","B",null,"M","M","$","M","M","R","E","R","T","?","E","M","E","M","R","B",null,"R","$","E","B",null],"character_chosen":"DEFECT","items_purchased":["Defragment+1","Defragment+1","Strange Spoon","Lantern"],"campfire_rested":3,"item_purchase_floors":[13,28,28,37],"current_hp_per_floor":[64,46,46,46,46,6,28,28,28,28,28,21,21,21,43,9,59,59,58,58,58,52,52,52,52,52,50,50,50,34,34,34,51,69,49,47,47,47,47,47,31,53,53,44,44,44,44,44,44,69,74,74,74,73,18],"gold":152,"neow_bonus":"ONE_RARE_RELIC","is_prod":false,"is_daily":false,"chose_seed":false,"campfire_upgraded":5,"win_rate":0,"timestamp":1563511007,"path_taken":["M","?","?","M","M","E","R","M","T","E","?","?","$","M","R","BOSS","M","M","M","M","M","R","E","R","T","E","$","?","?","M","R","BOSS","M","M","$","M","M","R","E","R","T","?","E","M","E","M","R","BOSS","R","$","E","BOSS"],"build_version":"2019-07-17","purchased_purges":4,"victory":true,"max_hp_per_floor":[75,75,75,75,75,75,75,75,75,75,75,75,75,75,75,75,75,75,75,75,75,75,75,75,75,75,75,75,75,75,75,75,75,75,75,75,75,75,75,75,75,75,75,75,75,75,75,75,75,75,75,75,75,75,75],"card_choices":[{"not_picked":["Go for the Eyes","Cold Snap"],"picked":"Loop","floor":1},{"not_picked":["Doom and Gloom","Streamline","Barrage"],"picked":"SKIP","floor":4},{"not_picked":["Blizzard","Rainbow"],"picked":"Undo","floor":5},{"not_picked":["Storm","Double Energy"],"picked":"Defragment","floor":6},{"not_picked":["Recycle","Ball Lightning"],"picked":"White Noise","floor":8},{"not_picked":["Reinforced Body","Cold Snap"],"picked":"Core Surge","floor":10},{"not_picked":["Skim","Rebound"],"picked":"FTL","floor":11},{"not_picked":["Reinforced Body","Redo"],"picked":"Chill","floor":14},{"not_picked":["Machine Learning+1","Creative AI+1"],"picked":"Biased Cognition+1","floor":16},{"not_picked":["Redo","Conserve Battery","Beam Cell"],"picked":"SKIP","floor":18},{"not_picked":["Leap","Darkness"],"picked":"Cold Snap","floor":19},{"not_picked":["Heatsinks+1","Barrage"],"picked":"Capacitor+1","floor":20},{"not_picked":["Conserve Battery","Redo+1"],"picked":"FTL+1","floor":21},{"not_picked":["Compile Driver","Hologram"],"picked":"Electrodynamics+1","floor":22},{"not_picked":["Compile Driver","Reinforced Body"],"picked":"Storm+1","floor":24},{"not_picked":["Barrage","Undo","Electrodynamics+1"],"picked":"SKIP","floor":27},{"not_picked":["Go for the Eyes","Turbo+1"],"picked":"Coolheaded+1","floor":31},{"not_picked":["Fission","Creative AI+1"],"picked":"Machine Learning+1","floor":33},{"not_picked":["Compile Driver+1","Turbo+1","Streamline+1"],"picked":"SKIP","floor":35},{"not_picked":["Redo","Stack+1"],"picked":"Glacier+1","floor":36},{"not_picked":["Melter","Genetic Algorithm"],"picked":"Heatsinks+1","floor":38},{"not_picked":["Self Repair+1","Stack"],"picked":"Defragment+1","floor":39},{"not_picked":["Creative AI+1","Chill","Recycle+1"],"picked":"SKIP","floor":41},{"not_picked":["Fusion+1","Reprogram+1"],"picked":"Hologram+1","floor":45},{"not_picked":["Turbo+1","Chill+1","Streamline"],"picked":"SKIP","floor":46},{"not_picked":["Consume","Go for the Eyes"],"picked":"Undo+1","floor":47},{"not_picked":["Gash+1","Fusion+1","Go for the Eyes"],"picked":"SKIP","floor":48},{"not_picked":["Tempest","Hello World+1","Seek"],"picked":"SKIP","floor":54}],"player_experience":383393,"relics_obtained":[{"floor":6,"key":"Ice Cream"},{"floor":9,"key":"Frozen Egg 2"},{"floor":10,"key":"Boot"},{"floor":24,"key":"Pantograph"},{"floor":26,"key":"PreservedInsect"},{"floor":27,"key":"Orichalcum"},{"floor":30,"key":"Enchiridion"},{"floor":41,"key":"Cables"},{"floor":45,"key":"Happy Flower"},{"floor":47,"key":"Bottled Flame"},{"floor":54,"key":"Blood Vial"}],"event_choices":[{"damage_healed":0,"gold_gain":0,"player_choice":"Take Damage","damage_taken":18,"relics_obtained":["Golden Idol"],"max_hp_gain":0,"max_hp_loss":0,"event_name":"Golden Idol","floor":2,"gold_loss":0},{"damage_healed":0,"gold_gain":0,"cards_transformed":["Strike_B"],"player_choice":"Change","damage_taken":0,"max_hp_gain":0,"max_hp_loss":0,"event_name":"Living Wall","floor":3,"gold_loss":0,"cards_obtained":["Core Surge"]},{"damage_healed":0,"gold_gain":0,"player_choice":"Success","damage_taken":7,"relics_obtained":["Unceasing Top"],"max_hp_gain":0,"max_hp_loss":0,"event_name":"Scrap Ooze","floor":12,"gold_loss":0},{"damage_healed":0,"gold_gain":0,"player_choice":"Opened","damage_taken":0,"relics_obtained":["Bag of Preparation"],"max_hp_gain":0,"max_hp_loss":0,"event_name":"The Mausoleum","floor":29,"gold_loss":0,"cards_obtained":["Writhe"]},{"damage_healed":0,"gold_gain":0,"player_choice":"Obtained Book","damage_taken":16,"max_hp_gain":0,"max_hp_loss":0,"event_name":"Cursed Tome","floor":30,"gold_loss":0},{"damage_healed":0,"gold_gain":0,"player_choice":"Embrace Madness","damage_taken":9,"max_hp_gain":0,"max_hp_loss":0,"event_name":"Winding Halls","floor":44,"gold_loss":0,"cards_obtained":["Madness","Madness"]}],"is_beta":false,"boss_relics":[{"not_picked":["Philosopher\u0027s Stone","Orrery"],"picked":"FrozenCore"},{"not_picked":["Fusion Hammer","Runic Pyramid"],"picked":"Pandora\u0027s Box"}],"items_purged_floors":[13,28,37,53],"is_endless":false,"potions_floor_spawned":[5,8,10,16,19,20,27,31,36,38,41,46,47,48],"ascension_level":10}