{"gold_per_floor":[109,125,125,49,49,49,49,49,49,68,106,156,194,217,217,308,308,282,282,282,293,137,137,202,202,228,278,188,188,103,0,0,77,77,87,107,107,107,122,122,139,139,185,51,51,51,51,65,65,65,65],"floor_reached":52,"playtime":4021,"items_purged":["Strike_B","Strike_B","Defend_B"],"score":1819,"play_id":"aa818f68-02bb-4816-9ac7-7544b9a97920","local_time":"20181127080007","is_ascension_mode":true,"campfire_choices":[{"data":"Defragment","floor":6,"key":"SMITH"},{"data":"Zap","floor":8,"key":"SMITH"},{"floor":15,"key":"REST"},{"floor":23,"key":"REST"},{"data":"Defragment","floor":25,"key":"SMITH"},{"data":"Defragment","floor":29,"key":"SMITH"},{"floor":32,"key":"REST"},{"data":"Coolheaded","floor":40,"key":"SMITH"},{"data":"Redo","floor":42,"key":"SMITH"},{"data":"Hologram","floor":45,"key":"SMITH"},{"floor":49,"key":"RECALL"}],"neow_cost":"NONE","seed_source_timestamp":654196312620975,"circlet_count":0,"master_deck":["AscendersBane","Defend_B+1","Defend_B+1","Defend_B+1","Zap+1","Dualcast+1","Hologram+1","Darkness+1","Defragment+1","Leap+1","Conserve Battery+1","Hologram+1","Coolheaded+1","Multi-Cast+1","Redo+1","Conserve Battery+1","Defragment+1","Defragment+1","Conserve Battery+1","Defragment+1","Glacier+1","Parasite"],"relics":["Cracked Core","Juzu Bracelet","Prayer Wheel","Bloody Idol","Vajra","Art of War","Ancient Tea Set","Runic Pyramid","DataDisk","Tiny Chest","Smiling Mask","Strawberry","Inserter","Blood Vial","Mark of the Bloom"],"potions_floor_usage":[11,13,16,39,51,51],"damage_taken":[{"damage":4,"enemies":"Small Slimes","floor":1,"turns":3},{"damage":0,"enemies":"Cultist","floor":2,"turns":3},{"damage":7,"enemies":"Jaw Worm","floor":10,"turns":3},{"damage":25,"enemies":"Gremlin Nob","floor":11,"turns":4},{"damage":2,"enemies":"Lagavulin","floor":13,"turns":5},{"damage":4,"enemies":"Looter","floor":14,"turns":3},{"damage":35,"enemies":"The Guardian","floor":16,"turns":14},{"damage":16,"enemies":"2 Thieves","floor":18,"turns":4},{"damage":18,"enemies":"Shell Parasite","floor":21,"turns":3},{"damage":16,"enemies":"Book of Stabbing","floor":24,"turns":6},{"damage":19,"enemies":"Champ","floor":33,"turns":7},{"damage":10,"enemies":"3 Shapes","floor":35,"turns":6},{"damage":1,"enemies":"Orb Walker","floor":36,"turns":5},{"damage":7,"enemies":"Maw","floor":39,"turns":5},{"damage":0,"enemies":"Sphere and 2 Shapes","floor":41,"turns":7},{"damage":0,"enemies":"Writhing Mass","floor":48,"turns":4},{"damage":0,"enemies":"Donu and Deca","floor":50,"turns":7},{"damage":5,"enemies":"Awakened One","floor":51,"turns":13}],"seed_played":"-5894897339730631778","potions_obtained":[{"floor":10,"key":"Regen Potion"},{"floor":11,"key":"EssenceOfSteel"},{"floor":14,"key":"Regen Potion"},{"floor":24,"key":"SteroidPotion"},{"floor":33,"key":"Block Potion"},{"floor":35,"key":"Block Potion"},{"floor":41,"key":"Dexterity Potion"}],"is_trial":false,"path_per_floor":["M","M","?","$","?","R","?","R","T","M","E","?","E","M","R","B",null,"M","T","?","M","$","R","E","R","T","?","$","R","?","?","R","B",null,"M","M","?","?","M","R","M","R","T","$","R","?","?","M","R","B","B",null],"character_chosen":"DEFECT","items_purchased":["Defragment","Defragment","Defragment","Glacier"],"campfire_rested":3,"item_purchase_floors":[4,22,28,44],"current_hp_per_floor":[60,60,53,53,35,35,35,35,35,28,15,15,13,9,28,8,50,34,34,34,21,21,40,34,34,39,38,38,38,45,45,66,52,66,61,65,65,65,63,63,68,68,71,71,71,71,71,71,71,71,66],"gold":65,"neow_bonus":"RANDOM_COMMON_RELIC","is_prod":false,"is_daily":false,"chose_seed":false,"campfire_upgraded":7,"win_rate":0,"timestamp":1543273207,"path_taken":["M","M","?","$","?","R","?","R","T","M","E","?","E","M","R","BOSS","M","?","?","M","$","R","E","R","T","?","$","R","?","?","R","BOSS","M","M","?","?","M","R","M","R","T","$","R","?","?","M","R","BOSS","BOSS"],"build_version":"2018-11-15","purchased_purges":3,"victory":true,"max_hp_per_floor":[71,71,71,71,71,71,64,64,64,64,64,64,64,64,64,64,64,64,64,64,64,64,64,64,64,64,64,64,64,71,71,71,71,71,71,71,71,71,71,71,71,71,71,71,71,71,71,71,71,71,71],"card_choices":[{"not_picked":["Rebound","Chaos"],"picked":"Hologram","floor":1},{"not_picked":["Aggregate","Stack"],"picked":"Darkness","floor":2},{"not_picked":["Steam Power","Barrage"],"picked":"Leap","floor":10},{"not_picked":["Buffer","Loop"],"picked":"Conserve Battery","floor":10},{"not_picked":["Force Field","Beam Cell","Self Repair"],"picked":"SKIP","floor":11},{"not_picked":["Go for the Eyes","Streamline"],"picked":"Hologram","floor":13},{"not_picked":["Sunder","Go for the Eyes"],"picked":"Coolheaded","floor":14},{"not_picked":["BootSequence","Steam","Double Energy"],"picked":"SKIP","floor":14},{"not_picked":["Meteor Strike","Hyperbeam"],"picked":"Multi-Cast","floor":16},{"not_picked":["Barrage+1","Ball Lightning"],"picked":"Redo","floor":18},{"not_picked":["Chaos","Ball Lightning"],"picked":"Conserve Battery","floor":18},{"not_picked":["Tempest","Ball Lightning","Hologram"],"picked":"SKIP","floor":21},{"not_picked":["Go for the Eyes","Skim","Coolheaded"],"picked":"SKIP","floor":21},{"not_picked":["Streamline","Genetic Algorithm","Stack"],"picked":"SKIP","floor":24},{"not_picked":["Ball Lightning","Static Discharge","Rebound+1"],"picked":"SKIP","floor":35},{"not_picked":["Go for the Eyes","Beam Cell+1","Undo"],"picked":"SKIP","floor":35},{"not_picked":["Blizzard","Go for the Eyes","Cold Snap"],"picked":"SKIP","floor":36},{"not_picked":["Rebound+1","Redo","Reprogram"],"picked":"SKIP","floor":36},{"not_picked":["FTL+1","Compile Driver"],"picked":"Conserve Battery+1","floor":39},{"not_picked":["Cold Snap","Steam+1","Skim"],"picked":"SKIP","floor":39},{"not_picked":["Compile Driver","Steam"],"picked":"Defragment+1","floor":41},{"not_picked":["Hyperbeam","Stack","Compile Driver+1"],"picked":"SKIP","floor":41},{"not_picked":["Coolheaded","Rip and Tear+1","Turbo+1"],"picked":"SKIP","floor":48},{"not_picked":["Doom and Gloom","Rainbow","Stack"],"picked":"SKIP","floor":48}],"player_experience":457191,"relics_obtained":[{"floor":9,"key":"Vajra"},{"floor":11,"key":"Art of War"},{"floor":13,"key":"Ancient Tea Set"},{"floor":19,"key":"DataDisk"},{"floor":24,"key":"Tiny Chest"},{"floor":26,"key":"Smiling Mask"},{"floor":43,"key":"Blood Vial"}],"event_choices":[{"cards_removed":["Strike_B"],"damage_healed":0,"gold_gain":0,"player_choice":"Card Removal","damage_taken":7,"max_hp_gain":0,"max_hp_loss":0,"event_name":"Golden Wing","floor":3,"gold_loss":0},{"damage_healed":0,"gold_gain":0,"player_choice":"Success","damage_taken":18,"relics_obtained":["Prayer Wheel"],"max_hp_gain":0,"max_hp_loss":0,"event_name":"Scrap Ooze","floor":5,"gold_loss":0},{"damage_healed":0,"gold_gain":0,"player_choice":"Lose Max HP","damage_taken":0,"relics_obtained":["Golden Idol"],"max_hp_gain":0,"max_hp_loss":7,"event_name":"Golden Idol","floor":7,"gold_loss":0},{"damage_healed":0,"gold_gain":50,"player_choice":"Pray","damage_taken":0,"max_hp_gain":0,"max_hp_loss":0,"event_name":"Golden Shrine","floor":12,"gold_loss":0},{"damage_healed":0,"gold_gain":0,"player_choice":"Gave Idol","damage_taken":0,"relics_obtained":["Bloody Idol"],"max_hp_gain":0,"max_hp_loss":0,"event_name":"Forgotten Altar","floor":20,"relics_lost":["Golden Idol"],"gold_loss":0},{"damage_healed":0,"gold_gain":50,"player_choice":"Touch","damage_taken":6,"max_hp_gain":0,"max_hp_loss":0,"event_name":"FaceTrader","floor":27,"gold_loss":0},{"damage_healed":0,"gold_gain":0,"player_choice":"Obtained Relic","damage_taken":0,"relics_obtained":["Strawberry"],"max_hp_gain":0,"max_hp_loss":0,"event_name":"Addict","floor":30,"gold_loss":85},{"damage_healed":0,"gold_gain":0,"player_choice":"Paid Fearfully","damage_taken":0,"max_hp_gain":0,"max_hp_loss":0,"event_name":"Masked Bandits","floor":31,"gold_loss":103},{"cards_removed":["Strike_B"],"damage_healed":0,"gold_gain":0,"player_choice":"Removed Attack","damage_taken":0,"max_hp_gain":0,"max_hp_loss":0,"event_name":"Falling","floor":37,"gold_loss":0},{"damage_healed":0,"gold_gain":0,"player_choice":"Ignored","damage_taken":0,"max_hp_gain":0,"max_hp_loss":0,"event_name":"Tomb of Lord Red Mask","floor":38,"gold_loss":0},{"damage_healed":0,"gold_gain":0,"player_choice":"Upgraded","damage_taken":0,"max_hp_gain":0,"max_hp_loss":0,"event_name":"Upgrade Shrine","floor":46,"gold_loss":0,"cards_upgraded":["Hologram"]},{"damage_healed":0,"gold_gain":0,"player_choice":"Upgrade","damage_taken":0,"relics_obtained":["Mark of the Bloom"],"max_hp_gain":0,"max_hp_loss":0,"event_name":"MindBloom","floor":47,"gold_loss":0,"cards_upgraded":["Defend_B","Defend_B","Defend_B","Dualcast","Darkness","Leap","Conserve Battery","Multi-Cast","Conserve Battery","Glacier"]}],"is_beta":false,"boss_relics":[{"not_picked":["Nuclear Battery","Snecko Eye"],"picked":"Runic Pyramid"},{"not_picked":["White Beast Statue","Astrolabe"],"picked":"Inserter"}],"items_purged_floors":[22,28,44],"is_endless":false,"potions_floor_spawned":[10,11,14,24,33,35,41],"ascension_level":20}