{"gold_per_floor":[119,129,146,163,163,188,188,188,188,221,233,252,263,263,263,360,360,372,423,443,458,557,557],"floor_reached":23,"playtime":2461,"items_purged":[],"score":205,"play_id":"addeec18-0d69-4597-a4e9-f67dd3181a09","local_time":"20190607015954","is_ascension_mode":false,"campfire_choices":[{"floor":8,"key":"REST"},{"floor":15,"key":"REST"}],"neow_cost":"NONE","seed_source_timestamp":435392111869146,"circlet_count":0,"master_deck":["Strike_B","Strike_B","Defend_B","Defend_B","Defend_B","Zap","Dualcast","Ball Lightning","FTL","Conserve Battery","Steam","Reinforced Body","Capacitor","Barrage","Self Repair","Conserve Battery+1","Undo+1","Fission+1","Darkness+1","Loop+1","Stack+1"],"relics":["Cracked Core","Omamori","Gremlin Horn","Toxic Egg 2","Dodecahedron","Fusion Hammer","Regal Pillow"],"potions_floor_usage":[23],"damage_taken":[{"damage":0,"enemies":"2 Louse","floor":1,"turns":2},{"damage":1,"enemies":"Jaw Worm","floor":2,"turns":3},{"damage":1,"enemies":"Cultist","floor":3,"turns":3},{"damage":14,"enemies":"3 Louse","floor":4,"turns":3},{"damage":15,"enemies":"3 Sentries","floor":6,"turns":6},{"damage":20,"enemies":"Gremlin Nob","floor":10,"turns":4},{"damage":0,"enemies":"Red Slaver","floor":11,"turns":4},{"damage":2,"enemies":"Blue Slaver","floor":12,"turns":3},{"damage":13,"enemies":"3 Louse","floor":13,"turns":4},{"damage":20,"enemies":"Slime Boss","floor":16,"turns":11},{"damage":1,"enemies":"Shell Parasite","floor":18,"turns":6},{"damage":2,"enemies":"Spheric Guardian","floor":20,"turns":6},{"damage":14,"enemies":"Centurion and Healer","floor":21,"turns":5},{"damage":69,"enemies":"Gremlin Leader","floor":23,"turns":10}],"seed_played":"263225282759503062","potions_obtained":[{"floor":2,"key":"Energy Potion"},{"floor":10,"key":"Fire Potion"},{"floor":12,"key":"Block Potion"}],"is_trial":false,"path_per_floor":["M","M","M","M","?","E","?","R","T","E","M","M","M","?","R","B",null,"M","T","M","M","?","E"],"character_chosen":"DEFECT","items_purchased":[],"campfire_rested":2,"item_purchase_floors":[],"current_hp_per_floor":[75,74,73,59,59,44,44,66,66,46,46,44,38,38,60,47,75,75,75,75,68,68,0],"gold":557,"neow_bonus":"RANDOM_COMMON_RELIC","is_prod":false,"is_daily":false,"chose_seed":false,"campfire_upgraded":0,"win_rate":0.0,"timestamp":1559897994,"path_taken":["M","M","M","M","?","E","?","R","T","E","M","?","M","?","R","BOSS","M","?","M","M","?","E"],"build_version":"2019-01-23","purchased_purges":0,"victory":false,"max_hp_per_floor":[75,75,75,75,75,75,75,75,75,75,75,75,75,75,75,75,75,75,75,75,75,75,75],"card_choices":[{"not_picked":["Reprogram","Streamline"],"picked":"Ball Lightning","floor":1},{"not_picked":["Ball Lightning","Barrage"],"picked":"FTL","floor":2},{"not_picked":["Steam","Compile Driver"],"picked":"Conserve Battery","floor":3},{"not_picked":["Undo","Hologram"],"picked":"Steam","floor":4},{"not_picked":["Glacier","Compile Driver"],"picked":"Reinforced Body","floor":6},{"not_picked":["Turbo+1","Double Energy+1"],"picked":"Capacitor","floor":10},{"not_picked":["Meteor Strike","Streamline"],"picked":"Barrage","floor":11},{"not_picked":["Coolheaded+1","Force Field+1"],"picked":"Self Repair","floor":12},{"not_picked":["Go for the Eyes","Turbo+1"],"picked":"Conserve Battery+1","floor":13},{"not_picked":["Biased Cognition","Reboot+1"],"picked":"Fission+1","floor":16},{"not_picked":["Streamline","Gash+1"],"picked":"Darkness+1","floor":18},{"not_picked":["Cold Snap","Heatsinks"],"picked":"Loop+1","floor":20},{"not_picked":["Beam Cell","Sweeping Beam"],"picked":"Stack+1","floor":21}],"player_experience":54418,"relics_obtained":[{"floor":6,"key":"Gremlin Horn"},{"floor":9,"key":"Toxic Egg 2"},{"floor":10,"key":"Dodecahedron"},{"floor":19,"key":"Regal Pillow"}],"event_choices":[{"cards_removed":["Strike_B"],"damage_healed":0,"gold_gain":0,"player_choice":"Forget","damage_taken":0,"max_hp_gain":0,"max_hp_loss":0,"event_name":"Living Wall","floor":5,"gold_loss":0},{"cards_removed":["Strike_B"],"damage_healed":0,"gold_gain":0,"player_choice":"Purged","damage_taken":0,"max_hp_gain":0,"max_hp_loss":0,"event_name":"Purifier","floor":7,"gold_loss":0},{"damage_healed":0,"gold_gain":0,"cards_transformed":["Defend_B"],"player_choice":"Transformed","damage_taken":0,"max_hp_gain":0,"max_hp_loss":0,"event_name":"Transmorgrifier","floor":14,"gold_loss":0,"cards_obtained":["Undo"]},{"damage_healed":0,"gold_gain":99,"player_choice":"Stole From Cult","damage_taken":0,"max_hp_gain":0,"max_hp_loss":0,"event_name":"Nest","floor":22,"gold_loss":0}],"is_beta":false,"boss_relics":[{"not_picked":["Eternal Feather","Ectoplasm"],"picked":"Fusion Hammer"}],"items_purged_floors":[],"is_endless":false,"potions_floor_spawned":[2,10,12,21],"killed_by":"Gremlin Leader","ascension_level":0}