{"gold_per_floor":[118,118,118,136,136,149,162,162,162,196,196,209,224,240,240,337,337,356,271,282,25,25,25,50,50,50,50,66,76,86,86],"floor_reached":31,"playtime":1172,"items_purged":[],"score":414,"play_id":"c3fdd2e6-2100-4e2d-9b73-d231f4e80910","local_time":"20190718225449","is_ascension_mode":true,"campfire_choices":[{"data":"Zap","floor":8.0,"key":"SMITH"},{"floor":11.0,"key":"REST"},{"floor":15.0,"key":"REST"},{"floor":23,"key":"REST"},{"floor":27,"key":"REST"}],"neow_cost":"NONE","seed_source_timestamp":0,"circlet_count":0,"master_deck":["AscendersBane","Strike_B+1","Strike_B+1","Strike_B+1","Strike_B+1","Defend_B+1","Defend_B+1","Defend_B+1","Defend_B+1","Zap+1","Dualcast","Gash","Reinforced Body+1","Redo+1","Auto Shields+1","White Noise+1","Redo+1","Chill+1","Electrodynamics","Redo+1","Cold Snap","Chill+1","Cold Snap"],"special_seed":0,"relics":["Cracked Core","NeowsBlessing","Toxic Egg 2","GremlinMask","Matryoshka","Singing Bowl","Inserter","Orichalcum","Tiny Chest","Bronze Scales","MutagenicStrength","Pen Nib","Centennial Puzzle","The Courier"],"potions_floor_usage":[24,31],"damage_taken":[{"damage":0.0,"enemies":"Small Slimes","floor":1.0,"turns":1.0},{"damage":0.0,"enemies":"Cultist","floor":4.0,"turns":1.0},{"damage":0.0,"enemies":"2 Louse","floor":6.0,"turns":1.0},{"damage":8.0,"enemies":"Exordium Wildlife","floor":7.0,"turns":3.0},{"damage":28.0,"enemies":"Gremlin Nob","floor":10.0,"turns":4.0},{"damage":15.0,"enemies":"Large Slime","floor":12.0,"turns":6.0},{"damage":0.0,"enemies":"Exordium Thugs","floor":13.0,"turns":5.0},{"damage":6.0,"enemies":"Looter","floor":14.0,"turns":3.0},{"damage":38.0,"enemies":"The Guardian","floor":16.0,"turns":14.0},{"damage":25.0,"enemies":"Shell Parasite","floor":18.0,"turns":9.0},{"damage":18,"enemies":"3 Byrds","floor":20,"turns":4},{"damage":58,"enemies":"Book of Stabbing","floor":24,"turns":7},{"damage":1,"enemies":"Centurion and Healer","floor":28,"turns":9},{"damage":8,"enemies":"Snake Plant","floor":29,"turns":5},{"damage":13,"enemies":"3 Cultists","floor":30,"turns":5},{"damage":7,"enemies":"Shelled Parasite and Fungi","floor":31,"turns":2}],"seed_played":"-844305285601592192","potions_obtained":[{"floor":4.0,"key":"Dexterity Potion"},{"floor":6.0,"key":"Ancient Potion"},{"floor":7.0,"key":"PowerPotion"},{"floor":13.0,"key":"Regen Potion"},{"floor":28,"key":"AttackPotion"},{"floor":30,"key":"EssenceOfSteel"}],"is_trial":false,"path_per_floor":["M","?","?","M","$","M","M","R","T","E","R","M","M","M","R","B",null,"M","?","M","$","?","R","E","?","T","R","M","M","M","M"],"character_chosen":"DEFECT","items_purchased":["Tiny Chest","Bronze Scales"],"campfire_rested":4,"item_purchase_floors":[21,21],"current_hp_per_floor":[68,65,65,65,65,65,57,57,57,29,51,38,38,32,55,17,62,37,37,21,21,21,44,3,3,3,27,26,18,5,0],"gold":86,"neow_bonus":"THREE_ENEMY_KILL","is_prod":false,"is_daily":false,"chose_seed":false,"campfire_upgraded":1,"win_rate":0,"timestamp":1563483289,"path_taken":["M","?","?","M","$","?","?","R","T","E","R","M","M","M","R","BOSS","M","?","M","$","?","R","E","?","T","R","?","M","M","M"],"build_version":"2019-07-17","purchased_purges":0,"victory":false,"max_hp_per_floor":[75,75,75,75,75,75,75,75,75,75,75,77,77,77,77,77,77,77,77,79,79,79,79,81,81,81,81,81,81,81,81],"card_choices":[{"not_picked":["Leap","Sweeping Beam"],"picked":"Gash","floor":1.0},{"not_picked":["Gash","BootSequence+1"],"picked":"Reinforced Body+1","floor":4.0},{"not_picked":["Cold Snap","Loop"],"picked":"Redo+1","floor":6.0},{"not_picked":["Aggregate+1","Rebound"],"picked":"Auto Shields+1","floor":7.0},{"not_picked":["Reboot+1","Sweeping Beam"],"picked":"White Noise+1","floor":10.0},{"not_picked":["BootSequence+1","Rebound","Turbo+1"],"picked":"Singing Bowl","floor":12.0},{"not_picked":["Go for the Eyes","Gash"],"picked":"Redo+1","floor":13.0},{"not_picked":["Gash","Fusion+1"],"picked":"Chill+1","floor":14.0},{"not_picked":["Rainbow+1","Meteor Strike"],"picked":"Electrodynamics","floor":16.0},{"not_picked":["Hologram+1","Conserve Battery+1"],"picked":"Redo+1","floor":18.0},{"not_picked":["Go for the Eyes+1","Rebound","Rainbow+1"],"picked":"Singing Bowl","floor":20},{"not_picked":["Loop","Conserve Battery+1","Streamline"],"picked":"Singing Bowl","floor":24},{"not_picked":["Beam Cell","Streamline"],"picked":"Cold Snap","floor":28},{"not_picked":["Rebound","Skim+1"],"picked":"Chill+1","floor":29},{"not_picked":["Genetic Algorithm+1","Gash"],"picked":"Cold Snap","floor":30}],"player_experience":344952,"relics_obtained":[{"floor":9.0,"key":"Matryoshka"},{"floor":10.0,"key":"Singing Bowl"},{"floor":24,"key":"Pen Nib"},{"floor":26,"key":"Centennial Puzzle"},{"floor":26,"key":"The Courier"}],"event_choices":[{"damage_healed":0.0,"max_hp_gain":0.0,"max_hp_loss":0.0,"gold_gain":0.0,"event_name":"Scrap Ooze","player_choice":"Success","floor":2.0,"gold_loss":0.0,"damage_taken":3.0,"relics_obtained":["Toxic Egg 2"]},{"damage_healed":0.0,"max_hp_gain":0.0,"max_hp_loss":0.0,"gold_gain":0.0,"event_name":"FaceTrader","player_choice":"Trade","floor":3.0,"gold_loss":0.0,"damage_taken":0.0,"relics_obtained":["GremlinMask"]},{"damage_healed":0.0,"max_hp_gain":0.0,"max_hp_loss":0.0,"gold_gain":0.0,"event_name":"Addict","player_choice":"Obtained Relic","floor":19.0,"gold_loss":85.0,"damage_taken":0.0,"relics_obtained":["Orichalcum"]},{"damage_healed":0,"gold_gain":0,"player_choice":"Inject Mutagens","damage_taken":0,"relics_obtained":["MutagenicStrength"],"max_hp_gain":0,"max_hp_loss":0,"event_name":"Drug Dealer","floor":22,"gold_loss":0},{"damage_healed":0,"gold_gain":0,"player_choice":"Simplicity","damage_taken":0,"max_hp_gain":0,"max_hp_loss":0,"event_name":"Back to Basics","floor":25,"gold_loss":0,"cards_upgraded":["Strike_B","Strike_B","Strike_B","Strike_B","Defend_B","Defend_B","Defend_B","Defend_B"]}],"is_beta":false,"boss_relics":[{"not_picked":["Pandora\u0027s Box","Runic Dome"],"picked":"Inserter"}],"items_purged_floors":[],"is_endless":false,"potions_floor_spawned":[4,6,7,13,16,18,20,28,30],"killed_by":"Shelled Parasite and Fungi","ascension_level":12}