{"gold_per_floor":[110,110,124,140,154,154,65,95,95,105,105],"floor_reached":11,"playtime":755,"items_purged":[],"score":83,"play_id":"9203023a-5397-49e7-8fda-ee0ef181f3f5","local_time":"20190712174539","is_ascension_mode":true,"campfire_choices":[{"floor":6.0,"key":"RECALL"}],"neow_cost":"NONE","seed_source_timestamp":0,"circlet_count":0,"master_deck":["Strike_B+1","Strike_B","Strike_B","Strike_B","Defend_B","Defend_B","Defend_B","Defend_B","Zap+1","Dualcast","Gash","Loop","Gash","Rip and Tear","Defragment","Gash","Genetic Algorithm","Barrage"],"special_seed":0,"relics":["Philosopher\u0027s Stone","Ancient Tea Set"],"potions_floor_usage":[8,8],"damage_taken":[{"damage":3.0,"enemies":"2 Louse","floor":1.0,"turns":3.0},{"damage":6.0,"enemies":"Jaw Worm","floor":3.0,"turns":3.0},{"damage":2.0,"enemies":"Cultist","floor":4.0,"turns":3.0},{"damage":4.0,"enemies":"Looter","floor":5.0,"turns":3.0},{"damage":23,"enemies":"Lagavulin","floor":8,"turns":4},{"damage":0,"enemies":"2 Fungi Beasts","floor":10,"turns":2},{"damage":31,"enemies":"Gremlin Nob","floor":11,"turns":3}],"seed_played":"-6070591512184775810","potions_obtained":[{"floor":3.0,"key":"AttackPotion"},{"floor":4.0,"key":"FearPotion"},{"floor":8,"key":"GamblersBrew"}],"is_trial":false,"path_per_floor":["M","?","M","M","M","R","$","E","T","M","E"],"character_chosen":"DEFECT","items_purchased":["Defragment","Gash"],"campfire_rested":0,"item_purchase_floors":[7,7],"current_hp_per_floor":[72,57,51,49,45,45,45,22,22,22,0],"gold":105,"neow_bonus":"BOSS_RELIC","is_prod":false,"is_daily":false,"chose_seed":false,"campfire_upgraded":0,"win_rate":0,"timestamp":1562978739,"path_taken":["M","?","M","M","M","R","$","E","T","M","E"],"build_version":"2019-07-05","purchased_purges":0,"victory":false,"max_hp_per_floor":[75,75,75,75,75,75,75,75,75,75,75],"card_choices":[{"not_picked":["Beam Cell","Recycle"],"picked":"Gash","floor":1.0},{"not_picked":["FTL","Rebound"],"picked":"Loop","floor":3.0},{"not_picked":["Stack","Double Energy"],"picked":"Gash","floor":4.0},{"not_picked":["Go for the Eyes","Aggregate"],"picked":"Rip and Tear","floor":5.0},{"not_picked":["Stack","Leap"],"picked":"Genetic Algorithm","floor":8},{"not_picked":["Fusion","Aggregate"],"picked":"Barrage","floor":10}],"player_experience":165951,"relics_obtained":[{"floor":8,"key":"Ancient Tea Set"}],"event_choices":[{"damage_healed":0.0,"max_hp_gain":0.0,"max_hp_loss":0.0,"gold_gain":0.0,"event_name":"Shining Light","player_choice":"Entered Light","floor":2.0,"gold_loss":0.0,"damage_taken":15.0,"cards_upgraded":["Zap","Strike_B"]}],"is_beta":false,"boss_relics":[],"items_purged_floors":[],"is_endless":false,"potions_floor_spawned":[3,4,8],"killed_by":"Gremlin Nob","ascension_level":2}