{"gold_per_floor":[11,25,25,45,45,45,62,89,89,89,119,137,137,156,156,251,251,262,262,280,37,37,37,37,54,127,49,148,148,159,159,159,259,259,269,369,197,197,197,197],"floor_reached":40,"playtime":1599,"items_purged":["Strike_B","Strike_B"],"score":495,"play_id":"f61663cd-366c-4b58-938b-08e9df78df55","local_time":"20190701082918","is_ascension_mode":true,"campfire_choices":[{"data":"Zap","floor":6.0,"key":"SMITH"},{"floor":13.0,"key":"REST"},{"floor":15.0,"key":"REST"},{"data":"Glacier","floor":23,"key":"SMITH"},{"floor":29,"key":"REST"},{"floor":32,"key":"REST"}],"neow_cost":"NO_GOLD","seed_source_timestamp":383777271805900,"circlet_count":0,"master_deck":["Strike_B+1","Defend_B","Defend_B","Defend_B+1","Zap+1","Dualcast","All For One","Gash","Cold Snap","Conserve Battery","Cold Snap","Electrodynamics","Coolheaded","Glacier+1","Defragment","Capacitor","Chrysalis"],"special_seed":0,"relics":["Cracked Core","Orichalcum","Lantern","Singing Bowl","Letter Opener","Empty Cage","Membership Card","MutagenicStrength","Shuriken","Sozu","Torii","Mummified Hand"],"potions_floor_usage":[18,33,33],"damage_taken":[{"damage":0.0,"enemies":"Cultist","floor":1.0,"turns":4.0},{"damage":10.0,"enemies":"2 Louse","floor":2.0,"turns":3.0},{"damage":0.0,"enemies":"Jaw Worm","floor":4.0,"turns":3.0},{"damage":0.0,"enemies":"2 Fungi Beasts","floor":7.0,"turns":2.0},{"damage":13.0,"enemies":"Gremlin Nob","floor":8.0,"turns":4.0},{"damage":8.0,"enemies":"Lagavulin","floor":11.0,"turns":5.0},{"damage":0.0,"enemies":"Looter","floor":12.0,"turns":3.0},{"damage":5.0,"enemies":"3 Louse","floor":14.0,"turns":2.0},{"damage":34.0,"enemies":"The Guardian","floor":16.0,"turns":12.0},{"damage":17,"enemies":"2 Thieves","floor":18,"turns":4},{"damage":5,"enemies":"3 Byrds","floor":20,"turns":3},{"damage":8,"enemies":"Centurion and Healer","floor":25,"turns":7},{"damage":2,"enemies":"Cultist and Chosen","floor":30,"turns":5},{"damage":56,"enemies":"Collector","floor":33,"turns":14},{"damage":1,"enemies":"Orb Walker","floor":35,"turns":4},{"damage":0,"enemies":"Mind Bloom Boss Battle","floor":36,"turns":10},{"damage":94,"enemies":"Reptomancer","floor":40,"turns":8}],"seed_played":"-5920514328273966307","potions_obtained":[{"floor":7.0,"key":"EntropicBrew"},{"floor":8.0,"key":"FocusPotion"},{"floor":12.0,"key":"Energy Potion"},{"floor":16.0,"key":"SteroidPotion"},{"floor":18,"key":"FearPotion"},{"floor":25,"key":"GamblersBrew"},{"floor":33,"key":"Strength Potion"}],"is_trial":false,"path_per_floor":["M","M","?","M","$","R","M","E","T","?","E","M","R","M","R","B",null,"M","?","M","$","?","R","?","M","T","$","?","R","M","?","R","B",null,"M","?","$","?","?","E"],"character_chosen":"DEFECT","items_purchased":["Membership Card","Glacier","Defragment","Mummified Hand"],"campfire_rested":4,"item_purchase_floors":[21,21,27,37],"current_hp_per_floor":[75,65,50,50,50,50,50,37,37,34,26,28,51,48,71,37,79,62,62,59,59,59,59,44,38,38,38,38,64,62,62,88,34,90,91,93,93,93,93,0],"gold":197,"neow_bonus":"THREE_RARE_CARDS","is_prod":false,"is_daily":false,"chose_seed":false,"campfire_upgraded":2,"win_rate":0,"timestamp":1561962558,"path_taken":["M","?","?","M","$","R","M","E","T","?","E","M","R","M","R","BOSS","M","?","M","$","?","R","?","M","T","?","?","R","M","?","R","BOSS","M","?","$","?","?","E"],"build_version":"2019-01-23","purchased_purges":2,"victory":false,"max_hp_per_floor":[75,75,75,75,75,75,75,75,75,75,75,77,77,79,79,79,79,79,79,81,81,81,81,86,88,88,88,88,88,88,88,88,90,90,92,94,94,94,94,94],"card_choices":[{"not_picked":["Machine Learning","Meteor Strike"],"picked":"All For One","floor":0.0},{"not_picked":["Barrage","Steam"],"picked":"Gash","floor":1.0},{"not_picked":["Heatsinks","Streamline","Ball Lightning"],"picked":"SKIP","floor":2.0},{"not_picked":["Hello World","Barrage"],"picked":"Cold Snap","floor":4.0},{"not_picked":["Rainbow","Rebound"],"picked":"Conserve Battery","floor":7.0},{"not_picked":["Hologram","Rip and Tear","Skim"],"picked":"SKIP","floor":8.0},{"not_picked":["Leap","Redo"],"picked":"Cold Snap","floor":11.0},{"not_picked":["Compile Driver","Doom and Gloom","Beam Cell"],"picked":"Singing Bowl","floor":12.0},{"not_picked":["Sweeping Beam","Doom and Gloom","Electrodynamics"],"picked":"Singing Bowl","floor":14.0},{"not_picked":["Meteor Strike","Core Surge"],"picked":"Electrodynamics","floor":16.0},{"not_picked":["Barrage","Static Discharge"],"picked":"Coolheaded","floor":18},{"not_picked":["Leap","Barrage+1","Streamline"],"picked":"Singing Bowl","floor":20},{"not_picked":["Conserve Battery","Leap","Compile Driver"],"picked":"Singing Bowl","floor":25},{"not_picked":["Steam+1","Hyperbeam"],"picked":"Capacitor","floor":30},{"not_picked":["Electrodynamics","Rainbow","Fission"],"picked":"Singing Bowl","floor":33},{"not_picked":["Conserve Battery+1","Rebound+1","Darkness+1"],"picked":"Singing Bowl","floor":35},{"not_picked":["Redo","Aggregate+1","Auto Shields"],"picked":"Singing Bowl","floor":36},{"not_picked":["Mind Blast","Good Instincts"],"picked":"Chrysalis","floor":38}],"player_experience":309989,"relics_obtained":[{"floor":8.0,"key":"Orichalcum"},{"floor":9.0,"key":"Lantern"},{"floor":11.0,"key":"Letter Opener"},{"floor":26,"key":"Shuriken"},{"floor":36,"key":"Torii"}],"event_choices":[{"damage_healed":0.0,"max_hp_gain":0.0,"max_hp_loss":0.0,"gold_gain":0.0,"event_name":"Shining Light","player_choice":"Entered Light","floor":3.0,"gold_loss":0.0,"damage_taken":15.0,"cards_upgraded":["Strike_B","Defend_B"]},{"damage_healed":0.0,"max_hp_gain":0.0,"max_hp_loss":0.0,"gold_gain":0.0,"event_name":"Scrap Ooze","player_choice":"Success","floor":10.0,"gold_loss":0.0,"damage_taken":3.0,"relics_obtained":["Singing Bowl"]},{"damage_healed":0,"gold_gain":0,"player_choice":"Ignored","damage_taken":0,"max_hp_gain":0,"max_hp_loss":0,"event_name":"Vampires","floor":19,"gold_loss":0},{"damage_healed":0,"gold_gain":0,"player_choice":"Inject Mutagens","damage_taken":0,"relics_obtained":["MutagenicStrength"],"max_hp_gain":0,"max_hp_loss":0,"event_name":"Drug Dealer","floor":22,"gold_loss":0},{"damage_healed":0,"gold_gain":0,"player_choice":"Shed Blood","damage_taken":20,"max_hp_gain":5,"max_hp_loss":0,"event_name":"Forgotten Altar","floor":24,"gold_loss":0},{"damage_healed":0,"gold_gain":99,"player_choice":"Stole From Cult","damage_taken":0,"max_hp_gain":0,"max_hp_loss":0,"event_name":"Nest","floor":28,"gold_loss":0},{"damage_healed":0,"gold_gain":0,"player_choice":"Ignored","damage_taken":0,"max_hp_gain":0,"max_hp_loss":0,"event_name":"The Mausoleum","floor":31,"gold_loss":0},{"damage_healed":0,"gold_gain":0,"player_choice":"Fight","damage_taken":0,"max_hp_gain":0,"max_hp_loss":0,"event_name":"MindBloom","floor":36,"gold_loss":0},{"damage_healed":0,"gold_gain":0,"player_choice":"Memory 1","damage_taken":0,"max_hp_gain":0,"max_hp_loss":0,"event_name":"SensoryStone","floor":38,"gold_loss":0},{"damage_healed":0,"gold_gain":0,"player_choice":"Ignored","damage_taken":0,"max_hp_gain":0,"max_hp_loss":0,"event_name":"Mysterious Sphere","floor":39,"gold_loss":0}],"is_beta":false,"boss_relics":[{"not_picked":["Snecko Eye","Orrery"],"picked":"Empty Cage"},{"not_picked":["Black Star","Calling Bell"],"picked":"Sozu"}],"items_purged_floors":[27,37],"is_endless":false,"potions_floor_spawned":[7,8,12,16,18,25,30,33],"killed_by":"Reptomancer","ascension_level":4}