{"gold_per_floor":[116,130,147,147,160,160,194,210,236,252,252],"floor_reached":11,"playtime":568,"items_purged":[],"score":135,"play_id":"3caf5d16-8541-431c-ac6e-a23ff40fb13c","local_time":"20190622200101","is_ascension_mode":true,"campfire_choices":[{"data":"Combust","floor":6,"key":"SMITH"}],"neow_cost":"NONE","seed_source_timestamp":424695733243496,"circlet_count":0,"master_deck":["AscendersBane","Strike_R","Strike_R","Strike_R","Strike_R","Strike_R","Defend_R","Defend_R","Defend_R","Defend_R","Bash","Flame Barrier","Combust+1","Flame Barrier"],"relics":["Burning Blood","Orichalcum","Ancient Tea Set","Pen Nib","Anchor"],"potions_floor_usage":[7],"damage_taken":[{"damage":7,"enemies":"2 Louse","floor":1,"turns":4},{"damage":0,"enemies":"Cultist","floor":2,"turns":3},{"damage":5,"enemies":"Jaw Worm","floor":3,"turns":4},{"damage":22,"enemies":"Lots of Slimes","floor":5,"turns":3},{"damage":31,"enemies":"Lagavulin","floor":7,"turns":5},{"damage":9,"enemies":"3 Louse","floor":8,"turns":4},{"damage":5,"enemies":"Looter","floor":10,"turns":3},{"damage":31,"enemies":"Gremlin Nob","floor":11,"turns":4}],"seed_played":"2781585067831227373","potions_obtained":[{"floor":1,"key":"Regen Potion"},{"floor":3,"key":"SpeedPotion"},{"floor":5,"key":"Poison Potion"},{"floor":10,"key":"Ancient Potion"}],"is_trial":false,"path_per_floor":["M","M","M","?","M","R","E","M","T","M","E"],"character_chosen":"IRONCLAD","items_purchased":[],"campfire_rested":0,"item_purchase_floors":[],"current_hp_per_floor":[67,73,74,74,58,58,33,30,30,31,0],"gold":252,"neow_bonus":"RANDOM_COMMON_RELIC","is_prod":false,"is_daily":false,"chose_seed":false,"campfire_upgraded":1,"win_rate":0,"timestamp":1561201261,"path_taken":["M","M","M","?","M","R","E","?","T","M","E"],"build_version":"2019-01-23","purchased_purges":0,"victory":false,"max_hp_per_floor":[75,75,75,75,75,75,75,75,75,75,75],"card_choices":[{"not_picked":["Infernal Blade","Havoc"],"picked":"Flame Barrier","floor":1},{"not_picked":["Twin Strike","Second Wind"],"picked":"Combust","floor":2},{"not_picked":["Wild Strike","Ghostly Armor"],"picked":"Pommel Strike","floor":3},{"not_picked":["Twin Strike","Cleave","Headbutt"],"picked":"SKIP","floor":5},{"not_picked":["Bloodletting","Metallicize"],"picked":"Flame Barrier","floor":7},{"not_picked":["Wild Strike","Body Slam","Seeing Red"],"picked":"SKIP","floor":8},{"not_picked":["Rampage","Burning Pact","Carnage"],"picked":"SKIP","floor":10}],"player_experience":531441,"relics_obtained":[{"floor":7,"key":"Pen Nib"},{"floor":9,"key":"Anchor"}],"event_choices":[{"cards_removed":["Pommel Strike"],"damage_healed":0,"gold_gain":0,"player_choice":"Gave Card","damage_taken":0,"relics_obtained":["Ancient Tea Set"],"max_hp_gain":0,"max_hp_loss":0,"event_name":"WeMeetAgain","floor":4,"gold_loss":0}],"is_beta":false,"boss_relics":[],"items_purged_floors":[],"is_endless":false,"potions_floor_spawned":[1,3,5,10],"killed_by":"Gremlin Nob","ascension_level":15}