{"gold_per_floor":[159,434,447,447,0,26,26,54,77,90,106,106,56,56,56,160,160,170,170,26,26,45,77,77,41,66,79,98,113,113,144,144,243,243,263,263,263,263,274,300,300,300,300,327,327,327,327,340,340,340],"floor_reached":50,"playtime":6050,"items_purged":["Regret"],"score":671,"play_id":"26dd07e4-4f74-4881-82f0-4e7a61b978fa","local_time":"20190710212928","is_ascension_mode":true,"campfire_choices":[{"data":"Scrape","floor":7,"key":"SMITH"},{"data":"Echo Form","floor":12,"key":"SMITH"},{"data":"Chaos","floor":15,"key":"SMITH"},{"data":"Machine Learning","floor":24,"key":"SMITH"},{"data":"Chill","floor":30,"key":"SMITH"},{"data":"Bite","floor":32,"key":"SMITH"},{"data":"Echo Form","floor":41,"key":"SMITH"},{"floor":45,"key":"REST"},{"data":"Chill","floor":47,"key":"SMITH"},{"floor":49,"key":"REST"}],"neow_cost":"NONE","seed_source_timestamp":975255651020600,"circlet_count":0,"master_deck":["Defend_B+1","Defend_B+1","Zap+1","Dualcast+1","Scrape+1","Turbo+1","Cold Snap+1","Reinforced Body+1","BootSequence+1","Cold Snap+1","Echo Form+1","Chaos+1","Turbo+1","Machine Learning+1","Chill+1","Purity+1","Turbo+1","Bite+1","Bite+1","Bite+1","Bite+1","Bite+1","Beam Cell+1","Go for the Eyes+1","BootSequence+1","Reinforced Body+1","Melter+1","Lockon+1","White Noise+1","Creative AI+1","Coolheaded+1","BootSequence+1","Madness+1","Madness+1","Loop+1","Echo Form+1","Hologram+1","Dramatic Entrance+1","Meteor Strike+1","Chill+1","Turbo+1"],"relics":["Tiny House","Bronze Scales","MealTicket","Oddly Smooth Stone","Gremlin Horn","Pen Nib","Sozu","Blood Vial","Juzu Bracelet","Anchor","Nuclear Battery","Orichalcum","Mark of the Bloom","Molten Egg 2","Ancient Tea Set"],"potions_floor_usage":[6,23,50],"damage_taken":[{"damage":2,"enemies":"2 Louse","floor":1,"turns":3},{"damage":7,"enemies":"Cultist","floor":3,"turns":4},{"damage":9,"enemies":"Lagavulin","floor":6,"turns":6},{"damage":12,"enemies":"Gremlin Nob","floor":8,"turns":5},{"damage":0,"enemies":"Small Slimes","floor":10,"turns":3},{"damage":2,"enemies":"Gremlin Gang","floor":11,"turns":4},{"damage":4,"enemies":"Hexaghost","floor":16,"turns":9},{"damage":18,"enemies":"2 Thieves","floor":18,"turns":4},{"damage":23,"enemies":"3 Byrds","floor":22,"turns":3},{"damage":35,"enemies":"Slavers","floor":23,"turns":5},{"damage":18,"enemies":"Cultist and Chosen","floor":27,"turns":6},{"damage":5,"enemies":"Centurion and Healer","floor":28,"turns":7},{"damage":5,"enemies":"Snake Plant","floor":29,"turns":5},{"damage":8,"enemies":"Gremlin Leader","floor":31,"turns":5},{"damage":2,"enemies":"Collector","floor":33,"turns":9},{"damage":35,"enemies":"3 Darklings","floor":35,"turns":10},{"damage":0,"enemies":"3 Shapes","floor":39,"turns":8},{"damage":1,"enemies":"Reptomancer","floor":40,"turns":10},{"damage":41,"enemies":"Nemesis","floor":44,"turns":7},{"damage":11,"enemies":"Jaw Worm Horde","floor":48,"turns":4},{"damage":12,"enemies":"Awakened One","floor":50,"turns":2}],"seed_played":"-7500515400910892988","potions_obtained":[{"floor":0,"key":"Fire Potion"},{"floor":3,"key":"Regen Potion"},{"floor":8,"key":"Strength Potion"},{"floor":10,"key":"SteroidPotion"}],"is_trial":false,"path_per_floor":["M","?","M","?","$","E","R","E","T","M","M","R","?","$","R","B",null,"M","?","$","?","M","E","R","$","T","M","M","M","R","E","R","B",null,"M","?","?","?","M","E","R","?","T","E","R","?","R","M","R","B"],"character_chosen":"DEFECT","items_purchased":["Bronze Scales","BootSequence","MealTicket","Purity","Turbo","BootSequence"],"campfire_rested":2,"item_purchase_floors":[5,5,5,20,20,25],"current_hp_per_floor":[78,78,71,71,71,62,62,50,50,50,48,48,48,63,63,59,80,62,47,62,59,40,29,29,44,44,40,51,56,56,56,56,59,59,42,42,42,35,44,59,59,59,59,18,18,18,18,7,7,0],"gold":340,"neow_bonus":"BOSS_RELIC","is_prod":false,"is_daily":false,"chose_seed":false,"campfire_upgraded":8,"win_rate":0,"timestamp":1562786968,"path_taken":["M","?","?","?","$","E","R","E","T","?","M","R","?","?","R","BOSS","M","?","$","?","?","E","R","?","T","M","M","M","R","E","R","BOSS","M","?","?","?","M","E","R","?","T","E","R","?","R","M","R","BOSS"],"build_version":"2019-07-05","purchased_purges":1,"victory":false,"max_hp_per_floor":[80,80,80,80,80,80,80,80,80,80,80,80,80,80,80,80,80,80,85,85,59,59,59,59,59,59,59,59,59,59,59,59,59,59,59,59,59,59,59,59,59,59,59,59,59,59,59,59,59,59],"card_choices":[{"not_picked":["Gash","Hologram"],"picked":"Scrape","floor":0},{"not_picked":["Coolheaded","Ball Lightning"],"picked":"Turbo","floor":1},{"not_picked":["Stack","Barrage"],"picked":"Cold Snap","floor":3},{"not_picked":["Leap","Force Field"],"picked":"Cold Snap","floor":6},{"not_picked":["Gash","Capacitor"],"picked":"Echo Form","floor":8},{"not_picked":["Rebound","Static Discharge"],"picked":"Chaos","floor":10},{"not_picked":["Barrage","Leap"],"picked":"Turbo","floor":11},{"not_picked":["Fission","Thunder Strike"],"picked":"Machine Learning","floor":16},{"not_picked":["Cold Snap","Barrage+1"],"picked":"Chill","floor":18},{"not_picked":["Glacier","Defragment"],"picked":"Beam Cell+1","floor":22},{"not_picked":["Blizzard","Sunder"],"picked":"Go for the Eyes+1","floor":23},{"not_picked":["Hologram","Barrage"],"picked":"Reinforced Body","floor":27},{"not_picked":["Redo","Cold Snap"],"picked":"Melter","floor":28},{"not_picked":["Barrage","Darkness"],"picked":"Lockon+1","floor":29},{"not_picked":["Rainbow","Cold Snap"],"picked":"White Noise+1","floor":31},{"not_picked":["Fission","Amplify"],"picked":"Creative AI","floor":33},{"not_picked":["Rip and Tear","Conserve Battery"],"picked":"Coolheaded+1","floor":35},{"not_picked":["Gash","Blizzard+1"],"picked":"Loop+1","floor":39},{"not_picked":["Reinforced Body+1","Undo+1"],"picked":"Echo Form","floor":40},{"not_picked":["Leap","Melter+1"],"picked":"Hologram+1","floor":44},{"not_picked":["Compile Driver+1","Aggregate"],"picked":"Turbo+1","floor":48}],"player_experience":119722,"relics_obtained":[{"floor":6,"key":"Oddly Smooth Stone"},{"floor":8,"key":"Gremlin Horn"},{"floor":9,"key":"Pen Nib"},{"floor":23,"key":"Blood Vial"},{"floor":26,"key":"Juzu Bracelet"},{"floor":31,"key":"Anchor"},{"floor":40,"key":"Orichalcum"},{"floor":43,"key":"Molten Egg 2"},{"floor":44,"key":"Ancient Tea Set"}],"event_choices":[{"damage_healed":0,"gold_gain":275,"player_choice":"Desecrate","damage_taken":0,"max_hp_gain":0,"max_hp_loss":0,"event_name":"Golden Shrine","floor":2,"gold_loss":0,"cards_obtained":["Regret"]},{"damage_healed":0,"gold_gain":0,"cards_transformed":["Defend_B"],"player_choice":"Transformed","damage_taken":0,"max_hp_gain":0,"max_hp_loss":0,"event_name":"Transmorgrifier","floor":4,"gold_loss":0,"cards_obtained":["Reinforced Body"]},{"cards_removed":["Strike_B"],"damage_healed":0,"gold_gain":0,"player_choice":"Card Removal","damage_taken":0,"max_hp_gain":0,"max_hp_loss":0,"event_name":"The Cleric","floor":13,"gold_loss":50},{"damage_healed":0,"gold_gain":0,"player_choice":"Shed Blood","damage_taken":20,"max_hp_gain":5,"max_hp_loss":0,"event_name":"Forgotten Altar","floor":19,"gold_loss":0},{"damage_healed":0,"gold_gain":0,"player_choice":"Became a vampire","damage_taken":0,"max_hp_gain":0,"max_hp_loss":26,"event_name":"Vampires","floor":21,"gold_loss":0,"cards_obtained":["Bite","Bite","Bite","Bite","Bite"]},{"damage_healed":0,"gold_gain":0,"player_choice":"Ignored","damage_taken":0,"max_hp_gain":0,"max_hp_loss":0,"event_name":"Tomb of Lord Red Mask","floor":36,"gold_loss":0},{"damage_healed":0,"gold_gain":0,"cards_transformed":["Defend_B"],"player_choice":"Transformed","damage_taken":0,"max_hp_gain":0,"max_hp_loss":0,"event_name":"Transmorgrifier","floor":37,"gold_loss":0,"cards_obtained":["BootSequence"]},{"damage_healed":0,"gold_gain":0,"player_choice":"Embrace Madness","damage_taken":7,"max_hp_gain":0,"max_hp_loss":0,"event_name":"Winding Halls","floor":38,"gold_loss":0,"cards_obtained":["Madness","Madness"]},{"damage_healed":0,"gold_gain":0,"player_choice":"Upgrade","damage_taken":0,"relics_obtained":["Mark of the Bloom"],"max_hp_gain":0,"max_hp_loss":0,"event_name":"MindBloom","floor":42,"gold_loss":0,"cards_upgraded":["Defend_B","Defend_B","Zap","Dualcast","Turbo","Cold Snap","Reinforced Body","BootSequence","Cold Snap","Turbo","Purity","Turbo","Bite","Bite","Bite","Bite","BootSequence","Reinforced Body","Melter","Creative AI","BootSequence","Madness","Madness"]},{"damage_healed":0,"gold_gain":0,"player_choice":"3 cards matched","damage_taken":0,"max_hp_gain":0,"max_hp_loss":0,"event_name":"Match and Keep!","floor":46,"gold_loss":0,"cards_obtained":["Dramatic Entrance","Meteor Strike","Chill"]}],"is_beta":false,"boss_relics":[{"not_picked":["Eternal Feather","Busted Crown"],"picked":"Sozu"},{"not_picked":["Runic Dome","Pandora\u0027s Box"],"picked":"Nuclear Battery"}],"items_purged_floors":[5],"is_endless":false,"potions_floor_spawned":[3,8,10,16,18,28,29,33,39],"killed_by":"Awakened One","ascension_level":1}