{"gold_per_floor":[111,186,186,186,111,111,124,124,124,137,157,157,157,170,170,170],"floor_reached":16,"playtime":905,"items_purged":["Defend_G"],"score":90,"play_id":"a27f1f2a-4775-489f-8fce-f55c32bf8d36","local_time":"20180626222909","is_ascension_mode":false,"campfire_choices":[{"data":"Storm of Steel","floor":6,"key":"SMITH"},{"data":"Neutralize","floor":8,"key":"SMITH"},{"floor":12,"key":"REST"},{"data":"Survivor","floor":15,"key":"SMITH"}],"neow_cost":"NONE","seed_source_timestamp":48903206825978,"circlet_count":0,"master_deck":["Defend_G+1","Defend_G","Defend_G","Defend_G","Strike_G+1","Strike_G","Strike_G","Strike_G","Strike_G","Survivor+1","Neutralize+1","Storm of Steel+1"],"special_seed":17708,"relics":["Ring of the Snake","Golden Idol","Du-Vu Doll","Happy Flower"],"potions_floor_usage":[14,16,16],"damage_taken":[{"damage":0,"enemies":"2 Louse","floor":1,"turns":3},{"damage":0,"enemies":"Jaw Worm","floor":7,"turns":4},{"damage":1,"enemies":"Small Slimes","floor":10,"turns":2},{"damage":8,"enemies":"3 Louse","floor":11,"turns":2},{"damage":4,"enemies":"Red Slaver","floor":14,"turns":2},{"damage":42,"enemies":"The Guardian","floor":16,"turns":17}],"seed_played":"-8407137038750969368","potions_obtained":[{"floor":1,"key":"Dexterity Potion"},{"floor":10,"key":"Weak Potion"},{"floor":11,"key":"GamblersBrew"}],"is_trial":false,"path_per_floor":["M","?","?","?","$","R","M","R","T","M","M","R","?","M","R"],"character_chosen":"THE_SILENT","items_purchased":[],"campfire_rested":1,"item_purchase_floors":[],"current_hp_per_floor":[70,59,45,28,28,28,28,28,28,27,19,40,33,29,29,0],"gold":170,"neow_bonus":"ONE_RANDOM_RARE_CARD","is_prod":false,"is_daily":false,"chose_seed":false,"campfire_upgraded":3,"win_rate":0,"timestamp":1530044949,"path_taken":["M","?","?","?","$","R","M","R","T","?","M","R","?","M","R","BOSS"],"build_version":"2018-06-21v2","purchased_purges":1,"victory":false,"max_hp_per_floor":[70,70,70,70,70,70,70,70,70,70,70,70,70,70,70,70],"card_choices":[{"not_picked":["Concentrate","Acrobatics","Choke"],"picked":"SKIP","floor":1},{"not_picked":["Endless Agony","Deflect","Reflex"],"picked":"SKIP","floor":7},{"not_picked":["Sucker Punch","Dagger Spray","Deflect"],"picked":"SKIP","floor":10},{"not_picked":["Quick Slash","Reflex","Underhanded Strike"],"picked":"SKIP","floor":11},{"not_picked":["Crippling Poison","Dagger Spray","Eviscerate"],"picked":"SKIP","floor":14}],"player_experience":283853,"relics_obtained":[{"floor":9,"key":"Du-Vu Doll"}],"event_choices":[{"event_name":"World of Goop","player_choice":"Gather Gold","floor":2,"damage_taken":0},{"event_name":"Shining Light","player_choice":"Entered Light","floor":3,"damage_taken":0},{"event_name":"Golden Idol","player_choice":"Take Damage","floor":4,"damage_taken":0},{"event_name":"Scrap Ooze","player_choice":"success","floor":13,"damage_taken":7}],"boss_relics":[],"items_purged_floors":[5],"is_endless":false,"potions_floor_spawned":[1,10,11],"killed_by":"The Guardian","ascension_level":0}