{"gold_per_floor":[414,429,1,16,31,46,61,76,151,181,181,196,196,226,226,326,326,341,386,401,401,416,446,18,33,45,72,114,141,168,195,207,319,331,358,385,412,699,2,32,32,47,47,83,83,14,14,29,29,29],"floor_reached":51,"playtime":6037,"items_purged":["Strike_R"],"score":914,"play_id":"3e5ca6cc-4f74-497a-99c0-cfdcbfb6217b","local_time":"20190629145554","daily_mods":["Heirloom","Vintage","Terminal"],"is_ascension_mode":false,"campfire_choices":[{"data":"Anger","floor":11,"key":"SMITH"},{"data":"Battle Trance","floor":13,"key":"SMITH"},{"data":"Carnage","floor":15,"key":"SMITH"},{"data":"Armaments","floor":32,"key":"SMITH"},{"data":"Transmutation","floor":41,"key":"SMITH"},{"data":"Metamorphosis","floor":45,"key":"SMITH"},{"data":"Purity","floor":47,"key":"SMITH"},{"data":"Warcry","floor":49,"key":"SMITH"}],"neow_cost":"","seed_source_timestamp":0,"circlet_count":0,"master_deck":["Strike_R+1","Strike_R","Strike_R+1","Strike_R","Defend_R","Defend_R","Defend_R","Defend_R","Bash","Battle Trance+1","Bandage Up","Anger+1","Carnage+1","Dark Embrace+1","Armaments+1","Metamorphosis+1","Flash of Steel","Immolate","Havoc","Feed","Decay","Regret","Corruption","Second Wind","Transmutation+1","Warcry+1","Discovery","Spot Weakness","Dual Wield+1","Purity+1","Good Instincts"],"special_seed":18076,"relics":["Burning Blood","Old Coin","Ornamental Fan","Oddly Smooth Stone","Dead Branch","Meat on the Bone","Letter Opener","Omamori","Anchor","Magic Flower","Pantograph","Vajra","Strawberry","Sundial","Mark of Pain","Regal Pillow","Tiny Chest","Happy Flower","Whetstone","PreservedInsect","MawBank","Darkstone Periapt","Juzu Bracelet","Blood Vial","Singing Bowl","Question Card","Centennial Puzzle","Calling Bell","Pen Nib","Self Forming Clay","StoneCalendar","Blue Candle","Orichalcum","FossilizedHelix","Membership Card","Bronze Scales","Kunai","Shuriken","The Courier","Gremlin Horn","Peace Pipe","Ginger"],"potions_floor_usage":[16,16,33,33,33,40,44,50,50],"damage_taken":[{"damage":0.0,"enemies":"2 Louse","floor":1.0,"turns":4.0},{"damage":1.0,"enemies":"Cultist","floor":2.0,"turns":3.0},{"damage":2,"enemies":"Jaw Worm","floor":4,"turns":4},{"damage":3,"enemies":"Exordium Thugs","floor":5,"turns":6},{"damage":0,"enemies":"Red Slaver","floor":6,"turns":3},{"damage":1,"enemies":"Large Slime","floor":7,"turns":5},{"damage":2,"enemies":"Exordium Wildlife","floor":8,"turns":6},{"damage":27,"enemies":"Lagavulin","floor":10,"turns":9},{"damage":0,"enemies":"Looter","floor":12,"turns":3},{"damage":0,"enemies":"Gremlin Nob","floor":14,"turns":3},{"damage":15,"enemies":"Hexaghost","floor":16,"turns":6},{"damage":1,"enemies":"Shell Parasite","floor":18,"turns":4},{"damage":0,"enemies":"Chosen","floor":19,"turns":3},{"damage":10,"enemies":"Shelled Parasite and Fungi","floor":20,"turns":6},{"damage":0,"enemies":"Centurion and Healer","floor":22,"turns":4},{"damage":18,"enemies":"Gremlin Leader","floor":23,"turns":5},{"damage":0,"enemies":"Snake Plant","floor":25,"turns":3},{"damage":6,"enemies":"Cultist and Chosen","floor":27,"turns":3},{"damage":6,"enemies":"Slavers","floor":28,"turns":3},{"damage":17,"enemies":"Centurion and Healer","floor":29,"turns":4},{"damage":0,"enemies":"Snecko","floor":30,"turns":3},{"damage":0,"enemies":"Snake Plant","floor":31,"turns":2},{"damage":15,"enemies":"Champ","floor":33,"turns":9},{"damage":0,"enemies":"Orb Walker","floor":35,"turns":2},{"damage":6,"enemies":"3 Shapes","floor":36,"turns":4},{"damage":18,"enemies":"Spire Growth","floor":37,"turns":4},{"damage":3,"enemies":"Reptomancer","floor":40,"turns":2},{"damage":4,"enemies":"Jaw Worm Horde","floor":42,"turns":2},{"damage":6,"enemies":"2 Orb Walkers","floor":44,"turns":3},{"damage":1,"enemies":"3 Darklings","floor":48,"turns":3},{"damage":17,"enemies":"Donu and Deca","floor":50,"turns":4}],"seed_played":"3787465507851504461","potions_obtained":[{"floor":2.0,"key":"Dexterity Potion"},{"floor":5,"key":"LiquidBronze"},{"floor":10,"key":"Strength Potion"},{"floor":18,"key":"Energy Potion"},{"floor":25,"key":"Weak Potion"},{"floor":28,"key":"Strength Potion"},{"floor":31,"key":"FearPotion"},{"floor":33,"key":"Regen Potion"},{"floor":36,"key":"PowerPotion"},{"floor":40,"key":"GamblersBrew"},{"floor":48,"key":"FairyPotion"}],"is_trial":false,"path_per_floor":["M","M","$","M","M","M","M","M","T","E","R","M","R","E","R","B",null,"M","M","M","?","M","E","$","M","T","M","E","M","M","M","R","B",null,"M","M","M","?","$","E","R","M","T","?","R","$","R","M","R","B",null],"character_chosen":"IRONCLAD","items_purchased":["Battle Trance","Dead Branch","Bandage Up","Metamorphosis","Flash of Steel","Immolate","Membership Card","Bronze Scales","Kunai","Corruption","Second Wind","Transmutation","Warcry","Discovery","Fruit Juice","Purity","Good Instincts"],"campfire_rested":0,"item_purchase_floors":[3,3,3,24,24,24,39,39,39,39,39,39,39,39,39,46,46],"current_hp_per_floor":[78,77,76,75,74,73,72,71,70,58,58,74,73,72,71,70,69,68,67,66,65,64,61,61,61,60,59,58,53,56,55,54,48,58,57,59,56,62,62,66,65,64,63,62,61,60,59,58,57,56],"gold":29,"neow_bonus":"","is_prod":false,"is_daily":true,"chose_seed":false,"campfire_upgraded":8,"win_rate":0,"timestamp":1561812954,"path_taken":["M","M","$","M","M","M","M","M","T","E","R","M","R","E","R","BOSS","M","M","M","?","M","E","$","?","T","M","E","M","M","M","R","BOSS","M","M","M","?","?","E","R","M","T","?","R","$","R","M","R","BOSS"],"build_version":"2019-01-23","purchased_purges":1,"victory":true,"max_hp_per_floor":[78,77,76,75,74,73,72,71,70,69,68,74,73,72,71,70,69,68,67,66,65,64,63,62,61,60,59,58,57,56,55,54,53,58,57,59,58,63,62,66,65,64,63,62,61,60,59,58,57,56],"card_choices":[{"not_picked":["Sentinel","Battle Trance"],"picked":"Anger","floor":10},{"not_picked":["Rupture","Thunderclap"],"picked":"Carnage","floor":14},{"not_picked":["Bludgeon","Offering"],"picked":"Dark Embrace","floor":16},{"not_picked":["Twin Strike+1","Ghostly Armor"],"picked":"Armaments","floor":23},{"not_picked":["Heavy Blade","Thunderclap+1"],"picked":"Havoc","floor":28},{"not_picked":["Offering","Berserk","Double Tap"],"picked":"Feed","floor":33},{"not_picked":["Perfected Strike","Rage","Havoc+1"],"picked":"Spot Weakness","floor":40},{"not_picked":["Thunderclap+1","Clash","Hemokinesis+1"],"picked":"Dual Wield+1","floor":44}],"player_experience":56428,"relics_obtained":[{"floor":1.0,"key":"Ornamental Fan"},{"floor":2.0,"key":"Oddly Smooth Stone"},{"floor":4,"key":"Meat on the Bone"},{"floor":5,"key":"Letter Opener"},{"floor":6,"key":"Omamori"},{"floor":7,"key":"Anchor"},{"floor":8,"key":"Magic Flower"},{"floor":9,"key":"Pantograph"},{"floor":10,"key":"Vajra"},{"floor":12,"key":"Strawberry"},{"floor":14,"key":"Sundial"},{"floor":18,"key":"Regal Pillow"},{"floor":19,"key":"Tiny Chest"},{"floor":20,"key":"Happy Flower"},{"floor":22,"key":"Whetstone"},{"floor":23,"key":"PreservedInsect"},{"floor":25,"key":"MawBank"},{"floor":26,"key":"Darkstone Periapt"},{"floor":27,"key":"Juzu Bracelet"},{"floor":28,"key":"Blood Vial"},{"floor":29,"key":"Singing Bowl"},{"floor":30,"key":"Question Card"},{"floor":31,"key":"Centennial Puzzle"},{"floor":34,"key":"Pen Nib"},{"floor":34,"key":"Self Forming Clay"},{"floor":34,"key":"StoneCalendar"},{"floor":35,"key":"Blue Candle"},{"floor":36,"key":"Orichalcum"},{"floor":37,"key":"FossilizedHelix"},{"floor":40,"key":"Shuriken"},{"floor":42,"key":"The Courier"},{"floor":43,"key":"Gremlin Horn"},{"floor":44,"key":"Peace Pipe"},{"floor":48,"key":"Ginger"}],"event_choices":[{"damage_healed":0,"gold_gain":0,"player_choice":"Upgraded","damage_taken":0,"max_hp_gain":0,"max_hp_loss":0,"event_name":"Upgrade Shrine","floor":21,"gold_loss":0,"cards_upgraded":["Dark Embrace"]},{"damage_healed":0,"gold_gain":275,"player_choice":"Desecrate","damage_taken":0,"max_hp_gain":0,"max_hp_loss":0,"event_name":"Golden Shrine","floor":38,"gold_loss":0,"cards_obtained":["Regret"]},{"damage_healed":0,"gold_gain":0,"player_choice":"Fight","damage_taken":0,"max_hp_gain":0,"max_hp_loss":0,"event_name":"Mysterious Sphere","floor":44,"gold_loss":0}],"is_beta":false,"boss_relics":[{"not_picked":["Black Blood","Runic Cube"],"picked":"Mark of Pain"},{"not_picked":["Black Star","Empty Cage"],"picked":"Calling Bell"}],"items_purged_floors":[39],"is_endless":false,"potions_floor_spawned":[2,5,10,12,14,18,25,28,29,31,33,36,40,48],"ascension_level":0}