{"gold_per_floor":[138,138,115,160,217,319,319,409,439,439,493,574,619,667,667,967,967,1009,883,940,994,994,994,1075,1075,1075,1159,1084,1084],"floor_reached":29,"playtime":1714,"items_purged":[],"score":358,"play_id":"d74c09d8-6f53-4384-93c5-d1f037baac6a","local_time":"20190529155721","daily_mods":["Draft","Vintage","Heirloom","Elite Swarm","Midas"],"is_ascension_mode":false,"campfire_choices":[{"floor":7,"key":"REST"},{"floor":10,"key":"REST"},{"floor":15,"key":"REST"},{"floor":23,"key":"REST"},{"floor":25,"key":"REST"}],"neow_cost":"","seed_source_timestamp":1000185206146288,"circlet_count":0,"master_deck":["Wild Strike","Perfected Strike","Wild Strike","Cleave","Battle Trance","Twin Strike","Bloodletting","Perfected Strike","Fire Breathing","Dropkick","Burning Pact","Thunderclap","Power Through","Flex","Fiend Fire","Wild Strike","Feed","Pommel Strike","Feed","Perfected Strike","Berserk+1","Fire Breathing+1","Combust+1","RitualDagger","Sword Boomerang+1","Double Tap","Twin Strike+1","Offering"],"relics":["Burning Blood","Ice Cream","Kunai","Matryoshka","The Courier","Dream Catcher","Torii","Tiny Chest","Meat on the Bone","Bag of Marbles","Omamori","Vajra","Frozen Egg 2","Philosopher\u0027s Stone","Bottled Tornado","Bird Faced Urn","Bag of Preparation","Pear","Happy Flower","FossilizedHelix","Sundial"],"potions_floor_usage":[],"damage_taken":[{"damage":0,"enemies":"Small Slimes","floor":1,"turns":3},{"damage":0,"enemies":"Cultist","floor":4,"turns":2},{"damage":14,"enemies":"Jaw Worm","floor":5,"turns":2},{"damage":21,"enemies":"Lagavulin","floor":6,"turns":4},{"damage":9,"enemies":"3 Sentries","floor":8,"turns":4},{"damage":1,"enemies":"Lots of Slimes","floor":11,"turns":2},{"damage":3,"enemies":"Lagavulin","floor":12,"turns":4},{"damage":0,"enemies":"Red Slaver","floor":13,"turns":1},{"damage":0,"enemies":"3 Louse","floor":14,"turns":2},{"damage":61,"enemies":"The Guardian","floor":16,"turns":7},{"damage":20,"enemies":"3 Byrds","floor":18,"turns":3},{"damage":16,"enemies":"Shell Parasite","floor":20,"turns":2},{"damage":13,"enemies":"Snecko","floor":21,"turns":3},{"damage":42,"enemies":"Gremlin Leader","floor":24,"turns":4},{"damage":52,"enemies":"Book of Stabbing","floor":27,"turns":3},{"damage":84,"enemies":"Gremlin Leader","floor":29,"turns":2}],"seed_played":"-944001254431941300","potions_obtained":[{"floor":1,"key":"FearPotion"},{"floor":5,"key":"Fire Potion"},{"floor":11,"key":"Block Potion"}],"is_trial":true,"path_per_floor":["M","?","$","M","M","E","R","E","T","R","M","E","M","M","R","B",null,"M","$","M","M","?","R","E","R","T","E","?","E"],"character_chosen":"IRONCLAD","items_purchased":["Flex","Fire Breathing+1","Combust+1"],"campfire_rested":5,"item_purchase_floors":[3,19,19],"current_hp_per_floor":[80,80,80,80,72,57,80,77,77,80,80,80,80,83,83,43,86,72,72,65,62,56,82,64,93,93,66,66,0],"gold":1084,"neow_bonus":"","is_prod":false,"is_daily":false,"chose_seed":false,"campfire_upgraded":0,"win_rate":0.0,"timestamp":1559170641,"path_taken":["M","?","?","M","?","E","R","E","T","R","M","E","M","M","R","BOSS","M","?","?","M","?","R","E","R","T","E","?","E"],"build_version":"2019-01-23","purchased_purges":0,"victory":false,"max_hp_per_floor":[80,80,80,80,80,80,80,80,80,80,80,80,80,83,83,86,86,86,86,89,89,89,89,99,99,99,102,102,102],"card_choices":[{"not_picked":["Corruption","Sword Boomerang"],"picked":"Heavy Blade","floor":0},{"not_picked":["Shrug It Off","Armaments"],"picked":"Wild Strike","floor":0},{"not_picked":["Heavy Blade","Corruption"],"picked":"Perfected Strike","floor":0},{"not_picked":["Bloodletting","Clothesline"],"picked":"Wild Strike","floor":0},{"not_picked":["Second Wind","Clash"],"picked":"Cleave","floor":0},{"not_picked":["Headbutt","Iron Wave"],"picked":"Battle Trance","floor":0},{"not_picked":["Anger","Havoc"],"picked":"Twin Strike","floor":0},{"not_picked":["Headbutt","Battle Trance"],"picked":"Bloodletting","floor":0},{"not_picked":["True Grit","Heavy Blade"],"picked":"Perfected Strike","floor":0},{"not_picked":["Iron Wave","Anger"],"picked":"Warcry","floor":0},{"not_picked":["Iron Wave","Disarm"],"picked":"Fire Breathing","floor":0},{"not_picked":["Sentinel","Intimidate"],"picked":"Dropkick","floor":0},{"not_picked":["Warcry","Shrug It Off"],"picked":"Burning Pact","floor":0},{"not_picked":["Inflame","Iron Wave"],"picked":"Thunderclap","floor":0},{"not_picked":["Thunderclap","Sever Soul"],"picked":"Power Through","floor":0},{"not_picked":["Juggernaut","Double Tap"],"picked":"Fiend Fire","floor":6},{"not_picked":["Sever Soul","Ghostly Armor"],"picked":"Wild Strike","floor":7},{"not_picked":["Immolate","Exhume"],"picked":"Feed","floor":8},{"not_picked":["Thunderclap","True Grit"],"picked":"Pommel Strike","floor":10},{"not_picked":["Limit Break","Berserk"],"picked":"Feed","floor":12},{"not_picked":["Cleave","True Grit"],"picked":"Perfected Strike","floor":15},{"not_picked":["Feed","Brutality+1"],"picked":"Berserk+1","floor":16},{"not_picked":["Havoc","Feel No Pain+1"],"picked":"Sword Boomerang+1","floor":23},{"not_picked":["Exhume","Dark Embrace+1"],"picked":"Double Tap","floor":24},{"not_picked":["Flame Barrier","Rupture+1"],"picked":"Twin Strike+1","floor":25},{"not_picked":["Fiend Fire","Immolate"],"picked":"Offering","floor":27}],"player_experience":34518,"relics_obtained":[{"floor":1,"key":"Kunai"},{"floor":4,"key":"Matryoshka"},{"floor":5,"key":"The Courier"},{"floor":6,"key":"Dream Catcher"},{"floor":8,"key":"Torii"},{"floor":9,"key":"Tiny Chest"},{"floor":9,"key":"Meat on the Bone"},{"floor":11,"key":"Bag of Marbles"},{"floor":12,"key":"Omamori"},{"floor":13,"key":"Vajra"},{"floor":14,"key":"Frozen Egg 2"},{"floor":18,"key":"Bottled Tornado"},{"floor":20,"key":"Bird Faced Urn"},{"floor":21,"key":"Bag of Preparation"},{"floor":24,"key":"Pear"},{"floor":26,"key":"Happy Flower"},{"floor":26,"key":"FossilizedHelix"},{"floor":27,"key":"Sundial"}],"event_choices":[{"cards_removed":["Heavy Blade"],"damage_healed":0,"gold_gain":0,"player_choice":"Purged","damage_taken":0,"max_hp_gain":0,"max_hp_loss":0,"event_name":"Purifier","floor":2,"gold_loss":0},{"damage_healed":0,"gold_gain":0,"player_choice":"Joined the Cult","damage_taken":6,"max_hp_gain":0,"max_hp_loss":0,"event_name":"Nest","floor":22,"gold_loss":0,"cards_obtained":["RitualDagger"]},{"cards_removed":["Warcry"],"damage_healed":0,"gold_gain":0,"player_choice":"Gave Gold","damage_taken":0,"max_hp_gain":0,"max_hp_loss":0,"event_name":"Beggar","floor":28,"gold_loss":75}],"is_beta":false,"boss_relics":[{"not_picked":["Eternal Feather","Orrery"],"picked":"Philosopher\u0027s Stone"}],"items_purged_floors":[],"is_endless":false,"potions_floor_spawned":[1,5,11,13,20,24],"killed_by":"Gremlin Leader","ascension_level":0}