{"gold_per_floor":[99,3,3,3,3,3,3,3,3,3,3,3,3,3,3,3,3,3,3,0,0,0,0,0,0,0,0,0,0,0,0,0,0,0,0,0,0,0,0,0,0,0,0,0,0,0,0,0,0,0,0,0,0,0,0],"floor_reached":55,"playtime":4828,"items_purged":[],"score":1017,"play_id":"a59e418d-9e73-41a0-8bc4-8656f9cbca13","local_time":"20190704013533","is_ascension_mode":true,"campfire_choices":[{"floor":11.0,"key":"REST"},{"data":"Cloak And Dagger","floor":13.0,"key":"SMITH"},{"data":"Cloak And Dagger","floor":15.0,"key":"SMITH"},{"floor":24.0,"key":"REST"},{"floor":32.0,"key":"RECALL"},{"data":"After Image","floor":41.0,"key":"SMITH"},{"data":"Adrenaline","floor":49.0,"key":"SMITH"},{"data":"Adrenaline","floor":52.0,"key":"SMITH"}],"neow_cost":"NONE","seed_source_timestamp":0,"circlet_count":0,"master_deck":["Defend_G","Defend_G","Defend_G","Survivor","Neutralize","Cloak And Dagger+1","Blade Dance","Quick Slash","Regret","Dagger Spray","Backstab","Poisoned Stab","Cloak And Dagger+1","Adrenaline+1","Sucker Punch+1","Concentrate+1","Expertise+1","Sucker Punch+1","Bite","Bite","Bite","Bite","Bite","Blade Dance+1","J.A.X.","Poisoned Stab+1","Deadly Poison","Adrenaline+1","Blur","Cloak And Dagger+1","Backflip","Poisoned Stab","After Image+1","Deflect+1","Deadly Poison+1","PiercingWail+1","Prepared+1","Crippling Poison","Sucker Punch+1","Poisoned Stab+1","Prepared+1"],"special_seed":0,"relics":["Ectoplasm","Ornamental Fan","Smiling Mask","MawBank","Snake Skull","Sundial","Astrolabe","Ninja Scroll","Centennial Puzzle","Pear","Sozu","Red Mask","Blood Vial","Blue Candle","Frozen Egg 2","Bottled Flame","Juzu Bracelet","Regal Pillow","Dodecahedron"],"potions_floor_usage":[],"damage_taken":[{"damage":2.0,"enemies":"Jaw Worm","floor":1.0,"turns":4.0},{"damage":20.0,"enemies":"Gremlin Nob","floor":7.0,"turns":5.0},{"damage":34.0,"enemies":"Lagavulin","floor":10.0,"turns":12.0},{"damage":1.0,"enemies":"Small Slimes","floor":12.0,"turns":3.0},{"damage":0.0,"enemies":"2 Louse","floor":14.0,"turns":2.0},{"damage":8.0,"enemies":"Hexaghost","floor":16.0,"turns":13.0},{"damage":1.0,"enemies":"3 Byrds","floor":18.0,"turns":4.0},{"damage":21.0,"enemies":"2 Thieves","floor":20.0,"turns":4.0},{"damage":25.0,"enemies":"Slavers","floor":23.0,"turns":5.0},{"damage":3.0,"enemies":"Centurion and Healer","floor":25.0,"turns":4.0},{"damage":3.0,"enemies":"Sentry and Sphere","floor":28.0,"turns":3.0},{"damage":13.0,"enemies":"Snake Plant","floor":29.0,"turns":3.0},{"damage":3.0,"enemies":"Gremlin Leader","floor":30.0,"turns":3.0},{"damage":3.0,"enemies":"Centurion and Healer","floor":31.0,"turns":2.0},{"damage":55.0,"enemies":"Automaton","floor":33.0,"turns":8.0},{"damage":24.0,"enemies":"3 Darklings","floor":35.0,"turns":5.0},{"damage":0.0,"enemies":"3 Shapes","floor":38.0,"turns":4.0},{"damage":10.0,"enemies":"Nemesis","floor":40.0,"turns":5.0},{"damage":4.0,"enemies":"Reptomancer","floor":42.0,"turns":6.0},{"damage":17.0,"enemies":"Giant Head","floor":44.0,"turns":8.0},{"damage":9.0,"enemies":"3 Darklings","floor":45.0,"turns":5.0},{"damage":8.0,"enemies":"Reptomancer","floor":47.0,"turns":7.0},{"damage":4.0,"enemies":"Spire Growth","floor":48.0,"turns":5.0},{"damage":49.0,"enemies":"Donu and Deca","floor":50.0,"turns":11.0},{"damage":9.0,"enemies":"Shield and Spear","floor":54.0,"turns":5.0},{"damage":66,"enemies":"The Heart","floor":55,"turns":5}],"seed_played":"-8197907541105665683","potions_obtained":[{"floor":10.0,"key":"Swift Potion"},{"floor":12.0,"key":"Strength Potion"},{"floor":16.0,"key":"Poison Potion"},{"floor":28.0,"key":"SpeedPotion"},{"floor":29.0,"key":"Block Potion"}],"is_trial":false,"path_per_floor":["M","$","?","?","?","$","E","T","T","E","R","M","R","M","R","B",null,"M","?","M","?","?","E","R","M","T","?","M","M","E","M","R","B",null,"M","?","$","M","T","E","R","E","T","E","M","?","E","M","R","B",null,"R","$","E","B"],"character_chosen":"THE_SILENT","items_purchased":["Blade Dance","Quick Slash"],"campfire_rested":2,"item_purchase_floors":[2,2],"current_hp_per_floor":[68,68,61,61,58,58,38,38,38,4,25,24,24,24,24,16,70,69,49,34,34,27,12,28,37,37,37,40,31,46,49,49,6,64,42,42,42,44,44,44,44,50,50,47,50,50,58,60,60,28,64,64,64,64,0],"gold":0,"neow_bonus":"BOSS_RELIC","is_prod":false,"is_daily":false,"chose_seed":false,"campfire_upgraded":5,"win_rate":0,"timestamp":1562229333,"path_taken":["M","$","?","?","?","?","E","?","T","E","R","M","R","M","R","BOSS","M","?","M","?","?","E","R","M","T","?","M","?","E","M","R","BOSS","M","?","$","M","?","E","R","E","T","E","M","?","E","M","R","BOSS","R","$","E","BOSS"],"build_version":"2019-07-01","purchased_purges":0,"victory":false,"max_hp_per_floor":[70,70,70,70,70,70,70,70,70,70,70,70,70,70,70,70,70,70,49,49,49,54,54,54,54,54,54,54,54,64,64,64,64,64,64,64,64,64,64,64,64,64,64,64,64,64,64,64,64,64,64,64,64,64,64],"card_choices":[{"not_picked":["Dodge and Roll","Blur"],"picked":"Cloak And Dagger","floor":1.0},{"not_picked":["Outmaneuver","A Thousand Cuts"],"picked":"Dagger Spray","floor":7.0},{"not_picked":["Caltrops","Blur"],"picked":"Backstab","floor":10.0},{"not_picked":["Escape Plan","Outmaneuver"],"picked":"Poisoned Stab","floor":12.0},{"not_picked":["Dagger Throw","Blade Dance"],"picked":"Cloak And Dagger","floor":14.0},{"not_picked":["Wraith Form v2","Burst"],"picked":"Adrenaline","floor":16.0},{"not_picked":["Escape Plan","Distraction"],"picked":"Sucker Punch+1","floor":18.0},{"not_picked":["Bane+1","Escape Plan"],"picked":"Blade Dance+1","floor":20.0},{"not_picked":["Prepared","Dagger Throw+1"],"picked":"Poisoned Stab+1","floor":23.0},{"not_picked":["Predator","Reflex"],"picked":"Deadly Poison","floor":25.0},{"not_picked":["Reflex","Finisher"],"picked":"Blur","floor":28.0},{"not_picked":["Distraction","Outmaneuver"],"picked":"Cloak And Dagger+1","floor":29.0},{"not_picked":["Eviscerate","Slice"],"picked":"Backflip","floor":30.0},{"not_picked":["Slice+1","Well Laid Plans"],"picked":"Poisoned Stab","floor":31.0},{"not_picked":["Burst","Night Terror"],"picked":"After Image","floor":33.0},{"not_picked":["Choke","Dagger Throw"],"picked":"Deflect+1","floor":35.0},{"not_picked":["Outmaneuver+1","Slice+1"],"picked":"Deadly Poison+1","floor":38.0},{"not_picked":["Quick Slash","Calculated Gamble+1"],"picked":"PiercingWail+1","floor":40.0},{"not_picked":["Concentrate","Quick Slash+1"],"picked":"Prepared+1","floor":42.0},{"not_picked":["Outmaneuver+1","Backflip"],"picked":"Crippling Poison","floor":44.0},{"not_picked":["Acrobatics+1","Backflip"],"picked":"Sucker Punch+1","floor":45.0},{"not_picked":["Dagger Spray","Burst","Leg Sweep"],"picked":"SKIP","floor":47.0},{"not_picked":["Outmaneuver+1","Slice"],"picked":"Poisoned Stab+1","floor":48.0},{"not_picked":["Masterful Stab","Bouncing Flask"],"picked":"Prepared+1","floor":54.0}],"player_experience":151771,"relics_obtained":[{"floor":7.0,"key":"MawBank"},{"floor":8.0,"key":"Snake Skull"},{"floor":10.0,"key":"Sundial"},{"floor":23.0,"key":"Ninja Scroll"},{"floor":26.0,"key":"Centennial Puzzle"},{"floor":30.0,"key":"Pear"},{"floor":39.0,"key":"Blood Vial"},{"floor":40.0,"key":"Blue Candle"},{"floor":42.0,"key":"Frozen Egg 2"},{"floor":43.0,"key":"Bottled Flame"},{"floor":44.0,"key":"Juzu Bracelet"},{"floor":47.0,"key":"Regal Pillow"},{"floor":54.0,"key":"Dodecahedron"}],"event_choices":[{"cards_removed":["Strike_G"],"damage_healed":0.0,"max_hp_gain":0.0,"max_hp_loss":0.0,"gold_gain":0.0,"event_name":"Golden Wing","player_choice":"Card Removal","floor":3.0,"gold_loss":0.0,"damage_taken":7.0},{"damage_healed":0.0,"max_hp_gain":0.0,"max_hp_loss":0.0,"gold_gain":0.0,"event_name":"Big Fish","player_choice":"Box","floor":4.0,"gold_loss":0.0,"damage_taken":0.0,"relics_obtained":["Ornamental Fan"],"cards_obtained":["Regret"]},{"damage_healed":0.0,"max_hp_gain":0.0,"max_hp_loss":0.0,"gold_gain":0.0,"event_name":"Scrap Ooze","player_choice":"Success","floor":5.0,"gold_loss":0.0,"damage_taken":3.0,"relics_obtained":["Smiling Mask"]},{"damage_healed":0.0,"max_hp_gain":0.0,"max_hp_loss":21.0,"gold_gain":0.0,"event_name":"Vampires","player_choice":"Became a vampire","floor":19.0,"gold_loss":0.0,"damage_taken":0.0,"cards_obtained":["Bite","Bite","Bite","Bite","Bite"]},{"damage_healed":0.0,"max_hp_gain":0.0,"max_hp_loss":0.0,"gold_gain":0.0,"event_name":"Drug Dealer","player_choice":"Obtain J.A.X.","floor":21.0,"gold_loss":0.0,"damage_taken":0.0,"cards_obtained":["J.A.X."]},{"damage_healed":0.0,"max_hp_gain":5.0,"max_hp_loss":0.0,"gold_gain":0.0,"event_name":"Forgotten Altar","player_choice":"Shed Blood","floor":22.0,"gold_loss":0.0,"damage_taken":12.0},{"damage_healed":0.0,"max_hp_gain":0.0,"max_hp_loss":0.0,"gold_gain":0.0,"event_name":"Duplicator","player_choice":"Copied","floor":27.0,"gold_loss":0.0,"damage_taken":0.0,"cards_obtained":["Adrenaline"]},{"damage_healed":0.0,"max_hp_gain":0.0,"max_hp_loss":0.0,"gold_gain":0.0,"event_name":"Tomb of Lord Red Mask","player_choice":"Paid","floor":36.0,"gold_loss":0.0,"damage_taken":0.0,"relics_obtained":["Red Mask"]},{"damage_healed":0.0,"max_hp_gain":0.0,"max_hp_loss":0.0,"gold_gain":0.0,"event_name":"Match and Keep!","player_choice":"0 cards matched","floor":46.0,"gold_loss":0.0,"damage_taken":0.0,"cards_obtained":[]}],"is_beta":false,"boss_relics":[{"not_picked":["Busted Crown","Empty Cage"],"picked":"Astrolabe"},{"not_picked":["Runic Pyramid","Pandora\u0027s Box"],"picked":"Sozu"}],"items_purged_floors":[],"is_endless":false,"potions_floor_spawned":[10,12,16,23,28,29,31,35,38,48],"killed_by":"The Heart","ascension_level":2}