{"path_per_floor":["M","?","?","M","M","E","M","R","T","$","E","?","M","?","R","B",null,"M","?","M","M","?","M","R","M","T","?","E","R","M","M","R","B",null,"M","?","M","?","M","E","R","$","T","$","?","M","R","M","R","B"],"character_chosen":"THE_SILENT","items_purchased":["Deadly Poison","Ornamental Fan","Enlightenment"],"gold_per_floor":[119,119,69,86,105,140,160,160,160,39,68,68,78,105,105,205,205,217,217,228,247,247,259,259,269,293,293,321,321,336,350,350,448,448,465,465,479,530,546,577,577,42,42,42,42,61,61,73,73,73],"floor_reached":51,"campfire_rested":6,"playtime":6823,"current_hp_per_floor":[68,68,68,68,68,53,45,45,45,45,20,13,13,13,34,21,70,70,70,62,36,36,36,57,57,57,57,39,39,31,37,58,2,70,70,70,67,61,62,27,48,48,48,48,39,38,59,50,70,12],"items_purged":["Strike_G","Bouncing Flask"],"gold":73,"score":509,"play_id":"00831d78-580e-48ff-a63a-19daa2e7bf3f","is_prod":false,"is_daily":false,"is_ascension_mode":false,"campfire_upgraded":2,"path_taken":["M","?","?","M","?","E","M","R","T","$","E","?","M","?","R","BOSS","M","?","?","M","?","M","R","M","T","?","E","R","?","M","R","BOSS","M","?","M","?","M","E","R","$","T","$","?","M","R","M","R","BOSS"],"build_version":"2018-02-15-PROD1","purchased_purges":2,"victory":true,"master_deck":["Defend_G+1","Defend_G+1","Defend_G+1","Defend_G+1","Defend_G+1","Strike_G+1","Strike_G+1","Strike_G+1","Survivor+1","Neutralize+1","Riddle With Holes","Finisher","After Image+1","Deadly Poison","Tools of the Trade","Backflip+1","Heel Hook","After Image+1","Deadly Poison+1","Dodge and Roll+1","Flying Knee+1","Flying Knee+1","Infinite Blades","Night Terror+1","Outmaneuver+1","Footwork+1","Predator+1","Enlightenment","Madness","Madness","Flying Knee+1","Terror+1","Terror+1"],"max_hp_per_floor":[70,70,70,70,70,70,70,70,70,70,70,70,70,70,70,70,70,70,70,70,70,70,70,70,70,70,70,70,70,70,70,70,70,70,70,70,70,70,70,70,70,70,70,70,70,70,70,70,70,70],"relics":["Ring of the Snake","Shuriken","Peace Pipe","Ninja Scroll","Omamori","Odd Mushroom","Philosopher\u0027s Stone","Dream Catcher","Bird Faced Urn","The Specimen","Shovel","War Paint","Ornamental Fan","Ice Cream"],"card_choices":[{"not_picked":["Slice","Sucker Punch"],"picked":"Riddle With Holes"},{"not_picked":["Calculated Gamble","Slice"],"picked":"Bouncing Flask"},{"not_picked":["Infinite Blades","Flying Knee"],"picked":"Finisher"},{"not_picked":["Backstab","Flying Knee"],"picked":"After Image"},{"not_picked":["Bane","Deadly Poison"],"picked":"Tools of the Trade"},{"not_picked":["Distraction","Masterful Stab"],"picked":"Backflip"},{"not_picked":["Flying Knee","All Out Attack"],"picked":"Heel Hook"},{"not_picked":["Tools of the Trade","Bullet Time"],"picked":"After Image"},{"not_picked":["Backstab","Prepared"],"picked":"Deadly Poison"},{"not_picked":["Sucker Punch","Dagger Spray"],"picked":"Dodge and Roll"},{"not_picked":["Tools of the Trade","Quick Slash"],"picked":"Flying Knee"},{"not_picked":["Dagger Throw","Sucker Punch"],"picked":"Flying Knee"},{"not_picked":["Quick Slash","Backflip"],"picked":"Infinite Blades"},{"not_picked":["Die Die Die","Burst"],"picked":"Night Terror"},{"not_picked":["Slice","Acrobatics"],"picked":"Outmaneuver"},{"not_picked":["Eviscerate","Bane"],"picked":"Footwork"},{"not_picked":["Deadly Poison","Noxious Fumes"],"picked":"Predator"},{"not_picked":["Dash","Poisoned Stab"],"picked":"Flying Knee"},{"not_picked":["Choke","Acrobatics"],"picked":"Terror"},{"not_picked":["Well Laid Plans","Escape Plan"],"picked":"Terror"}],"player_experience":22571,"potions_floor_usage":[6,14,16,16,21,23,31,35,39,39,40,50],"damage_taken":[{"damage":2,"enemies":"Jaw Worm","floor":1,"turns":5},{"damage":0,"enemies":"Cultist","floor":4,"turns":4},{"damage":0,"enemies":"Small Slimes","floor":5,"turns":5},{"damage":15,"enemies":"Lagavulin","floor":6,"turns":7},{"damage":8,"enemies":"Looter","floor":7,"turns":4},{"damage":25,"enemies":"3 Sentries","floor":11,"turns":10},{"damage":0,"enemies":"Lots of Slimes","floor":13,"turns":4},{"damage":0,"enemies":"The Mushroom Lair","floor":14,"turns":4},{"damage":13,"enemies":"The Guardian","floor":16,"turns":7},{"damage":0,"enemies":"Shell Parasite","floor":18,"turns":4},{"damage":8,"enemies":"3 Byrds","floor":20,"turns":5},{"damage":26,"enemies":"Snake Plant","floor":21,"turns":5},{"damage":0,"enemies":"Cultist and Chosen","floor":23,"turns":6},{"damage":0,"enemies":"Snecko","floor":25,"turns":6},{"damage":18,"enemies":"Book of Stabbing","floor":28,"turns":6},{"damage":14,"enemies":"Centurion and Healer","floor":30,"turns":7},{"damage":0,"enemies":"Cultist and Chosen","floor":31,"turns":5},{"damage":64,"enemies":"Collector","floor":33,"turns":8},{"damage":0,"enemies":"Orb Walker","floor":35,"turns":4},{"damage":5,"enemies":"3 Shapes","floor":37,"turns":6},{"damage":9,"enemies":"Mysterious Sphere","floor":38,"turns":6},{"damage":8,"enemies":"Sphere and 2 Shapes","floor":39,"turns":7},{"damage":45,"enemies":"2 Orb Walkers","floor":40,"turns":5},{"damage":11,"enemies":"Maw","floor":46,"turns":8},{"damage":17,"enemies":"3 Darklings","floor":48,"turns":6},{"damage":61,"enemies":"Donu and Deca","floor":50,"turns":11}],"event_choices":[{"event_name":"Upgrade Shrine","player_choice":"Upgraded","floor":2,"damage_taken":0},{"event_name":"The Cleric","player_choice":"Card Removal","floor":3,"damage_taken":0},{"event_name":"Scrap Ooze","player_choice":"success","floor":12,"damage_taken":7},{"event_name":"Mushrooms","player_choice":"Fought Mushrooms","floor":14,"damage_taken":0},{"event_name":"Accursed Blacksmith","player_choice":"Ignore","floor":19,"damage_taken":0},{"event_name":"Back to Basics","player_choice":"Simplicity","floor":22,"damage_taken":0},{"event_name":"Drug Dealer","player_choice":"Ignored","floor":27,"damage_taken":0},{"event_name":"Tomb of Lord Red Mask","player_choice":"Ignored","floor":36,"damage_taken":0},{"event_name":"Mysterious Sphere","player_choice":"Fight","floor":38,"damage_taken":0},{"event_name":"Winding Halls","player_choice":"Embrace Madness","floor":45,"damage_taken":0}],"boss_relics":[{"not_picked":["Orrery","Snecko Eye"],"picked":"Philosopher\u0027s Stone"},{"not_picked":["Black Star","Lizard Tail"],"picked":"The Specimen"}],"potions_floor_spawned":[5,6,11,13,18,20,23,30,33,37,39,40],"seed_played":"-7129821522568217298","ascension_level":0,"is_trial":false}