{"gold_per_floor":[119,194,209,225,98,98,129,141,141,174,174,20,20,40,40,141,141,152,164,164,183,194,194],"floor_reached":23,"playtime":2407,"items_purged":["Bullet Time"],"score":266,"play_id":"417dba19-b47e-4518-8f62-797ce3ac4db0","local_time":"20190612153533","is_ascension_mode":true,"campfire_choices":[{"floor":6,"key":"REST"},{"floor":15,"key":"RECALL"}],"neow_cost":"NONE","seed_source_timestamp":76932583239835,"circlet_count":0,"master_deck":["Survivor","Neutralize","Reflex","Prepared","PiercingWail","Glass Knife","Unload","Bouncing Flask","Escape Plan","Prepared","Acrobatics","Infinite Blades","Blade Dance","Tactician","Dagger Throw","Blade Dance","Sucker Punch","Cloak And Dagger","Storm of Steel","Noxious Fumes","Well Laid Plans+1"],"relics":["Pandora\u0027s Box","Vajra","Letter Opener","Ancient Tea Set","Runic Dome","Singing Bowl"],"potions_floor_usage":[],"damage_taken":[{"damage":1,"enemies":"2 Louse","floor":1,"turns":2},{"damage":4,"enemies":"Cultist","floor":3,"turns":3},{"damage":5,"enemies":"Jaw Worm","floor":4,"turns":3},{"damage":40,"enemies":"3 Sentries","floor":7,"turns":8},{"damage":7,"enemies":"Gremlin Gang","floor":8,"turns":4},{"damage":20,"enemies":"Lagavulin","floor":10,"turns":5},{"damage":4,"enemies":"2 Fungi Beasts","floor":14,"turns":2},{"damage":0,"enemies":"Slime Boss","floor":16,"turns":5},{"damage":6,"enemies":"2 Thieves","floor":18,"turns":2},{"damage":5,"enemies":"Spheric Guardian","floor":19,"turns":4},{"damage":7,"enemies":"Cultist and Chosen","floor":21,"turns":5},{"damage":24,"enemies":"Snecko","floor":22,"turns":4},{"damage":32,"enemies":"Slavers","floor":23,"turns":1}],"seed_played":"-1516782266959157968","potions_obtained":[{"floor":7,"key":"SkillPotion"},{"floor":8,"key":"Poison Potion"},{"floor":16,"key":"SteroidPotion"},{"floor":22,"key":"Regen Potion"}],"is_trial":false,"path_per_floor":["M","?","M","M","$","R","E","M","T","E","?","$","?","M","R","B",null,"M","M","?","M","M","E"],"character_chosen":"THE_SILENT","items_purchased":["Blade Dance","Ancient Tea Set"],"campfire_rested":1,"item_purchase_floors":[5,12],"current_hp_per_floor":[69,58,54,49,49,70,30,23,23,3,26,26,26,22,22,22,70,64,59,59,54,32,0],"gold":194,"neow_bonus":"BOSS_RELIC","is_prod":false,"is_daily":false,"chose_seed":false,"campfire_upgraded":0,"win_rate":0,"timestamp":1560378933,"path_taken":["M","?","M","M","$","R","E","M","T","E","?","$","?","?","R","BOSS","M","M","?","?","M","E"],"build_version":"2019-01-23","purchased_purges":1,"victory":false,"max_hp_per_floor":[70,70,70,70,70,70,70,70,70,70,70,70,70,70,70,70,70,70,70,70,72,74,74],"card_choices":[{"not_picked":["Dagger Spray","Outmaneuver"],"picked":"Acrobatics","floor":1},{"not_picked":["Footwork","Dash"],"picked":"Infinite Blades","floor":3},{"not_picked":["Masterful Stab","Expertise"],"picked":"Acrobatics","floor":4},{"not_picked":["Choke","Leg Sweep"],"picked":"Tactician","floor":7},{"not_picked":["Heel Hook","Riddle With Holes"],"picked":"Dagger Throw","floor":8},{"not_picked":["Accuracy","Malaise"],"picked":"Blade Dance","floor":10},{"not_picked":["Blur","Bane"],"picked":"Cloak And Dagger","floor":14},{"not_picked":["Corpse Explosion","Unload"],"picked":"Storm of Steel","floor":16},{"not_picked":["Blur","Footwork"],"picked":"Noxious Fumes","floor":18},{"not_picked":["Prepared","Sucker Punch+1"],"picked":"Well Laid Plans+1","floor":19},{"not_picked":["Prepared","Heel Hook+1","Dagger Spray"],"picked":"Singing Bowl","floor":21},{"not_picked":["Poisoned Stab","Acrobatics","Dagger Spray"],"picked":"Singing Bowl","floor":22}],"player_experience":69418,"relics_obtained":[{"floor":7,"key":"Vajra"},{"floor":10,"key":"Letter Opener"}],"event_choices":[{"damage_healed":0,"gold_gain":75,"player_choice":"Gather Gold","damage_taken":11,"max_hp_gain":0,"max_hp_loss":0,"event_name":"World of Goop","floor":2,"gold_loss":0},{"damage_healed":23,"gold_gain":0,"player_choice":"Banana","damage_taken":0,"max_hp_gain":0,"max_hp_loss":0,"event_name":"Big Fish","floor":11,"gold_loss":0},{"damage_healed":0,"gold_gain":0,"cards_transformed":["Acrobatics"],"player_choice":"Transformed","damage_taken":0,"max_hp_gain":0,"max_hp_loss":0,"event_name":"Transmorgrifier","floor":13,"gold_loss":0,"cards_obtained":["Sucker Punch"]},{"cards_removed":["Outmaneuver"],"damage_healed":0,"gold_gain":0,"player_choice":"Gave Card","damage_taken":0,"relics_obtained":["Singing Bowl"],"max_hp_gain":0,"max_hp_loss":0,"event_name":"WeMeetAgain","floor":20,"gold_loss":0}],"is_beta":false,"boss_relics":[{"not_picked":["HoveringKite","Calling Bell"],"picked":"Runic Dome"}],"items_purged_floors":[5],"is_endless":false,"potions_floor_spawned":[7,8,16,18,19,22],"killed_by":"Slavers","ascension_level":1}