{"gold_per_floor":[117,117,65,79,79,113,113,144,144,144,156,168,183,196,196,291,291,309,46,46,46,60,60,10,10,10,10,24,24,41,57,57,57],"floor_reached":33,"playtime":1150,"items_purged":[],"score":451,"play_id":"0b672573-c8f4-4d5e-85c0-b7e52a4b0f4d","local_time":"20190718190330","is_ascension_mode":true,"campfire_choices":[{"data":"Zap","floor":7.0,"key":"SMITH"},{"floor":10.0,"key":"REST"},{"data":"Zap","floor":15.0,"key":"SMITH"},{"data":"Biased Cognition","floor":23.0,"key":"SMITH"},{"data":"Dualcast","floor":25.0,"key":"SMITH"},{"data":"Double Energy","floor":27.0,"key":"SMITH"},{"floor":32.0,"key":"REST"}],"neow_cost":"NONE","seed_source_timestamp":0,"circlet_count":0,"master_deck":["AscendersBane","Strike_B","Strike_B","Strike_B","Strike_B","Defend_B","Defend_B","Defend_B","Defend_B","Zap+1","Dualcast+1","Double Energy+1","Cold Snap","Chill","Zap+1","Auto Shields","Self Repair","Self Repair","Biased Cognition+1","Cold Snap","BootSequence","Biased Cognition+1","Loop+1","Multi-Cast"],"special_seed":0,"relics":["Cracked Core","NeowsBlessing","Shuriken","Dream Catcher","The Courier","Darkstone Periapt","Lizard Tail","Membership Card","Gremlin Horn","MutagenicStrength","Blood Vial"],"potions_floor_usage":[33,33],"damage_taken":[{"damage":0.0,"enemies":"2 Louse","floor":1.0,"turns":1.0},{"damage":0.0,"enemies":"Cultist","floor":4.0,"turns":1.0},{"damage":0.0,"enemies":"3 Sentries","floor":6.0,"turns":1.0},{"damage":19.0,"enemies":"Gremlin Nob","floor":8.0,"turns":4.0},{"damage":4.0,"enemies":"Small Slimes","floor":11.0,"turns":4.0},{"damage":3.0,"enemies":"Red Slaver","floor":12.0,"turns":5.0},{"damage":16.0,"enemies":"Exordium Wildlife","floor":13.0,"turns":5.0},{"damage":17.0,"enemies":"Lots of Slimes","floor":14.0,"turns":5.0},{"damage":38.0,"enemies":"Slime Boss","floor":16.0,"turns":14.0},{"damage":12.0,"enemies":"Spheric Guardian","floor":18.0,"turns":5.0},{"damage":18.0,"enemies":"Shell Parasite","floor":22.0,"turns":8.0},{"damage":12.0,"enemies":"Centurion and Healer","floor":28.0,"turns":10.0},{"damage":24.0,"enemies":"Snake Plant","floor":30.0,"turns":3.0},{"damage":16.0,"enemies":"Sentry and Sphere","floor":31.0,"turns":8.0},{"damage":126,"enemies":"Collector","floor":33,"turns":15}],"seed_played":"-2169450872511089059","potions_obtained":[{"floor":1.0,"key":"Regen Potion"},{"floor":11.0,"key":"Block Potion"},{"floor":22.0,"key":"Explosive Potion"}],"is_trial":false,"path_per_floor":["M","?","$","M","?","E","R","E","T","R","M","M","M","M","R","B",null,"M","$","?","$","M","R","?","R","T","R","M","?","M","M","R","B"],"character_chosen":"DEFECT","items_purchased":["Cold Snap","Membership Card","Gremlin Horn"],"campfire_rested":2,"item_purchase_floors":[3,19,19],"current_hp_per_floor":[68,50,50,50,50,50,50,38,38,60,70,75,73,70,70,46,68,70,70,70,70,66,66,66,66,66,66,70,70,48,48,70,0],"gold":57,"neow_bonus":"THREE_ENEMY_KILL","is_prod":false,"is_daily":false,"chose_seed":false,"campfire_upgraded":5,"win_rate":0,"timestamp":1563469410,"path_taken":["M","?","$","M","?","E","R","E","T","R","M","M","?","M","R","BOSS","M","$","?","$","M","R","?","R","T","R","?","?","?","M","R","BOSS"],"build_version":"2019-07-17","purchased_purges":0,"victory":false,"max_hp_per_floor":[75,75,75,75,75,75,75,75,75,75,75,75,75,75,75,75,75,75,75,75,75,75,75,75,75,75,75,75,75,75,75,75,75],"card_choices":[{"not_picked":["Steam","Beam Cell"],"picked":"Double Energy","floor":1.0},{"not_picked":["Storm","Reinforced Body"],"picked":"Chill","floor":4.0},{"not_picked":["Chaos","Sweeping Beam"],"picked":"Self Repair","floor":6.0},{"not_picked":["Lockon","Heatsinks","Redo"],"picked":"SKIP","floor":8.0},{"not_picked":["Streamline","Sweeping Beam"],"picked":"Self Repair","floor":10.0},{"not_picked":["Ball Lightning","Barrage","Go for the Eyes"],"picked":"SKIP","floor":11.0},{"not_picked":["Steam","Leap","Hologram"],"picked":"SKIP","floor":12.0},{"not_picked":["Go for the Eyes","Coolheaded","Force Field"],"picked":"SKIP","floor":13.0},{"not_picked":["Sweeping Beam","Seek","Steam"],"picked":"SKIP","floor":14.0},{"not_picked":["Electrodynamics","Meteor Strike"],"picked":"Biased Cognition","floor":16.0},{"not_picked":["Fusion","Skim"],"picked":"Cold Snap","floor":18.0},{"not_picked":["Coolheaded","Steam Power","Turbo"],"picked":"SKIP","floor":22.0},{"not_picked":["Conserve Battery","Ball Lightning"],"picked":"BootSequence","floor":28.0},{"not_picked":["Gash","Force Field","Leap"],"picked":"SKIP","floor":30.0},{"not_picked":["Genetic Algorithm+1","Blizzard"],"picked":"Loop+1","floor":31.0},{"not_picked":["Leap","Gash"],"picked":"Multi-Cast","floor":32.0}],"player_experience":342139,"relics_obtained":[{"floor":6.0,"key":"Dream Catcher"},{"floor":8.0,"key":"The Courier"},{"floor":9.0,"key":"Darkstone Periapt"},{"floor":26.0,"key":"Blood Vial"}],"event_choices":[{"damage_healed":0.0,"max_hp_gain":0.0,"max_hp_loss":0.0,"gold_gain":0.0,"event_name":"Scrap Ooze","player_choice":"Success","floor":2.0,"gold_loss":0.0,"damage_taken":18.0,"relics_obtained":["Shuriken"]},{"damage_healed":0.0,"max_hp_gain":0.0,"max_hp_loss":0.0,"gold_gain":0.0,"event_name":"Match and Keep!","player_choice":"2 cards matched","floor":5.0,"gold_loss":0.0,"damage_taken":0.0,"cards_obtained":["Zap","Auto Shields"]},{"damage_healed":0.0,"max_hp_gain":0.0,"max_hp_loss":0.0,"gold_gain":0.0,"event_name":"Drug Dealer","player_choice":"Inject Mutagens","floor":20.0,"gold_loss":0.0,"damage_taken":0.0,"relics_obtained":["MutagenicStrength"]},{"damage_healed":0.0,"max_hp_gain":0.0,"max_hp_loss":0.0,"gold_gain":0.0,"event_name":"The Joust","player_choice":"Bet on Owner","floor":24.0,"gold_loss":50.0,"damage_taken":0.0},{"damage_healed":0.0,"max_hp_gain":0.0,"max_hp_loss":0.0,"gold_gain":0.0,"event_name":"Duplicator","player_choice":"Copied","floor":29.0,"gold_loss":0.0,"damage_taken":0.0,"cards_obtained":["Biased Cognition"]}],"is_beta":false,"boss_relics":[{"not_picked":["Runic Pyramid","Orrery"],"picked":"Lizard Tail"}],"items_purged_floors":[],"is_endless":false,"potions_floor_spawned":[1,11,12,13,22],"killed_by":"Collector","ascension_level":12}