{"gold_per_floor":[119,133,58,77,97,97,131,131,131,158,174,174,188,223,223,294,294,294,294,194,108,108],"floor_reached":22,"playtime":1452,"items_purged":["Strike_B"],"score":512,"play_id":"59d3fb9b-1ed4-40dd-97ce-406dd2b82943","local_time":"20190706164258","is_ascension_mode":true,"campfire_choices":[{"data":"Streamline","floor":6,"key":"SMITH"},{"data":"Buffer","floor":8,"key":"SMITH"},{"floor":12,"key":"REST"},{"floor":15,"key":"REST"}],"neow_cost":"NONE","seed_source_timestamp":317114241139592,"circlet_count":0,"master_deck":["AscendersBane","Strike_B","Strike_B","Strike_B","Defend_B","Defend_B","Defend_B","Defend_B","Zap+1","Dualcast","Streamline+1","Conserve Battery","Coolheaded","Buffer+1","Leap","Hologram","Fission","Defragment"],"relics":["Cracked Core","Shuriken","StoneCalendar","WingedGreaves","Ectoplasm"],"potions_floor_usage":[],"damage_taken":[{"damage":0,"enemies":"2 Louse","floor":1,"turns":2},{"damage":1,"enemies":"Cultist","floor":2,"turns":3},{"damage":2,"enemies":"Jaw Worm","floor":4,"turns":4},{"damage":7,"enemies":"Large Slime","floor":5,"turns":5},{"damage":24,"enemies":"3 Sentries","floor":7,"turns":8},{"damage":7,"enemies":"Lagavulin","floor":10,"turns":8},{"damage":0,"enemies":"2 Fungi Beasts","floor":11,"turns":3},{"damage":0,"enemies":"Blue Slaver","floor":13,"turns":3},{"damage":37,"enemies":"Gremlin Nob","floor":14,"turns":5},{"damage":0,"enemies":"The Guardian","floor":16,"turns":14},{"damage":0,"enemies":"Chosen","floor":18,"turns":6},{"damage":2,"enemies":"2 Thieves","floor":20,"turns":5},{"damage":66,"enemies":"3 Cultists","floor":22,"turns":6}],"seed_played":"-1741539180327220771","potions_obtained":[{"floor":5,"key":"SteroidPotion"},{"floor":7,"key":"SteroidPotion"},{"floor":20,"key":"Strength Potion"}],"is_trial":false,"path_per_floor":["M","M","$","M","M","R","E","R","T","E","M","R","M","E","R","B",null,"M","?","M","$","M"],"character_chosen":"DEFECT","items_purchased":["Defragment"],"campfire_rested":2,"item_purchase_floors":[21],"current_hp_per_floor":[64,63,63,61,54,54,30,30,30,23,23,44,44,7,28,28,60,60,60,58,58,0],"gold":108,"neow_bonus":"UPGRADE_CARD","is_prod":false,"is_daily":false,"chose_seed":false,"campfire_upgraded":2,"win_rate":0,"timestamp":1562398978,"path_taken":["M","M","$","M","M","R","E","R","T","E","M","R","M","E","R","BOSS","M","?","M","$","M"],"build_version":"2019-07-05","purchased_purges":1,"victory":false,"max_hp_per_floor":[71,71,71,71,71,71,71,71,71,71,71,71,71,71,71,71,71,71,71,71,71,71],"card_choices":[{"not_picked":["Redo","Scrape"],"picked":"Streamline","floor":1},{"not_picked":["Leap","Force Field"],"picked":"Conserve Battery","floor":2},{"not_picked":["Steam","Lockon","Redo"],"picked":"SKIP","floor":4},{"not_picked":["Barrage","Conserve Battery"],"picked":"Coolheaded","floor":5},{"not_picked":["Conserve Battery","Compile Driver"],"picked":"Buffer","floor":7},{"not_picked":["Lockon","Barrage"],"picked":"Leap","floor":10},{"not_picked":["Compile Driver","Rebound"],"picked":"Hologram","floor":11},{"not_picked":["Stack","Melter","Cold Snap"],"picked":"SKIP","floor":13},{"not_picked":["Stack","Melter","Cold Snap"],"picked":"SKIP","floor":13},{"not_picked":["Consume","Heatsinks","Streamline"],"picked":"SKIP","floor":14},{"not_picked":["Buffer","Rainbow"],"picked":"Fission","floor":16},{"not_picked":["Stack","Cold Snap","Gash"],"picked":"SKIP","floor":18},{"not_picked":["Turbo","Streamline","Multi-Cast"],"picked":"SKIP","floor":20}],"player_experience":546696,"relics_obtained":[{"floor":7,"key":"Shuriken"},{"floor":10,"key":"StoneCalendar"},{"floor":14,"key":"WingedGreaves"}],"event_choices":[{"damage_healed":0,"gold_gain":50,"player_choice":"Stole From Cult","damage_taken":0,"max_hp_gain":0,"max_hp_loss":0,"event_name":"Nest","floor":19,"gold_loss":0}],"is_beta":false,"boss_relics":[{"not_picked":["Velvet Choker","Eternal Feather"],"picked":"Ectoplasm"}],"items_purged_floors":[3],"is_endless":false,"potions_floor_spawned":[5,7,11,13,20],"killed_by":"3 Cultists","ascension_level":20}