{"gold_per_floor":[117,170,190,190,209,236,236,253,253,263,288,308,219,234,234,329,329,348,348,448,464,474,474,499,499],"floor_reached":25,"playtime":1382,"items_purged":[],"score":286,"play_id":"d9a901bb-c85d-4221-8447-0c829c94c835","local_time":"20190630120554","is_ascension_mode":true,"campfire_choices":[{"data":"Bash","floor":7.0,"key":"SMITH"},{"floor":15.0,"key":"RECALL"},{"data":"Pommel Strike","floor":23.0,"key":"SMITH"}],"neow_cost":"NONE","seed_source_timestamp":0,"circlet_count":0,"master_deck":["Bash+1","Flame Barrier","Twin Strike","Flex","Evolve","Dual Wield","Spot Weakness","Offering","Rampage","Heavy Blade","Entrench","Anger","Burning Pact","Pommel Strike+1","Immolate","Flame Barrier","Twin Strike","Iron Wave","Havoc","True Grit","Dropkick+1","Flex","Pommel Strike+1"],"special_seed":0,"relics":["Burning Blood","Boot","Ancient Tea Set","Gremlin Horn","FossilizedHelix","Nunchaku","Pandora\u0027s Box","Letter Opener","Omamori"],"potions_floor_usage":[],"damage_taken":[{"damage":1.0,"enemies":"Cultist","floor":1.0,"turns":3.0},{"damage":0.0,"enemies":"Jaw Worm","floor":3.0,"turns":4.0},{"damage":0.0,"enemies":"Small Slimes","floor":5.0,"turns":3.0},{"damage":31.0,"enemies":"Gremlin Nob","floor":6.0,"turns":5.0},{"damage":11.0,"enemies":"Looter","floor":8.0,"turns":2.0},{"damage":15.0,"enemies":"Exordium Thugs","floor":10.0,"turns":5.0},{"damage":25.0,"enemies":"3 Sentries","floor":11.0,"turns":7.0},{"damage":16.0,"enemies":"Lots of Slimes","floor":12.0,"turns":3.0},{"damage":0.0,"enemies":"Blue Slaver","floor":14.0,"turns":3.0},{"damage":30.0,"enemies":"Hexaghost","floor":16.0,"turns":9.0},{"damage":0.0,"enemies":"3 Byrds","floor":18.0,"turns":3.0},{"damage":6.0,"enemies":"2 Thieves","floor":21.0,"turns":3.0},{"damage":0.0,"enemies":"Snake Plant","floor":22.0,"turns":2.0},{"damage":6.0,"enemies":"Gremlin Leader","floor":24.0,"turns":4.0},{"damage":0,"enemies":"Centurion and Healer","floor":25,"turns":2}],"seed_played":"1068907520326393321","potions_obtained":[{"floor":1.0,"key":"Regen Potion"},{"floor":4.0,"key":"Block Potion"},{"floor":4.0,"key":"Ancient Potion"},{"floor":4.0,"key":"FairyPotion"},{"floor":10.0,"key":"Regen Potion"},{"floor":18.0,"key":"Fire Potion"},{"floor":21.0,"key":"Strength Potion"}],"is_trial":false,"path_per_floor":["M","T","M","?","M","E","R","M","T","M","E","M","?","M","R","B",null,"M","?","?","M","M","R","E","M"],"character_chosen":"IRONCLAD","items_purchased":[],"campfire_rested":0,"item_purchase_floors":[],"current_hp_per_floor":[80,80,80,80,80,55,55,50,50,41,22,12,12,18,18,46,80,80,80,80,80,80,80,80,80],"gold":499,"neow_bonus":"RANDOM_COMMON_RELIC","is_prod":false,"is_daily":false,"chose_seed":false,"campfire_upgraded":2,"win_rate":0,"timestamp":1561921554,"path_taken":["M","?","M","?","?","E","R","M","T","M","E","M","?","?","R","BOSS","M","?","?","M","?","R","E","M"],"build_version":"2019-01-23","purchased_purges":0,"victory":false,"max_hp_per_floor":[80,80,80,80,80,80,80,80,80,80,80,80,80,80,80,80,80,80,80,80,80,80,80,80,80],"card_choices":[{"not_picked":["Blood for Blood","Carnage"],"picked":"Flame Barrier","floor":1.0},{"not_picked":["Clash","Havoc"],"picked":"Twin Strike","floor":3.0},{"not_picked":["Disarm","Shockwave"],"picked":"Flex","floor":5.0},{"not_picked":["Bludgeon","Clothesline"],"picked":"Evolve","floor":6.0},{"not_picked":["Entrench","Warcry"],"picked":"Dual Wield","floor":8.0},{"not_picked":["Body Slam","Thunderclap"],"picked":"Spot Weakness","floor":10.0},{"not_picked":["Thunderclap","Immolate"],"picked":"Offering","floor":11.0},{"not_picked":["Dual Wield","Body Slam"],"picked":"Rampage","floor":12.0},{"not_picked":["Perfected Strike","Havoc"],"picked":"Heavy Blade","floor":14.0},{"not_picked":["Carnage","Shrug It Off"],"picked":"True Grit","floor":18.0},{"not_picked":["Perfected Strike","True Grit"],"picked":"Dropkick+1","floor":21.0},{"not_picked":["True Grit","Corruption"],"picked":"Flex","floor":22.0},{"not_picked":["Cleave+1","Infernal Blade"],"picked":"Pommel Strike+1","floor":24.0}],"player_experience":132616,"relics_obtained":[{"floor":6.0,"key":"Ancient Tea Set"},{"floor":9.0,"key":"Gremlin Horn"},{"floor":11.0,"key":"FossilizedHelix"},{"floor":24.0,"key":"Omamori"}],"event_choices":[{"damage_healed":0.0,"max_hp_gain":0.0,"max_hp_loss":0.0,"gold_gain":0.0,"event_name":"Lab","player_choice":"Got Potions","floor":4.0,"gold_loss":0.0,"damage_taken":0.0},{"damage_healed":0.0,"max_hp_gain":0.0,"max_hp_loss":0.0,"gold_gain":0.0,"event_name":"WeMeetAgain","player_choice":"Paid Gold","floor":13.0,"gold_loss":89.0,"damage_taken":0.0,"relics_obtained":["Nunchaku"]},{"damage_healed":0.0,"max_hp_gain":0.0,"max_hp_loss":0.0,"gold_gain":0.0,"event_name":"The Mausoleum","player_choice":"Opened","floor":19.0,"gold_loss":0.0,"damage_taken":0.0,"relics_obtained":["Letter Opener"]},{"damage_healed":0.0,"max_hp_gain":0.0,"max_hp_loss":0.0,"gold_gain":100.0,"event_name":"Golden Shrine","player_choice":"Pray","floor":20.0,"gold_loss":0.0,"damage_taken":0.0}],"is_beta":false,"boss_relics":[{"not_picked":["Tiny House","Sozu"],"picked":"Pandora\u0027s Box"}],"items_purged_floors":[],"is_endless":false,"potions_floor_spawned":[1,6,10,11,12,14,18,21],"killed_by":"Centurion and Healer","ascension_level":2}