{"gold_per_floor":[148,161,175,23,23,23,98,110,110,110,110,110,10,30,30,127,127,143,153,72,72,82,82,82,182,209,209,229,249,265,140,140,238,238,249,99,118,193,18,18,0,0,27,27,73,88,108,124,124,124],"floor_reached":50,"playtime":3380,"items_purged":["Defend_G","Strike_G","Strike_G","Defend_G","Shame"],"score":442,"play_id":"a7db5e25-d032-42b1-91c0-d4758f1a72d7","local_time":"20190220013542","is_ascension_mode":false,"campfire_choices":[{"data":"Neutralize","floor":6,"key":"SMITH"},{"data":"Cloak And Dagger","floor":10,"key":"SMITH"},{"data":"Finisher","floor":15,"key":"SMITH"},{"data":"Accuracy","floor":23,"key":"SMITH"},{"data":"Cloak And Dagger","floor":27,"key":"SMITH"},{"data":"Burst","floor":32,"key":"SMITH"},{"data":"A Thousand Cuts","floor":40,"key":"SMITH"},{"data":"Backstab","floor":42,"key":"SMITH"},{"floor":49,"key":"REST"}],"neow_cost":"NONE","seed_source_timestamp":47796993667020,"circlet_count":0,"master_deck":["Defend_G","Defend_G","Defend_G","Survivor","Neutralize+1","Finisher+1","Crippling Poison+1","Backflip","Backstab+1","Cloak And Dagger+1","After Image","A Thousand Cuts+1","Finisher+1","Riddle With Holes+1","Footwork+1","Cloak And Dagger+1","Accuracy+1","Backflip+1","Burst+1","Doubt","Pain"],"relics":["Ring of the Snake","Tiny Chest","Blood Vial","Question Card","Mummified Hand","Astrolabe","Anchor","Cursed Key","Bottled Lightning","Red Mask","PreservedInsect","Ancient Tea Set"],"potions_floor_usage":[11,18,22,33,33,50,50,50],"damage_taken":[{"damage":0,"enemies":"2 Louse","floor":1,"turns":3},{"damage":0,"enemies":"Cultist","floor":2,"turns":4},{"damage":5,"enemies":"Jaw Worm","floor":3,"turns":4},{"damage":2,"enemies":"Looter","floor":8,"turns":3},{"damage":1,"enemies":"Lagavulin","floor":11,"turns":7},{"damage":2,"enemies":"3 Louse","floor":14,"turns":3},{"damage":35,"enemies":"Slime Boss","floor":16,"turns":16},{"damage":0,"enemies":"Chosen","floor":18,"turns":3},{"damage":4,"enemies":"Shell Parasite","floor":19,"turns":2},{"damage":6,"enemies":"Cultist and Chosen","floor":22,"turns":7},{"damage":0,"enemies":"Centurion and Healer","floor":28,"turns":5},{"damage":0,"enemies":"Snake Plant","floor":29,"turns":5},{"damage":0,"enemies":"Snecko","floor":30,"turns":6},{"damage":30,"enemies":"Automaton","floor":33,"turns":10},{"damage":6,"enemies":"3 Darklings","floor":35,"turns":5},{"damage":0,"enemies":"Orb Walker","floor":37,"turns":3},{"damage":12,"enemies":"Spire Growth","floor":46,"turns":5},{"damage":10,"enemies":"Jaw Worm Horde","floor":47,"turns":4},{"damage":1,"enemies":"Sphere and 2 Shapes","floor":48,"turns":4},{"damage":77,"enemies":"Awakened One","floor":50,"turns":13}],"seed_played":"652939886873750025","potions_obtained":[{"floor":1,"key":"Energy Potion"},{"floor":2,"key":"PowerPotion"},{"floor":3,"key":"Ancient Potion"},{"floor":18,"key":"SpeedPotion"},{"floor":22,"key":"SkillPotion"},{"floor":28,"key":"SneckoOil"},{"floor":30,"key":"LiquidBronze"},{"floor":46,"key":"Strength Potion"},{"floor":48,"key":"AttackPotion"}],"is_trial":false,"path_per_floor":["M","M","M","$","?","R","?","M","T","R","E","T","$","M","R","B",null,"M","M","$","?","M","R","?","?","T","R","M","M","M","$","R","B",null,"M","$","M","T","$","R","?","R","T","$","T","M","M","M","R","B"],"character_chosen":"THE_SILENT","items_purchased":["Backstab","Accuracy"],"campfire_rested":1,"item_purchase_floors":[4,20],"current_hp_per_floor":[70,70,65,65,65,65,54,52,52,52,53,53,53,53,53,20,70,70,66,66,66,62,62,62,62,62,62,64,66,68,68,68,40,70,64,64,66,66,66,66,66,66,66,66,66,56,48,49,70,0],"gold":124,"neow_bonus":"RANDOM_COMMON_RELIC","is_prod":false,"is_daily":false,"chose_seed":false,"campfire_upgraded":8,"win_rate":0,"timestamp":1550622942,"path_taken":["M","M","M","$","?","R","?","M","T","R","E","?","$","?","R","BOSS","M","M","$","?","M","R","?","?","T","R","?","M","M","?","R","BOSS","M","$","M","?","?","R","?","R","T","$","?","M","M","M","R","BOSS"],"build_version":"2019-01-23","purchased_purges":5,"victory":false,"max_hp_per_floor":[70,70,70,70,70,70,70,70,70,70,70,70,70,70,70,70,70,70,70,70,70,70,70,70,70,70,70,70,70,70,70,70,70,70,70,70,70,70,70,70,70,70,70,70,70,70,70,70,70,70],"card_choices":[{"not_picked":["Escape Plan","Leg Sweep"],"picked":"Finisher","floor":1},{"not_picked":["Caltrops","Noxious Fumes"],"picked":"Crippling Poison","floor":2},{"not_picked":["Leg Sweep","Outmaneuver"],"picked":"Backflip","floor":3},{"not_picked":["Underhanded Strike","Flying Knee"],"picked":"Cloak And Dagger","floor":8},{"not_picked":["Dagger Spray","Eviscerate"],"picked":"After Image","floor":11},{"not_picked":["Poisoned Stab","Infinite Blades","Slice","Dagger Throw"],"picked":"SKIP","floor":14},{"not_picked":["Doppelganger","Grand Finale","Unload"],"picked":"A Thousand Cuts","floor":16},{"not_picked":["Dash+1","Dagger Throw","Underhanded Strike"],"picked":"Footwork+1","floor":18},{"not_picked":["Prepared","Bane+1","Blade Dance"],"picked":"Cloak And Dagger","floor":19},{"not_picked":["Choke+1","Prepared+1","Predator"],"picked":"Backflip+1","floor":22},{"not_picked":["Dagger Spray","Noxious Fumes","Outmaneuver"],"picked":"Burst","floor":28},{"not_picked":["Prepared+1","Outmaneuver","Backflip","Blur"],"picked":"SKIP","floor":29},{"not_picked":["Setup","Bane+1","Dagger Spray","Dagger Throw"],"picked":"SKIP","floor":30},{"not_picked":["Dagger Spray","Dash","Calculated Gamble","Noxious Fumes+1"],"picked":"SKIP","floor":35},{"not_picked":["Infinite Blades","Bane","Quick Slash+1","Crippling Poison+1"],"picked":"SKIP","floor":37},{"not_picked":["Underhanded Strike+1","Backflip+1","Noxious Fumes+1","Expertise+1"],"picked":"SKIP","floor":46},{"not_picked":["Outmaneuver","Cloak And Dagger","All Out Attack","Dagger Spray"],"picked":"SKIP","floor":47},{"not_picked":["Poisoned Stab+1","Eviscerate+1","Caltrops","Catalyst"],"picked":"SKIP","floor":48}],"player_experience":355746,"relics_obtained":[{"floor":9,"key":"Blood Vial"},{"floor":11,"key":"Question Card"},{"floor":12,"key":"Mummified Hand"},{"floor":26,"key":"Anchor"},{"floor":38,"key":"Bottled Lightning"},{"floor":43,"key":"PreservedInsect"},{"floor":45,"key":"Ancient Tea Set"}],"event_choices":[{"damage_healed":0,"gold_gain":0,"player_choice":"Grow","damage_taken":0,"max_hp_gain":0,"max_hp_loss":0,"event_name":"Living Wall","floor":5,"gold_loss":0,"cards_upgraded":["Crippling Poison"]},{"damage_healed":0,"gold_gain":75,"player_choice":"Gather Gold","damage_taken":11,"max_hp_gain":0,"max_hp_loss":0,"event_name":"World of Goop","floor":7,"gold_loss":0},{"cards_removed":["Riddle With Holes"],"damage_healed":0,"gold_gain":0,"player_choice":"Elegance","damage_taken":0,"max_hp_gain":0,"max_hp_loss":0,"event_name":"Back to Basics","floor":24,"gold_loss":0},{"damage_healed":0,"gold_gain":100,"player_choice":"Pray","damage_taken":0,"max_hp_gain":0,"max_hp_loss":0,"event_name":"Golden Shrine","floor":25,"gold_loss":0},{"damage_healed":0,"gold_gain":0,"player_choice":"Paid","damage_taken":0,"relics_obtained":["Red Mask"],"max_hp_gain":0,"max_hp_loss":0,"event_name":"Tomb of Lord Red Mask","floor":41,"gold_loss":18}],"is_beta":false,"boss_relics":[{"not_picked":["Busted Crown","Sozu"],"picked":"Astrolabe"},{"not_picked":["Snecko Eye","Tiny House"],"picked":"Cursed Key"}],"items_purged_floors":[4,13,31,36,39],"is_endless":false,"potions_floor_spawned":[1,2,3,8,18,22,28,30,46,48],"killed_by":"Awakened One","ascension_level":0}