{"gold_per_floor":[117,129,146,146,72,102,102,122,174,174,190,190,31,61,61,61],"floor_reached":16,"playtime":760,"items_purged":[],"score":193,"play_id":"5a5ae470-33b9-4d27-90cd-815c0ef5d0f1","local_time":"20190216080505","is_ascension_mode":true,"campfire_choices":[{"data":"Neutralize","floor":7,"key":"SMITH"},{"floor":10,"key":"REST"},{"data":"Malaise","floor":12,"key":"SMITH"},{"data":"Sucker Punch","floor":15,"key":"SMITH"}],"neow_cost":"NONE","seed_source_timestamp":93675133417938,"circlet_count":0,"master_deck":["AscendersBane","Defend_G","Defend_G","Defend_G","Defend_G","Defend_G","Strike_G","Strike_G","Strike_G","Strike_G","Strike_G","Survivor","Neutralize+1","Dagger Spray","Sucker Punch+1","Blur","Malaise+1","Footwork+1","Predator","PiercingWail"],"relics":["Ring of the Snake","Dream Catcher","Frozen Egg 2","Strawberry","Oddly Smooth Stone","Boot","Juzu Bracelet"],"potions_floor_usage":[6],"damage_taken":[{"damage":5,"enemies":"Cultist","floor":1,"turns":5},{"damage":7,"enemies":"Small Slimes","floor":2,"turns":5},{"damage":0,"enemies":"2 Louse","floor":3,"turns":3},{"damage":16,"enemies":"3 Sentries","floor":6,"turns":11},{"damage":1,"enemies":"2 Fungi Beasts","floor":8,"turns":4},{"damage":2,"enemies":"Large Slime","floor":11,"turns":9},{"damage":35,"enemies":"Gremlin Nob","floor":14,"turns":7},{"damage":10,"enemies":"Hexaghost","floor":16,"turns":7}],"seed_played":"-6426248742338360720","potions_obtained":[{"floor":1,"key":"Dexterity Potion"},{"floor":8,"key":"PowerPotion"},{"floor":14,"key":"Fire Potion"}],"is_trial":false,"path_per_floor":["M","M","M","?","?","E","R","M","T","R","M","R","$","E","R","B"],"character_chosen":"THE_SILENT","items_purchased":["Footwork+1","Predator"],"campfire_rested":1,"item_purchase_floors":[13,13],"current_hp_per_floor":[54,47,47,36,43,27,27,26,26,47,45,45,45,10,10,0],"gold":61,"neow_bonus":"RANDOM_COMMON_RELIC","is_prod":false,"is_daily":false,"chose_seed":false,"campfire_upgraded":3,"win_rate":0,"timestamp":1550271905,"path_taken":["M","M","M","?","?","E","R","M","T","R","M","R","$","E","R","BOSS"],"build_version":"2019-01-23","purchased_purges":0,"victory":false,"max_hp_per_floor":[66,66,66,66,73,73,73,73,73,73,73,73,73,73,73,73],"card_choices":[{"not_picked":["Catalyst","Terror"],"picked":"Dagger Spray","floor":1},{"not_picked":["Cloak And Dagger","Endless Agony"],"picked":"Sucker Punch","floor":2},{"not_picked":["Deflect","Prepared","Outmaneuver"],"picked":"SKIP","floor":3},{"not_picked":["Sucker Punch","Deflect"],"picked":"Blur","floor":6},{"not_picked":["Cloak And Dagger","Slice","Bouncing Flask"],"picked":"SKIP","floor":8},{"not_picked":["Deflect","Flying Knee"],"picked":"Malaise","floor":11},{"not_picked":["Prepared","Poisoned Stab"],"picked":"PiercingWail","floor":14}],"player_experience":487167,"relics_obtained":[{"floor":6,"key":"Oddly Smooth Stone"},{"floor":9,"key":"Boot"},{"floor":14,"key":"Juzu Bracelet"}],"event_choices":[{"damage_healed":0,"gold_gain":0,"player_choice":"Success","damage_taken":11,"relics_obtained":["Frozen Egg 2"],"max_hp_gain":0,"max_hp_loss":0,"event_name":"Scrap Ooze","floor":4,"gold_loss":0},{"damage_healed":0,"gold_gain":0,"player_choice":"Paid Gold","damage_taken":0,"relics_obtained":["Strawberry"],"max_hp_gain":0,"max_hp_loss":0,"event_name":"WeMeetAgain","floor":5,"gold_loss":74}],"is_beta":false,"boss_relics":[],"items_purged_floors":[],"is_endless":false,"potions_floor_spawned":[1,8,14],"killed_by":"Hexaghost","ascension_level":15}