{"gold_per_floor":[111,111,131,131,131,169,169,200,223,223,266,266,289,324,324,450,450,474,474,497,522,130,169,185,226,226,260,260,281,281,295,295,295],"floor_reached":33,"playtime":3338,"items_purged":["Defend_G"],"score":455,"play_id":"70221938-81c0-4aaf-9453-710bbb5472b5","local_time":"20190613235446","is_ascension_mode":true,"campfire_choices":[{"floor":7,"key":"REST"},{"floor":12,"key":"RECALL"},{"floor":15,"key":"REST"},{"floor":28,"key":"REST"},{"floor":32,"key":"REST"}],"neow_cost":"NONE","seed_source_timestamp":192353824832533,"circlet_count":0,"master_deck":["Defend_G","Defend_G","Strike_G","Strike_G","Strike_G","Strike_G","Strike_G","Survivor","Neutralize","Leg Sweep","Noxious Fumes","Finisher","Backflip","Blade Dance+1","Accuracy","Terror","Adrenaline","Bane","Prepared+1","PiercingWail","Infinite Blades","Cloak And Dagger","All Out Attack+1","Backflip","Terror","Slice+1","Acrobatics+1","Dagger Spray"],"relics":["Ring of the Snake","Bag of Preparation","Golden Idol","Boot","Orichalcum","Mercury Hourglass","Calipers","Runic Dome","Medical Kit","Vajra","Dodecahedron","PreservedInsect","Du-Vu Doll","Matryoshka"],"potions_floor_usage":[14,16,16,33,33],"damage_taken":[{"damage":0,"enemies":"Small Slimes","floor":1,"turns":4},{"damage":0,"enemies":"Cultist","floor":3,"turns":3},{"damage":15,"enemies":"Lagavulin","floor":6,"turns":10},{"damage":25,"enemies":"Gremlin Nob","floor":8,"turns":5},{"damage":15,"enemies":"Lagavulin","floor":11,"turns":9},{"damage":0,"enemies":"2 Louse","floor":13,"turns":3},{"damage":0,"enemies":"3 Sentries","floor":14,"turns":5},{"damage":0,"enemies":"Slime Boss","floor":16,"turns":6},{"damage":2,"enemies":"3 Byrds","floor":18,"turns":4},{"damage":0,"enemies":"Shell Parasite","floor":20,"turns":4},{"damage":4,"enemies":"Sentry and Sphere","floor":21,"turns":5},{"damage":25,"enemies":"Slavers","floor":23,"turns":6},{"damage":6,"enemies":"Centurion and Healer","floor":24,"turns":5},{"damage":0,"enemies":"Gremlin Leader","floor":25,"turns":4},{"damage":19,"enemies":"Slavers","floor":27,"turns":3},{"damage":18,"enemies":"Shelled Parasite and Fungi","floor":29,"turns":5},{"damage":12,"enemies":"3 Cultists","floor":31,"turns":4},{"damage":28,"enemies":"Champ","floor":33,"turns":7}],"seed_played":"-7834098547694869358","potions_obtained":[{"floor":3,"key":"Dexterity Potion"},{"floor":11,"key":"Fire Potion"},{"floor":13,"key":"Explosive Potion"},{"floor":14,"key":"AttackPotion"},{"floor":24,"key":"Energy Potion"},{"floor":25,"key":"Block Potion"},{"floor":29,"key":"Strength Potion"}],"is_trial":false,"path_per_floor":["M","?","M","?","?","E","R","E","T","?","E","R","M","E","R","B",null,"M","?","M","M","$","E","M","E","T","E","R","M","T","M","R","B"],"character_chosen":"THE_SILENT","items_purchased":["Medical Kit","Infinite Blades","Cloak And Dagger"],"campfire_rested":4,"item_purchase_floors":[22,22,22],"current_hp_per_floor":[70,63,63,63,46,31,52,27,27,27,12,12,12,12,33,33,70,68,68,68,64,64,39,33,33,33,14,35,17,17,5,26,0],"gold":295,"neow_bonus":"RANDOM_COMMON_RELIC","is_prod":false,"is_daily":false,"chose_seed":false,"campfire_upgraded":0,"win_rate":0,"timestamp":1560495286,"path_taken":["M","?","M","?","?","E","R","E","T","?","E","R","?","E","R","BOSS","M","?","?","M","$","E","M","E","T","E","R","M","?","?","R","BOSS"],"build_version":"2019-01-23","purchased_purges":1,"victory":false,"max_hp_per_floor":[70,70,70,70,70,70,70,70,70,70,70,70,70,70,70,70,70,70,70,70,70,70,70,70,70,70,70,70,70,70,70,70,70],"card_choices":[{"not_picked":["Bane","Deflect"],"picked":"Leg Sweep","floor":1},{"not_picked":["Underhanded Strike","Caltrops"],"picked":"Noxious Fumes","floor":3},{"not_picked":["Sucker Punch","Dagger Throw"],"picked":"Finisher","floor":6},{"not_picked":["Flying Knee","Flechettes"],"picked":"Backflip","floor":8},{"not_picked":["Distraction","Poisoned Stab"],"picked":"Blade Dance","floor":11},{"not_picked":["Underhanded Strike","Riddle With Holes"],"picked":"Accuracy","floor":13},{"not_picked":["Eviscerate","Doppelganger"],"picked":"Terror","floor":14},{"not_picked":["Malaise","Glass Knife"],"picked":"Adrenaline","floor":16},{"not_picked":["Caltrops","Riddle With Holes"],"picked":"Bane","floor":18},{"not_picked":["Caltrops","Eviscerate"],"picked":"Prepared+1","floor":20},{"not_picked":["Dagger Spray","Sucker Punch"],"picked":"PiercingWail","floor":21},{"not_picked":["Deadly Poison","Skewer"],"picked":"All Out Attack+1","floor":23},{"not_picked":["Venomology","Distraction"],"picked":"Backflip","floor":24},{"not_picked":["Slice","A Thousand Cuts"],"picked":"Terror","floor":25},{"not_picked":["All Out Attack","Dagger Spray"],"picked":"Slice+1","floor":27},{"not_picked":["Dagger Spray","Terror"],"picked":"Acrobatics+1","floor":29},{"not_picked":["Acrobatics","Dodge and Roll"],"picked":"Dagger Spray","floor":31}],"player_experience":71825,"relics_obtained":[{"floor":6,"key":"Boot"},{"floor":8,"key":"Orichalcum"},{"floor":11,"key":"Mercury Hourglass"},{"floor":14,"key":"Calipers"},{"floor":23,"key":"Vajra"},{"floor":25,"key":"Dodecahedron"},{"floor":26,"key":"PreservedInsect"},{"floor":27,"key":"Du-Vu Doll"},{"floor":30,"key":"Matryoshka"}],"event_choices":[{"cards_removed":["Defend_G"],"damage_healed":0,"gold_gain":0,"player_choice":"Card Removal","damage_taken":7,"max_hp_gain":0,"max_hp_loss":0,"event_name":"Golden Wing","floor":2,"gold_loss":0},{"cards_removed":["Defend_G"],"damage_healed":0,"gold_gain":0,"player_choice":"Forget","damage_taken":0,"max_hp_gain":0,"max_hp_loss":0,"event_name":"Living Wall","floor":4,"gold_loss":0},{"damage_healed":0,"gold_gain":0,"player_choice":"Take Damage","damage_taken":17,"relics_obtained":["Golden Idol"],"max_hp_gain":0,"max_hp_loss":0,"event_name":"Golden Idol","floor":5,"gold_loss":0},{"damage_healed":0,"gold_gain":0,"player_choice":"0 cards matched","damage_taken":0,"max_hp_gain":0,"max_hp_loss":0,"event_name":"Match and Keep!","floor":10,"gold_loss":0,"cards_obtained":[]},{"damage_healed":0,"gold_gain":0,"player_choice":"Upgraded","damage_taken":0,"max_hp_gain":0,"max_hp_loss":0,"event_name":"Upgrade Shrine","floor":19,"gold_loss":0,"cards_upgraded":["Blade Dance"]}],"is_beta":false,"boss_relics":[{"not_picked":["Runic Pyramid","Snecko Eye"],"picked":"Runic Dome"}],"items_purged_floors":[22],"is_endless":false,"potions_floor_spawned":[3,11,13,14,24,25,29],"killed_by":"Champ","ascension_level":1}