{"gold_per_floor":[114,133,133,58,58,58,69,19,19,39,39,39,51,64,64,160,160,180,80,100,100,100,130,130,5,5,18,32,32,48,66,66,66],"floor_reached":33,"playtime":2819,"items_purged":["Strike_R","Strike_R","Havoc"],"score":259,"play_id":"c5f89aef-766c-47b9-a4b1-dd305603f448","local_time":"20190601030821","is_ascension_mode":false,"campfire_choices":[{"data":"Body Slam","floor":6,"key":"SMITH"},{"data":"Anger","floor":11,"key":"SMITH"},{"data":"Spot Weakness","floor":15,"key":"SMITH"},{"floor":24,"key":"REST"},{"floor":29,"key":"DIG"},{"floor":32,"key":"DIG"}],"neow_cost":"NONE","seed_source_timestamp":43315228715012,"circlet_count":0,"master_deck":["Strike_R","Defend_R","Defend_R","Defend_R","Defend_R","Bash","Body Slam+1","Spot Weakness+1","Anger+1","Impervious","Shrug It Off+1","Fire Breathing+1"],"relics":["Burning Blood","Question Card","Self Forming Clay","Busted Crown","Centennial Puzzle","Shovel","Art of War","Ginger"],"potions_floor_usage":[16,18,23,28],"damage_taken":[{"damage":1,"enemies":"Jaw Worm","floor":1,"turns":5},{"damage":2,"enemies":"Small Slimes","floor":2,"turns":6},{"damage":2,"enemies":"2 Louse","floor":7,"turns":3},{"damage":8,"enemies":"Red Slaver","floor":10,"turns":3},{"damage":2,"enemies":"Blue Slaver","floor":13,"turns":3},{"damage":4,"enemies":"3 Louse","floor":14,"turns":4},{"damage":32,"enemies":"Slime Boss","floor":16,"turns":9},{"damage":28,"enemies":"3 Byrds","floor":18,"turns":5},{"damage":0,"enemies":"Chosen","floor":20,"turns":4},{"damage":25,"enemies":"Slavers","floor":23,"turns":5},{"damage":0,"enemies":"Snake Plant","floor":27,"turns":2},{"damage":0,"enemies":"Chosen and Byrds","floor":28,"turns":4},{"damage":0,"enemies":"Cultist and Chosen","floor":30,"turns":6},{"damage":12,"enemies":"Centurion and Healer","floor":31,"turns":6},{"damage":95,"enemies":"Champ","floor":33,"turns":13}],"seed_played":"6073078323962604674","potions_obtained":[{"floor":0,"key":"FearPotion"},{"floor":0,"key":"AttackPotion"},{"floor":0,"key":"SneckoOil"},{"floor":1,"key":"BloodPotion"},{"floor":10,"key":"SkillPotion"},{"floor":18,"key":"Explosive Potion"},{"floor":27,"key":"Ancient Potion"}],"is_trial":false,"path_per_floor":["M","M","?","$","?","R","M","?","T","M","R","?","M","M","R","B",null,"M","$","M","?","?","E","R","$","T","M","M","R","M","M","R","B"],"character_chosen":"IRONCLAD","items_purchased":[],"campfire_rested":1,"item_purchase_floors":[],"current_hp_per_floor":[80,80,77,77,82,82,85,85,85,83,83,83,85,85,85,59,85,63,63,69,69,61,42,67,67,67,73,79,79,85,79,79,0],"gold":66,"neow_bonus":"THREE_SMALL_POTIONS","is_prod":false,"is_daily":false,"chose_seed":false,"campfire_upgraded":3,"win_rate":0,"timestamp":1559351301,"path_taken":["M","M","?","$","?","R","M","?","T","M","R","?","?","M","R","BOSS","M","$","M","?","?","E","R","$","T","M","M","R","?","M","R","BOSS"],"build_version":"2019-01-23","purchased_purges":3,"victory":false,"max_hp_per_floor":[80,80,80,80,85,85,85,85,85,85,85,85,85,85,85,85,85,85,85,85,85,85,85,85,85,85,85,85,85,85,85,85,85],"card_choices":[{"not_picked":["Disarm","Havoc"],"picked":"Body Slam","floor":1},{"not_picked":["Second Wind","Carnage"],"picked":"Spot Weakness","floor":2},{"not_picked":["Shrug It Off","Havoc","Pommel Strike"],"picked":"Anger","floor":7},{"not_picked":["Sword Boomerang","Havoc","Feel No Pain","Body Slam"],"picked":"SKIP","floor":10},{"not_picked":["Entrench","Wild Strike","Iron Wave","Fiend Fire"],"picked":"SKIP","floor":13},{"not_picked":["Sword Boomerang","Thunderclap","Corruption","Anger"],"picked":"SKIP","floor":14},{"not_picked":["Berserk","Fiend Fire","Barricade"],"picked":"Impervious","floor":16},{"not_picked":["Pommel Strike","Flame Barrier"],"picked":"SKIP","floor":18},{"not_picked":["Pommel Strike","Clash"],"picked":"SKIP","floor":20},{"not_picked":["Anger","Wild Strike"],"picked":"SKIP","floor":23},{"not_picked":["Anger","Wild Strike"],"picked":"SKIP","floor":23},{"not_picked":["Blood for Blood"],"picked":"Shrug It Off+1","floor":27},{"not_picked":["Spot Weakness+1"],"picked":"Fire Breathing+1","floor":28},{"not_picked":["Rage","Sentinel"],"picked":"SKIP","floor":30},{"not_picked":["Shrug It Off","Sword Boomerang+1"],"picked":"SKIP","floor":31}],"player_experience":368325,"relics_obtained":[{"floor":9,"key":"Self Forming Clay"},{"floor":23,"key":"Centennial Puzzle"},{"floor":26,"key":"Shovel"},{"floor":29,"key":"Art of War"},{"floor":32,"key":"Ginger"}],"event_choices":[{"damage_healed":0,"gold_gain":0,"player_choice":"Success","damage_taken":3,"relics_obtained":["Question Card"],"max_hp_gain":0,"max_hp_loss":0,"event_name":"Scrap Ooze","floor":3,"gold_loss":0},{"damage_healed":0,"gold_gain":0,"player_choice":"Donut","damage_taken":0,"max_hp_gain":5,"max_hp_loss":0,"event_name":"Big Fish","floor":5,"gold_loss":0},{"cards_removed":["Strike_R"],"damage_healed":0,"gold_gain":0,"player_choice":"Card Removal","damage_taken":0,"max_hp_gain":0,"max_hp_loss":0,"event_name":"The Cleric","floor":8,"gold_loss":50},{"damage_healed":0,"gold_gain":0,"cards_transformed":["Strike_R"],"player_choice":"Transformed","damage_taken":0,"max_hp_gain":0,"max_hp_loss":0,"event_name":"Transmorgrifier","floor":12,"gold_loss":0,"cards_obtained":["Havoc"]},{"damage_healed":0,"gold_gain":0,"player_choice":"Ignored","damage_taken":0,"max_hp_gain":0,"max_hp_loss":0,"event_name":"Vampires","floor":21,"gold_loss":0},{"damage_healed":0,"gold_gain":0,"player_choice":"","damage_taken":8,"max_hp_gain":0,"max_hp_loss":0,"event_name":"Knowing Skull","floor":22,"potions_obtained":[],"gold_loss":0,"cards_obtained":[]}],"is_beta":false,"boss_relics":[{"not_picked":["Runic Dome","Fusion Hammer"],"picked":"Busted Crown"}],"items_purged_floors":[4,19,25],"is_endless":false,"potions_floor_spawned":[1,10,13,18,27],"killed_by":"Champ","ascension_level":0}