{"gold_per_floor":[112,123,134,152,152,184,204,169,224,251,251,277,277,293,293,371,371,389,314,314,329,4,4],"floor_reached":23,"playtime":1172,"items_purged":[],"score":622,"play_id":"8eff15ab-51f2-4e6d-a748-dd0ae293a284","local_time":"20190707083344","is_ascension_mode":true,"campfire_choices":[{"data":"Reinforced Body","floor":11,"key":"SMITH"},{"data":"Zap","floor":13,"key":"SMITH"},{"data":"Consume","floor":15,"key":"SMITH"}],"neow_cost":"NONE","seed_source_timestamp":374440551653989,"circlet_count":0,"master_deck":["AscendersBane","Strike_B","Strike_B","Strike_B","Defend_B","Defend_B","Defend_B","Defend_B","Zap+1","Dualcast","Sunder+1","Cold Snap","Ball Lightning","Undo","Reinforced Body+1","Consume+1","Electrodynamics","Loop"],"relics":["Runic Dome","Thread and Needle","Pen Nib","The Courier","Orichalcum","Black Star","Gambling Chip"],"potions_floor_usage":[16,21],"damage_taken":[{"damage":4,"enemies":"Jaw Worm","floor":1,"turns":4},{"damage":0,"enemies":"2 Louse","floor":2,"turns":3},{"damage":5,"enemies":"Small Slimes","floor":3,"turns":3},{"damage":12,"enemies":"Exordium Wildlife","floor":4,"turns":5},{"damage":30,"enemies":"Gremlin Nob","floor":6,"turns":4},{"damage":0,"enemies":"Gremlin Gang","floor":7,"turns":4},{"damage":0,"enemies":"3 Sentries","floor":10,"turns":4},{"damage":0,"enemies":"Gremlin Nob","floor":12,"turns":2},{"damage":0,"enemies":"2 Fungi Beasts","floor":14,"turns":2},{"damage":0,"enemies":"The Guardian","floor":16,"turns":9},{"damage":7,"enemies":"Shell Parasite","floor":18,"turns":4},{"damage":12,"enemies":"Chosen","floor":21,"turns":5},{"damage":45,"enemies":"Book of Stabbing","floor":23,"turns":5}],"seed_played":"3036880560999031443","potions_obtained":[{"floor":4,"key":"LiquidBronze"},{"floor":6,"key":"Swift Potion"},{"floor":21,"key":"GamblersBrew"}],"is_trial":false,"path_per_floor":["M","M","M","M","?","E","M","?","T","E","R","E","R","M","R","B",null,"M","?","?","M","$","E"],"character_chosen":"DEFECT","items_purchased":["Gambling Chip","Loop"],"campfire_rested":0,"item_purchase_floors":[22,22],"current_hp_per_floor":[60,60,55,43,43,13,13,30,30,30,30,30,30,30,30,30,61,54,54,54,42,42,0],"gold":4,"neow_bonus":"BOSS_RELIC","is_prod":false,"is_daily":false,"chose_seed":false,"campfire_upgraded":3,"win_rate":0,"timestamp":1562456024,"path_taken":["M","M","M","M","?","E","M","?","T","E","R","E","R","M","R","BOSS","M","?","?","M","?","E"],"build_version":"2019-07-05","purchased_purges":0,"victory":false,"max_hp_per_floor":[71,71,71,71,71,71,71,71,71,71,71,71,71,71,71,71,71,71,71,71,71,71,71],"card_choices":[{"not_picked":["Rebound","Barrage","Go for the Eyes"],"picked":"SKIP","floor":1},{"not_picked":["Darkness","Steam"],"picked":"Sunder","floor":2},{"not_picked":["Static Discharge","Stack"],"picked":"Cold Snap","floor":3},{"not_picked":["Chill","Gash"],"picked":"Ball Lightning","floor":4},{"not_picked":["Tempest","Cold Snap"],"picked":"Undo","floor":6},{"not_picked":["Compile Driver","Redo","FTL"],"picked":"SKIP","floor":7},{"not_picked":["Meteor Strike","Gash"],"picked":"Reinforced Body","floor":10},{"not_picked":["Ball Lightning","Stack","Conserve Battery"],"picked":"SKIP","floor":12},{"not_picked":["Sweeping Beam","Blizzard"],"picked":"Consume","floor":14},{"not_picked":["Meteor Strike","Biased Cognition"],"picked":"Electrodynamics","floor":16},{"not_picked":["Beam Cell","Scrape+1","Streamline"],"picked":"SKIP","floor":18},{"not_picked":["Leap","Aggregate","Double Energy"],"picked":"SKIP","floor":21}],"player_experience":551903,"relics_obtained":[{"floor":6,"key":"Thread and Needle"},{"floor":9,"key":"Pen Nib"},{"floor":10,"key":"The Courier"},{"floor":12,"key":"Orichalcum"}],"event_choices":[{"damage_healed":0,"gold_gain":0,"player_choice":"Grow","damage_taken":0,"max_hp_gain":0,"max_hp_loss":0,"event_name":"Living Wall","floor":5,"gold_loss":0,"cards_upgraded":["Sunder"]},{"damage_healed":17,"gold_gain":0,"player_choice":"Healed","damage_taken":0,"max_hp_gain":0,"max_hp_loss":0,"event_name":"The Cleric","floor":8,"gold_loss":35},{"cards_removed":["Strike_B"],"damage_healed":0,"gold_gain":0,"player_choice":"Gave Gold","damage_taken":0,"max_hp_gain":0,"max_hp_loss":0,"event_name":"Beggar","floor":19,"gold_loss":75},{"damage_healed":0,"gold_gain":0,"player_choice":"Ignored","damage_taken":0,"max_hp_gain":0,"max_hp_loss":0,"event_name":"Vampires","floor":20,"gold_loss":0}],"is_beta":false,"boss_relics":[{"not_picked":["Eternal Feather","Fusion Hammer"],"picked":"Black Star"}],"items_purged_floors":[],"is_endless":false,"potions_floor_spawned":[4,6,14,21],"killed_by":"Book of Stabbing","ascension_level":20}