{"gold_per_floor":[99,17,17,28,28,60,70,81,81,91,91,121,121,141,141,243,243,255,255,255,69,84,84,101,101,101,136,152,172,186,33,33,133,133,151,151,164,164,184,184,213,231,231,231],"floor_reached":44,"playtime":2356,"items_purged":[],"score":597,"play_id":"e61f63ec-0ca4-430c-9db7-8638e9365258","local_time":"20190717205237","is_ascension_mode":true,"campfire_choices":[{"data":"Cloak And Dagger","floor":11,"key":"SMITH"},{"data":"Cloak And Dagger","floor":15,"key":"SMITH"},{"data":"Cloak And Dagger","floor":23,"key":"SMITH"},{"data":"Accuracy","floor":25,"key":"SMITH"},{"data":"Cloak And Dagger","floor":32,"key":"SMITH"},{"floor":40,"key":"REST"}],"neow_cost":"NONE","seed_source_timestamp":100845683550478,"circlet_count":0,"master_deck":["Defend_G","Defend_G","Defend_G","Defend_G","Defend_G","Survivor","Neutralize","Dash","Accuracy+1","Cloak And Dagger+1","Cloak And Dagger+1","Cloak And Dagger+1","All Out Attack","Backstab","Leg Sweep","Envenom","Prepared+1","Bite","Bite","Bite","Bite","Bite","Leg Sweep","Backflip","Backflip","Cloak And Dagger+1","After Image","Accuracy","Escape Plan+1","Parasite","Crippling Poison+1"],"relics":["Ring of the Snake","NeowsBlessing","Darkstone Periapt","Shuriken","Anchor","Sozu","Bottled Flame","Art of War","Dream Catcher","Dodecahedron","Vajra","WristBlade","Blood Vial","Orichalcum"],"potions_floor_usage":[22,29,42],"damage_taken":[{"damage":0,"enemies":"2 Louse","floor":1,"turns":1},{"damage":0,"enemies":"Cultist","floor":4,"turns":1},{"damage":0,"enemies":"Gremlin Nob","floor":6,"turns":1},{"damage":0,"enemies":"Jaw Worm","floor":7,"turns":4},{"damage":0,"enemies":"Blue Slaver","floor":8,"turns":4},{"damage":0,"enemies":"Large Slime","floor":10,"turns":5},{"damage":10,"enemies":"3 Sentries","floor":12,"turns":6},{"damage":0,"enemies":"Lots of Slimes","floor":14,"turns":3},{"damage":20,"enemies":"Slime Boss","floor":16,"turns":9},{"damage":5,"enemies":"3 Byrds","floor":18,"turns":7},{"damage":0,"enemies":"Shell Parasite","floor":22,"turns":5},{"damage":0,"enemies":"Centurion and Healer","floor":24,"turns":7},{"damage":6,"enemies":"Book of Stabbing","floor":27,"turns":5},{"damage":4,"enemies":"Shelled Parasite and Fungi","floor":28,"turns":6},{"damage":11,"enemies":"Snake Plant","floor":29,"turns":4},{"damage":21,"enemies":"Centurion and Healer","floor":30,"turns":7},{"damage":32,"enemies":"Automaton","floor":33,"turns":10},{"damage":13,"enemies":"3 Shapes","floor":35,"turns":4},{"damage":0,"enemies":"Orb Walker","floor":37,"turns":3},{"damage":20,"enemies":"Sphere and 2 Shapes","floor":39,"turns":5},{"damage":45,"enemies":"Nemesis","floor":41,"turns":7},{"damage":26,"enemies":"Writhing Mass","floor":42,"turns":7},{"damage":24,"enemies":"Giant Head","floor":44,"turns":7}],"seed_played":"-8408529986842768954","potions_obtained":[{"floor":6,"key":"Explosive Potion"},{"floor":8,"key":"Block Potion"},{"floor":10,"key":"AttackPotion"}],"is_trial":false,"path_per_floor":["M","$","?","M","$","E","M","M","T","M","R","E","?","M","R","B",null,"M","?","T","$","M","R","M","R","T","E","M","M","M","$","R","B",null,"M","?","M","$","M","R","E","M","T","E"],"character_chosen":"THE_SILENT","items_purchased":["Accuracy","Cloak And Dagger","Leg Sweep","Art of War","Vajra"],"campfire_rested":1,"item_purchase_floors":[2,2,21,21,31],"current_hp_per_floor":[70,70,70,70,70,70,70,70,70,70,70,60,65,65,65,45,75,70,52,52,52,52,52,52,52,52,48,50,45,38,38,38,28,52,45,45,47,47,36,51,19,11,11,0],"gold":231,"neow_bonus":"THREE_ENEMY_KILL","is_prod":false,"is_daily":false,"chose_seed":false,"campfire_upgraded":5,"win_rate":0,"timestamp":1563414757,"path_taken":["M","$","?","?","$","E","?","M","T","M","R","E","?","M","R","BOSS","M","?","?","$","M","R","M","R","T","E","M","M","M","?","R","BOSS","M","?","M","$","M","R","E","M","T","E"],"build_version":"2019-07-05","purchased_purges":0,"victory":false,"max_hp_per_floor":[70,70,70,70,70,70,70,70,70,70,70,70,75,75,75,75,75,75,52,52,52,52,52,52,52,52,52,52,52,52,52,52,52,52,52,52,52,52,52,52,52,58,58,58],"card_choices":[{"not_picked":["Deadly Poison","Dagger Spray"],"picked":"Dash","floor":1},{"not_picked":["Sucker Punch","Slice"],"picked":"Cloak And Dagger","floor":4},{"not_picked":["Crippling Poison","Heel Hook","Prepared"],"picked":"SKIP","floor":6},{"not_picked":["Dash","After Image"],"picked":"Cloak And Dagger","floor":7},{"not_picked":["Prepared","Reflex"],"picked":"All Out Attack","floor":8},{"not_picked":["Slice","Prepared"],"picked":"Backstab","floor":10},{"not_picked":["Slice","Bane"],"picked":"Leg Sweep","floor":12},{"not_picked":["Choke","Backstab","Acrobatics"],"picked":"SKIP","floor":14},{"not_picked":["Phantasmal Killer","Venomology"],"picked":"Envenom","floor":16},{"not_picked":["Poisoned Stab","Sucker Punch"],"picked":"Prepared+1","floor":18},{"not_picked":["Flying Knee","Blade Dance"],"picked":"Backflip","floor":22},{"not_picked":["Deflect","Well Laid Plans","Dagger Spray"],"picked":"SKIP","floor":24},{"not_picked":["Endless Agony","Malaise","Bouncing Flask+1"],"picked":"SKIP","floor":27},{"not_picked":["Expertise","Sucker Punch","Slice"],"picked":"SKIP","floor":28},{"not_picked":["Bane","Corpse Explosion"],"picked":"Backflip","floor":29},{"not_picked":["Dodge and Roll","Sucker Punch"],"picked":"Cloak And Dagger","floor":30},{"not_picked":["Storm of Steel","A Thousand Cuts"],"picked":"After Image","floor":33},{"not_picked":["Bane+1","Deflect+1"],"picked":"Accuracy","floor":35},{"not_picked":["Acrobatics","Endless Agony+1","Sucker Punch"],"picked":"SKIP","floor":37},{"not_picked":["Poisoned Stab+1","Deadly Poison"],"picked":"Escape Plan+1","floor":39},{"not_picked":["Sucker Punch","Dagger Throw+1","Poisoned Stab"],"picked":"SKIP","floor":41},{"not_picked":["Flechettes+1","Calculated Gamble"],"picked":"Crippling Poison+1","floor":42}],"player_experience":133752,"relics_obtained":[{"floor":6,"key":"Darkstone Periapt"},{"floor":9,"key":"Shuriken"},{"floor":12,"key":"Anchor"},{"floor":20,"key":"Bottled Flame"},{"floor":26,"key":"Dream Catcher"},{"floor":27,"key":"Dodecahedron"},{"floor":41,"key":"Blood Vial"},{"floor":43,"key":"Orichalcum"}],"event_choices":[{"cards_removed":["Strike_G"],"damage_healed":0,"gold_gain":0,"player_choice":"Offered Basic","damage_taken":0,"max_hp_gain":0,"max_hp_loss":0,"event_name":"Bonfire Elementals","floor":3,"gold_loss":0},{"damage_healed":0,"gold_gain":0,"player_choice":"Donut","damage_taken":0,"max_hp_gain":5,"max_hp_loss":0,"event_name":"Big Fish","floor":13,"gold_loss":0},{"damage_healed":0,"gold_gain":0,"player_choice":"Became a vampire","damage_taken":0,"max_hp_gain":0,"max_hp_loss":23,"event_name":"Vampires","floor":19,"gold_loss":0,"cards_obtained":["Bite","Bite","Bite","Bite","Bite"]},{"damage_healed":0,"gold_gain":0,"player_choice":"0 cards matched","damage_taken":0,"max_hp_gain":0,"max_hp_loss":0,"event_name":"Match and Keep!","floor":36,"gold_loss":0,"cards_obtained":[]}],"is_beta":false,"boss_relics":[{"not_picked":["Philosopher\u0027s Stone","HoveringKite"],"picked":"Sozu"},{"not_picked":["Cursed Key","Empty Cage"],"picked":"WristBlade"}],"items_purged_floors":[],"is_endless":false,"potions_floor_spawned":[6,8,10,16,22,24,30,35,39,42],"killed_by":"Giant Head","ascension_level":2}