{"gold_per_floor":[111,111,125,125,138,138,138,63,63,96,96,96,96,119,119,239,239,259,283,283,183,199,199,199,215,215,215,16,16,55,79,79,209,209,222,238,88,108,1107,1107,1125,1148,1171,1171,161,161,181,201,201,201],"floor_reached":51,"playtime":4366,"items_purged":["Strike_G","Strike_G","Strike_G","Strike_G","Doubt"],"score":667,"play_id":"8734d22e-043f-4ed1-9e84-36a9168403c3","local_time":"20180706220414","is_ascension_mode":false,"campfire_choices":[{"data":"Neutralize","floor":7,"key":"SMITH"},{"data":"Outmaneuver","floor":12,"key":"SMITH"},{"data":"Deadly Poison","floor":15,"key":"SMITH"},{"floor":24,"key":"REST"},{"data":"Burst","floor":27,"key":"SMITH"},{"data":"Noxious Fumes","floor":32,"key":"SMITH"},{"floor":40,"key":"REST"},{"data":"A Thousand Cuts","floor":44,"key":"SMITH"},{"data":"Footwork","floor":46,"key":"SMITH"},{"floor":49,"key":"REST"}],"neow_cost":"NONE","seed_source_timestamp":38760035029598,"circlet_count":0,"master_deck":["Defend_G","Defend_G","Defend_G","Defend_G","Strike_G","Survivor","Neutralize+1","Heel Hook","Outmaneuver+1","Deadly Poison+1","Burst+1","Heel Hook+1","Noxious Fumes+1","Deadly Poison+1","A Thousand Cuts+1","Flying Knee+1","Blur+1","Footwork+1","Master of Strategy"],"relics":["Ring of the Snake","Regal Pillow","Golden Idol","Toolbox","Incense Burner","Mercury Hourglass","Runic Pyramid","Nilry\u0027s Codex","Omamori","Bottled Lightning","Cursed Key","Strawberry","Dodecahedron","Boot","Membership Card"],"potions_floor_usage":[10,10,22,30,33,33,38,42,48,50],"damage_taken":[{"damage":0,"enemies":"Jaw Worm","floor":1,"turns":4},{"damage":0,"enemies":"2 Louse","floor":3,"turns":2},{"damage":3,"enemies":"Small Slimes","floor":5,"turns":5},{"damage":20,"enemies":"Lagavulin","floor":10,"turns":10},{"damage":0,"enemies":"3 Louse","floor":14,"turns":2},{"damage":25,"enemies":"Hexaghost","floor":16,"turns":10},{"damage":0,"enemies":"Spheric Guardian","floor":18,"turns":4},{"damage":2,"enemies":"Chosen","floor":19,"turns":4},{"damage":20,"enemies":"Centurion and Healer","floor":22,"turns":7},{"damage":0,"enemies":"Snake Plant","floor":25,"turns":4},{"damage":11,"enemies":"Book of Stabbing","floor":30,"turns":4},{"damage":0,"enemies":"Snecko","floor":31,"turns":3},{"damage":54,"enemies":"Collector","floor":33,"turns":6},{"damage":14,"enemies":"3 Darklings","floor":35,"turns":4},{"damage":16,"enemies":"3 Shapes","floor":36,"turns":3},{"damage":9,"enemies":"Sphere and 2 Shapes","floor":38,"turns":5},{"damage":12,"enemies":"4 Shapes","floor":41,"turns":4},{"damage":10,"enemies":"Maw","floor":42,"turns":6},{"damage":12,"enemies":"Sphere and 2 Shapes","floor":47,"turns":4},{"damage":10,"enemies":"3 Darklings","floor":48,"turns":4},{"damage":17,"enemies":"Awakened One","floor":50,"turns":9}],"seed_played":"-2021570541639098264","potions_obtained":[{"floor":1,"key":"Regen Potion"},{"floor":5,"key":"FearPotion"},{"floor":19,"key":"Energy Potion"},{"floor":22,"key":"Swift Potion"},{"floor":29,"key":"Ancient Potion"},{"floor":29,"key":"SkillPotion"},{"floor":33,"key":"Swift Potion"},{"floor":36,"key":"AttackPotion"},{"floor":38,"key":"Energy Potion"},{"floor":47,"key":"Explosive Potion"}],"is_trial":false,"path_per_floor":["M","?","M","?","M","?","R","$","T","E","?","R","T","M","R","B",null,"M","M","?","$","M","?","R","M","T","R","$","?","E","M","R","B",null,"M","M","$","M","?","R","M","M","T","R","$","R","M","M","R","B"],"character_chosen":"THE_SILENT","items_purchased":["Noxious Fumes","Footwork","Dodecahedron","Boot","Membership Card","Master of Strategy"],"campfire_rested":3,"item_purchase_floors":[28,45,45,45,45,45],"current_hp_per_floor":[70,53,53,58,55,55,55,55,55,49,49,49,49,49,49,24,75,75,73,66,66,46,30,67,67,67,67,67,67,56,56,56,2,75,61,45,45,36,36,73,61,51,58,58,58,58,46,50,82,65],"gold":201,"neow_bonus":"RANDOM_COMMON_RELIC","is_prod":false,"is_daily":false,"chose_seed":false,"campfire_upgraded":7,"win_rate":0,"timestamp":1530907454,"path_taken":["M","?","M","?","?","?","R","$","T","E","?","R","?","M","R","BOSS","M","?","?","$","M","?","R","M","T","R","$","?","E","M","R","BOSS","M","?","$","M","?","R","M","M","T","R","$","R","M","M","R","BOSS"],"build_version":"2018-06-28","purchased_purges":5,"victory":true,"max_hp_per_floor":[70,70,70,75,75,75,75,75,75,75,75,75,75,75,75,75,75,75,75,75,75,75,75,75,75,75,75,75,75,75,75,75,75,75,75,75,75,75,75,75,75,75,82,82,82,82,82,82,82,82],"card_choices":[{"not_picked":["Dagger Spray","Bane"],"picked":"Heel Hook","floor":1},{"not_picked":["Caltrops","Dagger Spray","Skewer"],"picked":"SKIP","floor":3},{"not_picked":["Poisoned Stab","Outmaneuver","Reflex"],"picked":"SKIP","floor":5},{"not_picked":["Skewer","Venomology"],"picked":"Outmaneuver","floor":10},{"not_picked":["Dash","Bane"],"picked":"Deadly Poison","floor":14},{"not_picked":["Doppelganger","Unload"],"picked":"Burst","floor":16},{"not_picked":["Predator","Dagger Spray","Choke"],"picked":"SKIP","floor":18},{"not_picked":["Cloak And Dagger","Deflect","Malaise"],"picked":"SKIP","floor":19},{"not_picked":["PiercingWail","Well Laid Plans"],"picked":"Heel Hook+1","floor":22},{"not_picked":["Finisher","Terror","Deflect"],"picked":"SKIP","floor":25},{"not_picked":["Eviscerate","PiercingWail"],"picked":"Deadly Poison+1","floor":30},{"not_picked":["Outmaneuver+1","Dash","Cloak And Dagger"],"picked":"SKIP","floor":31},{"not_picked":["Grand Finale","Bullet Time"],"picked":"A Thousand Cuts","floor":33},{"not_picked":["Sucker Punch+1","Calculated Gamble","Slice+1"],"picked":"SKIP","floor":35},{"not_picked":["Quick Slash","Dagger Throw"],"picked":"Flying Knee+1","floor":36},{"not_picked":["Acrobatics","Leg Sweep+1","Outmaneuver"],"picked":"SKIP","floor":38},{"not_picked":["Reflex+1","Expertise+1","Caltrops"],"picked":"SKIP","floor":41},{"not_picked":["PiercingWail","Acrobatics"],"picked":"Blur+1","floor":42},{"not_picked":["Riddle With Holes","Flying Knee+1","Cloak And Dagger+1"],"picked":"SKIP","floor":47},{"not_picked":["Accuracy+1","Caltrops+1","Predator"],"picked":"SKIP","floor":48}],"player_experience":297552,"relics_obtained":[{"floor":9,"key":"Toolbox"},{"floor":10,"key":"Incense Burner"},{"floor":13,"key":"Mercury Hourglass"},{"floor":23,"key":"Nilry\u0027s Codex"},{"floor":26,"key":"Omamori"},{"floor":30,"key":"Bottled Lightning"},{"floor":43,"key":"Strawberry"}],"event_choices":[{"event_name":"Golden Idol","player_choice":"Take Damage","floor":2,"damage_taken":0},{"event_name":"Big Fish","player_choice":"Donut","floor":4,"damage_taken":0},{"event_name":"The Woman in Blue","player_choice":"Bought 0 Potions","floor":6,"damage_taken":0},{"event_name":"Purifier","player_choice":"One Purge","floor":11,"damage_taken":0},{"event_name":"Knowing Skull","player_choice":"","floor":20,"damage_taken":0},{"event_name":"Cursed Tome","player_choice":"Obtained Book","floor":23,"damage_taken":0},{"event_name":"The Lab","player_choice":"Got Potions","floor":29,"damage_taken":0},{"event_name":"MindBloom","player_choice":"Gold","floor":39,"damage_taken":0}],"boss_relics":[{"not_picked":["Fusion Hammer","Sozu"],"picked":"Runic Pyramid"},{"not_picked":["Runic Dome","Philosopher\u0027s Stone"],"picked":"Cursed Key"}],"items_purged_floors":[8,21,28,37,45],"is_endless":false,"potions_floor_spawned":[1,5,19,22,33,36,38,47],"ascension_level":0}