{"gold_per_floor":[117,117,117,117,127,152,152,171,171,171,206,221,248,261,261,356,356,374,374,406,422,347,347,375,375,400,39,73,73,105,117,117,214,214,227,277,99,99,111,111,144,66,119,119,132,143,161,173,173,173],"floor_reached":50,"playtime":2893,"items_purged":["Defend_G","Defend_G"],"score":704,"play_id":"11104b23-bf08-4778-8a68-6a7e4febeb2b","local_time":"20190621002841","is_ascension_mode":true,"campfire_choices":[{"floor":7,"key":"RECALL"},{"data":"Neutralize","floor":10,"key":"SMITH"},{"data":"Terror","floor":15,"key":"SMITH"},{"floor":23,"key":"REST"},{"floor":25,"key":"REST"},{"floor":29,"key":"REST"},{"floor":32,"key":"REST"},{"floor":40,"key":"REST"},{"floor":44,"key":"REST"},{"floor":49,"key":"REST"}],"neow_cost":"NONE","seed_source_timestamp":799644448468583,"circlet_count":0,"master_deck":["Defend_G","Defend_G","Strike_G","Strike_G","Strike_G","Strike_G","Strike_G","Survivor","Neutralize+1","PiercingWail","Purity","Flying Knee+1","Quick Slash+1","Dagger Throw+1","Backstab+1","Noxious Fumes","Sucker Punch+1","Prepared","Terror+1","Die Die Die+1","Backstab+1","J.A.X.","Riddle With Holes+1","Quick Slash+1","Blur+1","Skewer+1","Flying Knee+1","Poisoned Stab+1","Envenom","Skewer+1","Slice+1","Backstab+1","Backstab+1","Terror+1","Cloak And Dagger+1","Accuracy+1","Well Laid Plans+1","Heel Hook+1","Finisher+1"],"relics":["Ring of the Snake","NeowsBlessing","Molten Egg 2","Question Card","Blood Vial","Calipers","Fusion Hammer","Red Mask","Sundial","Lantern","Ice Cream","PreservedInsect","Ancient Tea Set","Philosopher\u0027s Stone","Incense Burner","Frozen Egg 2","Vajra"],"potions_floor_usage":[11,13,16,16,33],"damage_taken":[{"damage":0,"enemies":"Cultist","floor":1,"turns":1},{"damage":0,"enemies":"2 Louse","floor":5,"turns":1},{"damage":0,"enemies":"3 Sentries","floor":6,"turns":1},{"damage":0,"enemies":"Jaw Worm","floor":8,"turns":4},{"damage":22,"enemies":"Lagavulin","floor":11,"turns":8},{"damage":0,"enemies":"Gremlin Gang","floor":12,"turns":3},{"damage":0,"enemies":"Gremlin Nob","floor":13,"turns":2},{"damage":0,"enemies":"2 Fungi Beasts","floor":14,"turns":2},{"damage":8,"enemies":"The Guardian","floor":16,"turns":8},{"damage":4,"enemies":"Shell Parasite","floor":18,"turns":3},{"damage":25,"enemies":"Masked Bandits","floor":20,"turns":4},{"damage":4,"enemies":"3 Byrds","floor":21,"turns":5},{"damage":35,"enemies":"Gremlin Leader","floor":24,"turns":5},{"damage":11,"enemies":"Slavers","floor":28,"turns":3},{"damage":0,"enemies":"Gremlin Leader","floor":30,"turns":2},{"damage":0,"enemies":"Snake Plant","floor":31,"turns":2},{"damage":36,"enemies":"Collector","floor":33,"turns":4},{"damage":3,"enemies":"3 Darklings","floor":35,"turns":3},{"damage":18,"enemies":"2 Orb Walkers","floor":36,"turns":4},{"damage":16,"enemies":"3 Shapes","floor":39,"turns":3},{"damage":13,"enemies":"Giant Head","floor":41,"turns":4},{"damage":0,"enemies":"Maw","floor":45,"turns":3},{"damage":0,"enemies":"Jaw Worm Horde","floor":46,"turns":3},{"damage":6,"enemies":"Sphere and 2 Shapes","floor":47,"turns":3},{"damage":1,"enemies":"3 Darklings","floor":48,"turns":4},{"damage":81,"enemies":"Donu and Deca","floor":50,"turns":6}],"seed_played":"6607608557059304721","potions_obtained":[{"floor":5,"key":"Strength Potion"},{"floor":11,"key":"FearPotion"},{"floor":12,"key":"Poison Potion"},{"floor":13,"key":"Poison Potion"},{"floor":20,"key":"FearPotion"},{"floor":24,"key":"Dexterity Potion"},{"floor":31,"key":"Fire Potion"},{"floor":33,"key":"SpeedPotion"},{"floor":36,"key":"Energy Potion"}],"is_trial":false,"path_per_floor":["M","?","?","?","M","E","R","M","T","R","E","M","E","M","R","B",null,"M","?","?","M","?","R","E","R","T","$","E","R","E","M","R","B",null,"M","?","$","?","M","R","E","$","T","R","M","M","M","M","R","B"],"character_chosen":"THE_SILENT","items_purchased":["Ice Cream","Backstab+1","Accuracy+1"],"campfire_rested":7,"item_purchase_floors":[27,37,42],"current_hp_per_floor":[70,70,63,63,63,63,63,63,63,63,41,43,45,47,47,41,70,66,66,43,41,41,62,29,50,50,50,41,62,64,66,70,34,70,67,51,51,51,37,58,47,47,47,68,70,70,64,65,70,0],"gold":173,"neow_bonus":"THREE_ENEMY_KILL","is_prod":false,"is_daily":false,"chose_seed":false,"campfire_upgraded":2,"win_rate":0,"timestamp":1561102121,"path_taken":["M","?","?","?","?","E","R","M","T","R","E","M","E","M","R","BOSS","M","?","?","M","?","R","E","R","T","$","E","R","E","?","R","BOSS","M","?","$","?","?","R","E","$","T","R","M","M","M","M","R","BOSS"],"build_version":"2019-01-23","purchased_purges":2,"victory":false,"max_hp_per_floor":[70,70,70,70,70,70,70,70,70,70,70,70,70,70,70,70,70,70,70,70,70,70,70,70,70,70,70,70,70,70,70,70,70,70,70,70,70,70,70,70,70,70,70,70,70,70,70,70,70,70],"card_choices":[{"not_picked":["Acrobatics","Reflex"],"picked":"PiercingWail","floor":1},{"not_picked":["Tactician","Prepared"],"picked":"Quick Slash+1","floor":5},{"not_picked":["Underhanded Strike+1","Distraction"],"picked":"Dagger Throw+1","floor":6},{"not_picked":["PiercingWail","Concentrate","Noxious Fumes"],"picked":"Backstab+1","floor":8},{"not_picked":["Terror","A Thousand Cuts","Deadly Poison"],"picked":"Noxious Fumes","floor":11},{"not_picked":["Bouncing Flask","Catalyst","Outmaneuver"],"picked":"Sucker Punch+1","floor":12},{"not_picked":["Underhanded Strike+1","Masterful Stab+1","Riddle With Holes+1"],"picked":"Prepared","floor":13},{"not_picked":["Leg Sweep","Footwork","Outmaneuver"],"picked":"Terror","floor":14},{"not_picked":["Grand Finale+1","Tools of the Trade","Storm of Steel"],"picked":"Die Die Die+1","floor":16},{"not_picked":["Dodge and Roll","Acrobatics+1","Prepared+1"],"picked":"Backstab+1","floor":18},{"not_picked":["Underhanded Strike+1","Outmaneuver","Tactician"],"picked":"Riddle With Holes+1","floor":20},{"not_picked":["Underhanded Strike+1","All Out Attack+1","Acrobatics"],"picked":"Quick Slash+1","floor":21},{"not_picked":["Dodge and Roll+1","Flechettes+1","Acrobatics"],"picked":"Blur+1","floor":24},{"not_picked":["Sucker Punch+1","Phantasmal Killer","Dagger Throw+1"],"picked":"Skewer+1","floor":28},{"not_picked":["Outmaneuver","Deflect","Bane+1"],"picked":"Flying Knee+1","floor":30},{"not_picked":["Masterful Stab+1","Catalyst","Underhanded Strike+1"],"picked":"Poisoned Stab+1","floor":31},{"not_picked":["Burst","Unload+1","After Image"],"picked":"Envenom","floor":33},{"not_picked":["Quick Slash+1","Crippling Poison","Dodge and Roll+1"],"picked":"Skewer+1","floor":35},{"not_picked":["Accuracy+1","Underhanded Strike+1","Acrobatics+1"],"picked":"Slice+1","floor":36},{"not_picked":["Skewer+1","Flechettes+1","Heel Hook+1"],"picked":"Terror+1","floor":39},{"not_picked":["Dagger Throw+1","Poisoned Stab+1","Endless Agony+1"],"picked":"Cloak And Dagger+1","floor":41},{"not_picked":["Reflex+1","Dagger Spray+1","Backflip+1","Underhanded Strike+1"],"picked":"SKIP","floor":45},{"not_picked":["Dagger Throw+1","Outmaneuver","Heel Hook+1"],"picked":"Well Laid Plans+1","floor":46},{"not_picked":["Eviscerate+1","Acrobatics+1","Prepared+1"],"picked":"Heel Hook+1","floor":47},{"not_picked":["Flying Knee+1","Tactician","Dagger Throw+1"],"picked":"Finisher+1","floor":48}],"player_experience":103123,"relics_obtained":[{"floor":6,"key":"Question Card"},{"floor":11,"key":"Blood Vial"},{"floor":13,"key":"Calipers"},{"floor":20,"key":"Red Mask"},{"floor":24,"key":"Sundial"},{"floor":26,"key":"Lantern"},{"floor":28,"key":"PreservedInsect"},{"floor":30,"key":"Ancient Tea Set"},{"floor":36,"key":"Incense Burner"},{"floor":41,"key":"Frozen Egg 2"},{"floor":43,"key":"Vajra"}],"event_choices":[{"damage_healed":0,"gold_gain":0,"player_choice":"Box","damage_taken":0,"relics_obtained":["Molten Egg 2"],"max_hp_gain":0,"max_hp_loss":0,"event_name":"Big Fish","floor":2,"gold_loss":0,"cards_obtained":["Regret"]},{"cards_removed":["Regret"],"damage_healed":0,"gold_gain":0,"player_choice":"Card Removal","damage_taken":7,"max_hp_gain":0,"max_hp_loss":0,"event_name":"Golden Wing","floor":3,"gold_loss":0},{"damage_healed":0,"gold_gain":0,"player_choice":"2 cards matched","damage_taken":0,"max_hp_gain":0,"max_hp_loss":0,"event_name":"Match and Keep!","floor":4,"gold_loss":0,"cards_obtained":["Purity","Flying Knee"]},{"damage_healed":0,"gold_gain":0,"player_choice":"Obtain J.A.X.","damage_taken":0,"max_hp_gain":0,"max_hp_loss":0,"event_name":"Drug Dealer","floor":19,"gold_loss":0,"cards_obtained":["J.A.X."]},{"damage_healed":0,"gold_gain":0,"player_choice":"Fought Bandits","damage_taken":0,"max_hp_gain":0,"max_hp_loss":0,"event_name":"Masked Bandits","floor":20,"gold_loss":0},{"cards_removed":["Defend_G"],"damage_healed":0,"gold_gain":0,"player_choice":"Gave Gold","damage_taken":0,"max_hp_gain":0,"max_hp_loss":0,"event_name":"Beggar","floor":22,"gold_loss":75},{"damage_healed":0,"gold_gain":0,"player_choice":"Fight","damage_taken":0,"max_hp_gain":0,"max_hp_loss":0,"event_name":"Mysterious Sphere","floor":36,"gold_loss":0},{"damage_healed":0,"gold_gain":0,"player_choice":"Copied","damage_taken":0,"max_hp_gain":0,"max_hp_loss":0,"event_name":"Duplicator","floor":38,"gold_loss":0,"cards_obtained":["Backstab"]}],"is_beta":false,"boss_relics":[{"not_picked":["Velvet Choker","Tiny House"],"picked":"Fusion Hammer"},{"not_picked":["Astrolabe","Eternal Feather"],"picked":"Philosopher\u0027s Stone"}],"items_purged_floors":[27,37],"is_endless":false,"potions_floor_spawned":[5,11,12,13,20,24,31,33,36,39,48],"killed_by":"Donu and Deca","ascension_level":1}