{"gold_per_floor":[116,66,66,79,79,110,110,125,148,148,167,178,211,225,225,325,325,340,340],"floor_reached":19,"playtime":1008,"items_purged":[],"score":204,"play_id":"fd45cf06-0da4-492b-97c3-8b1828628824","local_time":"20190529124443","is_ascension_mode":false,"campfire_choices":[{"data":"Burning Pact","floor":7,"key":"SMITH"},{"data":"Seeing Red","floor":10,"key":"SMITH"},{"data":"Flex","floor":15,"key":"SMITH"}],"neow_cost":"NONE","seed_source_timestamp":991223955053845,"circlet_count":0,"master_deck":["Strike_R","Strike_R","Strike_R","Strike_R","Strike_R","Shrug It Off","Inflame","Burning Pact+1","Seeing Red+1","Cleave","Barricade","Flex+1","Reaper","Impervious+1","Disarm+1","Reaper+1","Shrug It Off"],"relics":["Burning Blood","NeowsBlessing","GremlinMask","Bag of Marbles","Vajra","Potion Belt","Astrolabe"],"potions_floor_usage":[16,16,16],"damage_taken":[{"damage":0,"enemies":"Small Slimes","floor":1,"turns":1},{"damage":0,"enemies":"Cultist","floor":4,"turns":1},{"damage":0,"enemies":"Lagavulin","floor":6,"turns":1},{"damage":7,"enemies":"2 Louse","floor":8,"turns":3},{"damage":3,"enemies":"Exordium Thugs","floor":11,"turns":5},{"damage":18,"enemies":"Exordium Wildlife","floor":12,"turns":5},{"damage":28,"enemies":"Gremlin Nob","floor":13,"turns":4},{"damage":5,"enemies":"Red Slaver","floor":14,"turns":2},{"damage":46,"enemies":"The Guardian","floor":16,"turns":8},{"damage":26,"enemies":"Spheric Guardian","floor":18,"turns":7},{"damage":0,"enemies":"Shell Parasite","floor":19,"turns":1}],"seed_played":"7111332050669203213","potions_obtained":[{"floor":4,"key":"Poison Potion"},{"floor":6,"key":"AttackPotion"},{"floor":8,"key":"LiquidBronze"},{"floor":12,"key":"EssenceOfSteel"},{"floor":16,"key":"FearPotion"}],"is_trial":false,"path_per_floor":["M","?","?","M","?","E","R","M","T","R","M","M","E","M","R","B",null,"M","M"],"character_chosen":"IRONCLAD","items_purchased":[],"campfire_rested":0,"item_purchase_floors":[],"current_hp_per_floor":[80,80,80,80,73,79,79,78,78,78,80,68,46,47,47,7,80,65,65],"gold":340,"neow_bonus":"THREE_ENEMY_KILL","is_prod":false,"is_daily":false,"chose_seed":false,"campfire_upgraded":3,"win_rate":0.0,"timestamp":1559159083,"path_taken":["M","?","?","?","?","E","R","M","T","R","M","M","E","M","R","BOSS","M","M"],"build_version":"2019-01-23","purchased_purges":0,"victory":false,"max_hp_per_floor":[80,80,80,80,80,80,80,80,80,80,80,80,80,80,80,80,80,80,80],"card_choices":[{"not_picked":["Searing Blow","Seeing Red"],"picked":"Shrug It Off","floor":1},{"not_picked":["Perfected Strike","Anger"],"picked":"Inflame","floor":4},{"not_picked":["Impervious","Havoc"],"picked":"Burning Pact","floor":6},{"not_picked":["Clothesline","Bloodletting"],"picked":"Seeing Red","floor":8},{"not_picked":["Havoc","Feel No Pain","True Grit"],"picked":"SKIP","floor":11},{"not_picked":["Shrug It Off","Feel No Pain"],"picked":"Cleave","floor":12},{"not_picked":["Clash","Body Slam"],"picked":"Barricade","floor":13},{"not_picked":["Hemokinesis","Wild Strike"],"picked":"Flex","floor":14},{"not_picked":["Offering","Barricade"],"picked":"Reaper","floor":16},{"not_picked":["Warcry","Evolve"],"picked":"Shrug It Off","floor":18}],"player_experience":24503,"relics_obtained":[{"floor":6,"key":"Bag of Marbles"},{"floor":9,"key":"Vajra"},{"floor":13,"key":"Potion Belt"}],"event_choices":[{"cards_removed":["Defend_R"],"damage_healed":0,"gold_gain":0,"player_choice":"Card Removal","damage_taken":0,"max_hp_gain":0,"max_hp_loss":0,"event_name":"The Cleric","floor":2,"gold_loss":50},{"damage_healed":0,"gold_gain":0,"player_choice":"Trade","damage_taken":0,"relics_obtained":["GremlinMask"],"max_hp_gain":0,"max_hp_loss":0,"event_name":"FaceTrader","floor":3,"gold_loss":0},{"cards_removed":["Defend_R"],"damage_healed":0,"gold_gain":0,"player_choice":"Card Removal","damage_taken":7,"max_hp_gain":0,"max_hp_loss":0,"event_name":"Golden Wing","floor":5,"gold_loss":0}],"is_beta":false,"boss_relics":[{"not_picked":["Empty Cage","Mark of Pain"],"picked":"Astrolabe"}],"items_purged_floors":[],"is_endless":false,"potions_floor_spawned":[4,6,8,12,16],"killed_by":"Shell Parasite","ascension_level":0}