{"gold_per_floor":[110,128,128,98,110,145,145,157,157,172,172,172,99,111,111,207,207,225,245,256,256,256,256,288,213,213,213,248,248,248,262,262,364,394,407,424,524,95,111,111,111,111,135,135,209,209,63,78,78,78],"floor_reached":50,"playtime":4050,"items_purged":["Decay","Injury"],"score":561,"play_id":"6518d128-94f0-4e5c-8e17-7709be8dabd2","local_time":"20190708053202","is_ascension_mode":false,"campfire_choices":[{"data":"Rebound","floor":7,"key":"SMITH"},{"floor":12,"key":"REST"},{"data":"FTL","floor":15,"key":"SMITH"},{"floor":23,"key":"REST"},{"floor":27,"key":"REST"},{"floor":32,"key":"REST"},{"floor":40,"key":"REST"},{"floor":46,"key":"REST"},{"floor":49,"key":"REST"}],"neow_cost":"NONE","seed_source_timestamp":744258724086419,"circlet_count":0,"master_deck":["Strike_B","Strike_B","Strike_B","Defend_B","Defend_B","Defend_B","Defend_B","Zap","Dualcast","Streamline+1","Rebound+1","FTL+1","Melter","FTL","FTL","Thunder Strike","Rebound","White Noise","Heatsinks","Rebound+1","Undo+1","Coolheaded+1","Meteor Strike","Parasite","Turbo+1","Ball Lightning+1","Sunder+1","Skim","Master of Strategy","Ball Lightning+1","Static Discharge+1","Ball Lightning+1","Rebound+1"],"relics":["Cracked Core","Strawberry","Bag of Marbles","Sozu","Gremlin Horn","Oddly Smooth Stone","Ornamental Fan","Calling Bell","Torii","Molten Egg 2","Tiny Chest","Peace Pipe","MealTicket","Blood Vial","Boot","Pear"],"potions_floor_usage":[29,50,50],"damage_taken":[{"damage":6,"enemies":"Cultist","floor":1,"turns":4},{"damage":11,"enemies":"Jaw Worm","floor":2,"turns":2},{"damage":7,"enemies":"2 Louse","floor":5,"turns":2},{"damage":0,"enemies":"Gremlin Nob","floor":6,"turns":3},{"damage":13,"enemies":"Lots of Slimes","floor":8,"turns":4},{"damage":15,"enemies":"Exordium Thugs","floor":10,"turns":3},{"damage":0,"enemies":"2 Fungi Beasts","floor":14,"turns":2},{"damage":56,"enemies":"The Guardian","floor":16,"turns":9},{"damage":5,"enemies":"Chosen","floor":18,"turns":3},{"damage":0,"enemies":"Spheric Guardian","floor":19,"turns":1},{"damage":14,"enemies":"Centurion and Healer","floor":20,"turns":5},{"damage":36,"enemies":"Snake Plant","floor":22,"turns":4},{"damage":46,"enemies":"Slavers","floor":24,"turns":3},{"damage":21,"enemies":"Gremlin Leader","floor":28,"turns":5},{"damage":11,"enemies":"Snecko","floor":29,"turns":3},{"damage":9,"enemies":"Cultist and Chosen","floor":31,"turns":6},{"damage":57,"enemies":"Champ","floor":33,"turns":11},{"damage":6,"enemies":"Orb Walker","floor":35,"turns":2},{"damage":31,"enemies":"3 Shapes","floor":36,"turns":6},{"damage":28,"enemies":"Mind Bloom Boss Battle","floor":37,"turns":9},{"damage":0,"enemies":"3 Darklings","floor":39,"turns":2},{"damage":18,"enemies":"Jaw Worm Horde","floor":42,"turns":4},{"damage":28,"enemies":"Transient","floor":44,"turns":5},{"damage":34,"enemies":"4 Shapes","floor":48,"turns":5},{"damage":94,"enemies":"Donu and Deca","floor":50,"turns":6}],"seed_played":"647617697786180027","potions_obtained":[{"floor":6,"key":"GamblersBrew"},{"floor":8,"key":"Regen Potion"},{"floor":14,"key":"Poison Potion"}],"is_trial":false,"path_per_floor":["M","M","?","?","M","E","R","M","T","M","?","R","$","M","R","B",null,"M","M","M","?","M","R","E","?","T","R","E","M","?","M","R","B",null,"M","M","?","$","M","R","?","M","T","M","T","R","$","M","R","B"],"character_chosen":"DEFECT","items_purchased":["FTL","MealTicket","Blood Vial","Ball Lightning+1"],"campfire_rested":7,"item_purchase_floors":[13,38,38,47],"current_hp_per_floor":[76,65,65,65,58,65,65,52,52,37,42,70,70,70,70,14,94,89,89,75,75,39,67,21,21,21,49,28,17,48,39,67,10,94,88,57,29,29,31,59,59,43,43,17,27,58,73,41,72,0],"gold":78,"neow_bonus":"TEN_PERCENT_HP_BONUS","is_prod":false,"is_daily":false,"chose_seed":false,"campfire_upgraded":2,"win_rate":0.0,"timestamp":1562581922,"path_taken":["M","M","?","?","M","E","R","M","T","M","?","R","?","M","R","BOSS","M","?","M","?","M","R","E","?","T","R","E","M","?","M","R","BOSS","M","M","?","$","M","R","?","M","T","M","?","R","$","M","R","BOSS"],"build_version":"2019-07-05","purchased_purges":2,"victory":false,"max_hp_per_floor":[82,82,82,82,82,89,89,89,89,89,94,94,94,94,94,94,94,94,94,94,94,94,94,94,94,94,94,94,94,94,94,94,94,94,94,94,94,94,94,94,94,94,94,94,104,104,104,104,104,104],"card_choices":[{"not_picked":["Rebound","Turbo"],"picked":"Streamline","floor":1},{"not_picked":["Cold Snap","Compile Driver"],"picked":"Rebound","floor":2},{"not_picked":["Blizzard","Self Repair"],"picked":"FTL","floor":5},{"not_picked":["Beam Cell","Blizzard","Barrage"],"picked":"SKIP","floor":6},{"not_picked":["Lockon","Biased Cognition"],"picked":"Melter","floor":8},{"not_picked":["Go for the Eyes","Rip and Tear","Beam Cell"],"picked":"SKIP","floor":10},{"not_picked":["Conserve Battery","Leap"],"picked":"FTL","floor":14},{"not_picked":["Seek","All For One"],"picked":"Thunder Strike","floor":16},{"not_picked":["Storm","Self Repair"],"picked":"Rebound","floor":18},{"not_picked":["Turbo","Steam","Cold Snap+1"],"picked":"SKIP","floor":19},{"not_picked":["Steam","Gash","Glacier+1"],"picked":"SKIP","floor":20},{"not_picked":["Redo","Stack"],"picked":"White Noise","floor":22},{"not_picked":["Stack","Blizzard"],"picked":"Heatsinks","floor":24},{"not_picked":["Machine Learning","Leap+1"],"picked":"Rebound+1","floor":28},{"not_picked":["Sweeping Beam+1","Compile Driver"],"picked":"Undo+1","floor":29},{"not_picked":["BootSequence+1","Cold Snap"],"picked":"Coolheaded+1","floor":31},{"not_picked":["Seek","Machine Learning"],"picked":"Meteor Strike","floor":33},{"not_picked":["Leap+1","Redo+1"],"picked":"Turbo+1","floor":35},{"not_picked":["Turbo","Compile Driver+1"],"picked":"Ball Lightning+1","floor":36},{"not_picked":["Loop+1","Cold Snap+1"],"picked":"Sunder+1","floor":37},{"not_picked":["BootSequence+1","Loop+1"],"picked":"Skim","floor":39},{"not_picked":["Blind","Forethought"],"picked":"Master of Strategy","floor":41},{"not_picked":["Coolheaded","Stack"],"picked":"Ball Lightning+1","floor":42},{"not_picked":["Auto Shields+1","Coolheaded+1"],"picked":"Static Discharge+1","floor":44},{"not_picked":["Self Repair","Double Energy"],"picked":"Rebound+1","floor":48}],"player_experience":50816,"relics_obtained":[{"floor":6,"key":"Strawberry"},{"floor":9,"key":"Bag of Marbles"},{"floor":24,"key":"Gremlin Horn"},{"floor":26,"key":"Oddly Smooth Stone"},{"floor":28,"key":"Ornamental Fan"},{"floor":34,"key":"Torii"},{"floor":34,"key":"Molten Egg 2"},{"floor":34,"key":"Tiny Chest"},{"floor":37,"key":"Peace Pipe"},{"floor":43,"key":"Boot"},{"floor":45,"key":"Pear"}],"event_choices":[{"damage_healed":0,"gold_gain":0,"player_choice":"Grow","damage_taken":0,"max_hp_gain":0,"max_hp_loss":0,"event_name":"Living Wall","floor":3,"gold_loss":0,"cards_upgraded":["Streamline"]},{"damage_healed":0,"gold_gain":0,"player_choice":"Left Gold","damage_taken":0,"max_hp_gain":0,"max_hp_loss":0,"event_name":"World of Goop","floor":4,"gold_loss":30},{"damage_healed":0,"gold_gain":0,"player_choice":"Donut","damage_taken":0,"max_hp_gain":5,"max_hp_loss":0,"event_name":"Big Fish","floor":11,"gold_loss":0},{"damage_healed":0,"gold_gain":0,"player_choice":"Ignored","damage_taken":0,"max_hp_gain":0,"max_hp_loss":0,"event_name":"Ghosts","floor":21,"gold_loss":0},{"cards_removed":["Strike_B"],"damage_healed":0,"gold_gain":0,"player_choice":"Gave Gold","damage_taken":0,"max_hp_gain":0,"max_hp_loss":0,"event_name":"Beggar","floor":25,"gold_loss":75},{"damage_healed":31,"gold_gain":0,"player_choice":"Heal","damage_taken":0,"max_hp_gain":0,"max_hp_loss":0,"event_name":"The Library","floor":30,"gold_loss":0},{"damage_healed":0,"gold_gain":0,"player_choice":"Fight","damage_taken":0,"max_hp_gain":0,"max_hp_loss":0,"event_name":"MindBloom","floor":37,"gold_loss":0},{"damage_healed":0,"gold_gain":0,"player_choice":"Memory 1","damage_taken":0,"max_hp_gain":0,"max_hp_loss":0,"event_name":"SensoryStone","floor":41,"gold_loss":0}],"is_beta":false,"boss_relics":[{"not_picked":["Ectoplasm","Busted Crown"],"picked":"Sozu"},{"not_picked":["Velvet Choker","White Beast Statue"],"picked":"Calling Bell"}],"items_purged_floors":[38,47],"is_endless":false,"potions_floor_spawned":[6,8,14,19,20,22,28,31,36,39,42,44],"killed_by":"Donu and Deca","ascension_level":0}