{"gold_per_floor":[111,111,126,4,27,27,40,40,66,91,116,16,16,34,34,34],"floor_reached":16,"playtime":906,"items_purged":["Strike_R","Defend_R"],"score":94,"play_id":"5c4be8e4-2cfc-47e6-b182-d7fbc187065a","local_time":"20180713223408","is_ascension_mode":false,"campfire_choices":[{"data":"Bash","floor":6,"key":"SMITH"},{"data":"Dual Wield","floor":8,"key":"SMITH"},{"data":"Body Slam","floor":15,"key":"SMITH"}],"neow_cost":"NONE","seed_source_timestamp":0,"circlet_count":0,"master_deck":["Strike_R","Strike_R","Strike_R","Defend_R","Defend_R","Bash+1","Ghostly Armor","Armaments","Shrug It Off","Dual Wield+1","Body Slam+1"],"special_seed":17725,"relics":["Burning Blood","Golden Idol","Regal Pillow"],"potions_floor_usage":[11,16,16],"damage_taken":[{"damage":2,"enemies":"2 Louse","floor":1,"turns":3},{"damage":4,"enemies":"Jaw Worm","floor":3,"turns":5},{"damage":2,"enemies":"Cultist","floor":5,"turns":5},{"damage":0,"enemies":"Large Slime","floor":7,"turns":5},{"damage":1,"enemies":"2 Fungi Beasts","floor":10,"turns":4},{"damage":0,"enemies":"Looter","floor":11,"turns":2},{"damage":2,"enemies":"3 Louse","floor":14,"turns":5},{"damage":77,"enemies":"Hexaghost","floor":16,"turns":15}],"seed_played":"5986081896675769642","potions_obtained":[{"floor":1,"key":"Ancient Potion"},{"floor":3,"key":"Weak Potion"},{"floor":10,"key":"AttackPotion"},{"floor":11,"key":"Ancient Potion"}],"is_trial":false,"path_per_floor":["M","?","M","$","M","R","M","R","T","M","M","$","?","M","R"],"character_chosen":"IRONCLAD","items_purchased":["Shrug It Off"],"campfire_rested":0,"item_purchase_floors":[4],"current_hp_per_floor":[80,60,62,62,66,66,72,72,72,77,80,80,73,77,77,0],"gold":34,"neow_bonus":"REMOVE_CARD","is_prod":false,"is_daily":false,"chose_seed":false,"campfire_upgraded":3,"win_rate":0,"timestamp":1531514048,"path_taken":["M","?","M","$","M","R","M","R","T","?","M","$","?","?","R","BOSS"],"build_version":"2018-07-05","purchased_purges":2,"victory":false,"max_hp_per_floor":[80,80,80,80,80,80,80,80,80,80,80,80,80,80,80,80],"card_choices":[{"not_picked":["Cleave","Power Through"],"picked":"Ghostly Armor","floor":1},{"not_picked":["Power Through","Clash"],"picked":"Armaments","floor":3},{"not_picked":["Rampage","Perfected Strike","Disarm"],"picked":"SKIP","floor":5},{"not_picked":["Rampage","Flex"],"picked":"Dual Wield","floor":7},{"not_picked":["Thunderclap","Warcry","Evolve"],"picked":"SKIP","floor":10},{"not_picked":["Feed","Sentinel","Armaments"],"picked":"SKIP","floor":11},{"not_picked":["Anger","Havoc"],"picked":"Body Slam","floor":14}],"player_experience":310769,"relics_obtained":[{"floor":9,"key":"Regal Pillow"}],"event_choices":[{"event_name":"Golden Idol","player_choice":"Take Damage","floor":2,"damage_taken":0},{"event_name":"Golden Wing","player_choice":"Card Removal","floor":13,"damage_taken":0}],"boss_relics":[],"items_purged_floors":[4,12],"is_endless":false,"potions_floor_spawned":[1,3,10,11,14],"killed_by":"Hexaghost","ascension_level":0}