{"gold_per_floor":[119,21,21,34,34,34,67,67,67,67,97,97,108,120,120,220,220,230,310,225,241,261,290,323,323,368,368,383,383,400,400,400,400],"floor_reached":33,"playtime":1449,"items_purged":["Defend_R"],"score":373,"play_id":"7f7a49dd-f140-4c9f-bd86-0fe17def6163","local_time":"20190529024628","is_ascension_mode":false,"campfire_choices":[{"data":"Flex","floor":6,"key":"SMITH"},{"data":"Sword Boomerang","floor":8,"key":"SMITH"},{"data":"Flex","floor":12,"key":"SMITH"},{"data":"Heavy Blade","floor":15,"key":"SMITH"},{"data":"Seeing Red","floor":29,"key":"SMITH"},{"floor":32,"key":"REST"}],"neow_cost":"NONE","seed_source_timestamp":954889939635381,"circlet_count":0,"master_deck":["Strike_R+1","Strike_R+1","Strike_R+1","Strike_R+1","Strike_R+1","Defend_R+1","Defend_R+1","Bash","Sword Boomerang+1","Flex+1","Flex+1","Spot Weakness","Flex+1","Ghostly Armor","Heavy Blade+1","Feed","Regret","Writhe","Seeing Red+1","Shrug It Off","Burning Pact+1","Clothesline","Cleave+1","Inflame","True Grit","Bash","Jack Of All Trades"],"relics":["Burning Blood","NeowsBlessing","Omamori","Mummified Hand","Lantern","Calling Bell","Bronze Scales","Self Forming Clay","Charon\u0027s Ashes","Letter Opener","Bird Faced Urn","Kunai","Red Mask","Strawberry"],"potions_floor_usage":[],"damage_taken":[{"damage":0,"enemies":"Cultist","floor":1,"turns":1},{"damage":0,"enemies":"Jaw Worm","floor":4,"turns":1},{"damage":0,"enemies":"3 Sentries","floor":7,"turns":2},{"damage":16,"enemies":"Gremlin Nob","floor":11,"turns":3},{"damage":0,"enemies":"2 Louse","floor":13,"turns":1},{"damage":0,"enemies":"Red Slaver","floor":14,"turns":2},{"damage":0,"enemies":"Slime Boss","floor":16,"turns":4},{"damage":21,"enemies":"Spheric Guardian","floor":18,"turns":3},{"damage":18,"enemies":"Chosen","floor":21,"turns":5},{"damage":29,"enemies":"Centurion and Healer","floor":22,"turns":6},{"damage":16,"enemies":"Book of Stabbing","floor":23,"turns":4},{"damage":0,"enemies":"Masked Bandits","floor":24,"turns":2},{"damage":9,"enemies":"Cultist and Chosen","floor":28,"turns":4},{"damage":14,"enemies":"Snecko","floor":30,"turns":3},{"damage":67,"enemies":"Automaton","floor":33,"turns":6}],"seed_played":"-5901645422622096986","potions_obtained":[{"floor":4,"key":"Dexterity Potion"},{"floor":13,"key":"Poison Potion"},{"floor":16,"key":"SmokeBomb"},{"floor":24,"key":"FearPotion"},{"floor":30,"key":"PowerPotion"}],"is_trial":false,"path_per_floor":["M","$","?","M","?","R","E","R","T","?","E","R","M","M","R","B",null,"M","T","?","M","M","E","?","?","T","?","M","R","M","?","R","B"],"character_chosen":"IRONCLAD","items_purchased":["Flex"],"campfire_rested":1,"item_purchase_floors":[2],"current_hp_per_floor":[80,80,73,79,63,63,69,69,69,69,59,59,65,71,71,77,80,65,65,65,53,30,23,32,32,39,39,39,39,33,33,61,0],"gold":400,"neow_bonus":"THREE_ENEMY_KILL","is_prod":false,"is_daily":false,"chose_seed":false,"campfire_upgraded":5,"win_rate":0.0,"timestamp":1559123188,"path_taken":["M","$","?","M","?","R","E","R","T","?","E","R","M","M","R","BOSS","M","?","?","M","M","E","?","?","T","?","M","R","?","?","R","BOSS"],"build_version":"2019-01-23","purchased_purges":1,"victory":false,"max_hp_per_floor":[80,80,80,80,80,80,80,80,80,80,80,80,80,80,80,80,80,80,80,80,80,80,83,86,86,93,93,96,96,96,96,96,96],"card_choices":[{"not_picked":["Heavy Blade","Body Slam"],"picked":"Sword Boomerang","floor":1},{"not_picked":["Headbutt","Warcry"],"picked":"Flex","floor":4},{"not_picked":["Hemokinesis","Rampage"],"picked":"Spot Weakness","floor":7},{"not_picked":["Twin Strike","Heavy Blade"],"picked":"Flex","floor":11},{"not_picked":["Clothesline","Power Through"],"picked":"Ghostly Armor","floor":13},{"not_picked":["Carnage","Cleave"],"picked":"Heavy Blade","floor":14},{"not_picked":["Double Tap","Brutality"],"picked":"Feed","floor":16},{"not_picked":["Sword Boomerang","Warcry+1"],"picked":"Seeing Red","floor":18},{"not_picked":["Carnage","Spot Weakness"],"picked":"Shrug It Off","floor":21},{"not_picked":["Ghostly Armor","Rupture+1"],"picked":"Burning Pact+1","floor":22},{"not_picked":["Feed","Clash"],"picked":"Clothesline","floor":23},{"not_picked":["Iron Wave+1","Disarm"],"picked":"Cleave+1","floor":24},{"not_picked":["Iron Wave","Seeing Red"],"picked":"Inflame","floor":28},{"not_picked":["Iron Wave","Headbutt+1"],"picked":"True Grit","floor":30}],"player_experience":17717,"relics_obtained":[{"floor":7,"key":"Omamori"},{"floor":9,"key":"Mummified Hand"},{"floor":11,"key":"Lantern"},{"floor":17,"key":"Bronze Scales"},{"floor":17,"key":"Self Forming Clay"},{"floor":17,"key":"Charon\u0027s Ashes"},{"floor":19,"key":"Letter Opener"},{"floor":23,"key":"Kunai"},{"floor":24,"key":"Red Mask"},{"floor":26,"key":"Strawberry"}],"event_choices":[{"cards_removed":["Defend_R"],"damage_healed":0,"gold_gain":0,"player_choice":"Card Removal","damage_taken":7,"max_hp_gain":0,"max_hp_loss":0,"event_name":"Golden Wing","floor":3,"gold_loss":0},{"damage_healed":0,"gold_gain":0,"player_choice":"Entered Light","damage_taken":16,"max_hp_gain":0,"max_hp_loss":0,"event_name":"Shining Light","floor":5,"gold_loss":0,"cards_upgraded":["Strike_R","Flex"]},{"damage_healed":0,"gold_gain":0,"player_choice":"Cursed","damage_taken":0,"max_hp_gain":0,"max_hp_loss":0,"event_name":"Wheel of Change","floor":10,"gold_loss":0,"cards_obtained":["Decay"]},{"damage_healed":0,"gold_gain":0,"player_choice":"Obtained Relic","damage_taken":0,"relics_obtained":["Bird Faced Urn"],"max_hp_gain":0,"max_hp_loss":0,"event_name":"Addict","floor":20,"gold_loss":85},{"damage_healed":0,"gold_gain":0,"player_choice":"Fought Bandits","damage_taken":0,"max_hp_gain":0,"max_hp_loss":0,"event_name":"Masked Bandits","floor":24,"gold_loss":0},{"damage_healed":0,"gold_gain":0,"player_choice":"Simplicity","damage_taken":0,"max_hp_gain":0,"max_hp_loss":0,"event_name":"Back to Basics","floor":25,"gold_loss":0,"cards_upgraded":["Strike_R","Strike_R","Strike_R","Strike_R","Defend_R","Defend_R"]},{"damage_healed":0,"gold_gain":0,"player_choice":"Ignored","damage_taken":0,"max_hp_gain":0,"max_hp_loss":0,"event_name":"Cursed Tome","floor":27,"gold_loss":0},{"damage_healed":0,"gold_gain":0,"player_choice":"2 cards matched","damage_taken":0,"max_hp_gain":0,"max_hp_loss":0,"event_name":"Match and Keep!","floor":31,"gold_loss":0,"cards_obtained":["Bash","Jack Of All Trades"]}],"is_beta":false,"boss_relics":[{"not_picked":["White Beast Statue","Tiny House"],"picked":"Calling Bell"}],"items_purged_floors":[2],"is_endless":false,"potions_floor_spawned":[4,13,16,18,23,24,30],"killed_by":"Automaton","ascension_level":0}