{"gold_per_floor":[18,18,193,209,209,237,237,256,286,286,286,316,329,342,342,445,445,465,465,476,476,575,575],"floor_reached":23,"playtime":1166,"items_purged":[],"score":298,"play_id":"3e1ba96c-a3ea-454c-9ee7-088f08358c7a","local_time":"20190718000329","is_ascension_mode":true,"campfire_choices":[{"data":"Zap","floor":7.0,"key":"SMITH"},{"floor":11.0,"key":"REST"},{"floor":15.0,"key":"RECALL"}],"neow_cost":"NO_GOLD","seed_source_timestamp":390085178195300,"circlet_count":0,"master_deck":["AscendersBane","Defend_B","Defend_B","Defend_B","Defend_B","Zap+1","Dualcast","Biased Cognition","Gash","Cold Snap","Hologram","Fission","Defragment+1","Hello World+1","Barrage+1","Capacitor"],"special_seed":0,"relics":["Cracked Core","Spirit Poop","Pear","Tiny Chest","StoneCalendar","Astrolabe","Enchiridion"],"potions_floor_usage":[23,23],"damage_taken":[{"damage":1.0,"enemies":"Cultist","floor":1.0,"turns":3.0},{"damage":5.0,"enemies":"Small Slimes","floor":4.0,"turns":3.0},{"damage":34.0,"enemies":"Gremlin Nob","floor":6.0,"turns":4.0},{"damage":2.0,"enemies":"Jaw Worm","floor":8.0,"turns":3.0},{"damage":25.0,"enemies":"Lagavulin","floor":12.0,"turns":6.0},{"damage":2.0,"enemies":"Lots of Slimes","floor":13.0,"turns":2.0},{"damage":5.0,"enemies":"Looter","floor":14.0,"turns":3.0},{"damage":16.0,"enemies":"Slime Boss","floor":16.0,"turns":7.0},{"damage":22.0,"enemies":"3 Byrds","floor":18.0,"turns":5.0},{"damage":7.0,"enemies":"Shell Parasite","floor":20.0,"turns":7.0},{"damage":20,"enemies":"Book of Stabbing","floor":23,"turns":5}],"seed_played":"7363901459382122329","potions_obtained":[{"floor":1.0,"key":"Swift Potion"},{"floor":8.0,"key":"Explosive Potion"},{"floor":12.0,"key":"PowerPotion"},{"floor":13.0,"key":"Energy Potion"},{"floor":20.0,"key":"FearPotion"}],"is_trial":false,"path_per_floor":["M","$","?","M","?","E","R","M","T","?","R","E","M","M","R","B",null,"M","?","M","?","?","E"],"character_chosen":"DEFECT","items_purchased":[],"campfire_rested":1,"item_purchase_floors":[],"current_hp_per_floor":[67,67,67,62,62,38,38,36,36,29,54,29,27,22,22,6,65,43,43,36,20,20,0],"gold":575,"neow_bonus":"THREE_RARE_CARDS","is_prod":false,"is_daily":false,"chose_seed":false,"campfire_upgraded":1,"win_rate":0,"timestamp":1563422609,"path_taken":["M","?","?","M","?","E","R","?","T","?","R","E","M","M","R","BOSS","M","?","M","?","?","E"],"build_version":"2019-07-17","purchased_purges":0,"victory":false,"max_hp_per_floor":[75,75,75,75,75,85,85,85,85,85,85,85,85,85,85,85,85,85,85,85,85,85,85],"card_choices":[{"not_picked":["Creative AI","Amplify"],"picked":"Biased Cognition","floor":0.0},{"not_picked":["Stack","Go for the Eyes"],"picked":"Gash","floor":1.0},{"not_picked":["Storm","Fusion","Auto Shields"],"picked":"SKIP","floor":4.0},{"not_picked":["Chaos","Recycle","Steam"],"picked":"SKIP","floor":6.0},{"not_picked":["Stack","BootSequence","Rip and Tear"],"picked":"SKIP","floor":8.0},{"not_picked":["Rebound","Gash"],"picked":"Cold Snap","floor":12.0},{"not_picked":["Reboot","Rip and Tear","BootSequence"],"picked":"SKIP","floor":13.0},{"not_picked":["Go for the Eyes","Fusion"],"picked":"Hologram","floor":14.0},{"not_picked":["Hyperbeam","Meteor Strike"],"picked":"Fission","floor":16.0},{"not_picked":["Stack+1","Chaos","Fusion"],"picked":"SKIP","floor":18.0},{"not_picked":["Compile Driver","Beam Cell"],"picked":"Capacitor","floor":20.0}],"player_experience":378788,"relics_obtained":[{"floor":6.0,"key":"Pear"},{"floor":9.0,"key":"Tiny Chest"},{"floor":12.0,"key":"StoneCalendar"},{"floor":21.0,"key":"Enchiridion"}],"event_choices":[{"damage_healed":0.0,"max_hp_gain":0.0,"max_hp_loss":0.0,"gold_gain":175.0,"event_name":"Liars Game","player_choice":"AGREE","floor":3.0,"gold_loss":0.0,"damage_taken":0.0,"cards_obtained":["Doubt"]},{"cards_removed":["Doubt"],"damage_healed":0.0,"max_hp_gain":0.0,"max_hp_loss":0.0,"gold_gain":0.0,"event_name":"Bonfire Elementals","player_choice":"Offered Curse","floor":5.0,"gold_loss":0.0,"damage_taken":0.0,"relics_obtained":["Spirit Poop"]},{"cards_removed":["Strike_B"],"damage_healed":0.0,"max_hp_gain":0.0,"max_hp_loss":0.0,"gold_gain":0.0,"event_name":"Golden Wing","player_choice":"Card Removal","floor":10.0,"gold_loss":0.0,"damage_taken":7.0},{"damage_healed":0.0,"max_hp_gain":0.0,"max_hp_loss":0.0,"gold_gain":0.0,"event_name":"Vampires","player_choice":"Ignored","floor":19.0,"gold_loss":0.0,"damage_taken":0.0},{"damage_healed":0.0,"max_hp_gain":0.0,"max_hp_loss":0.0,"gold_gain":0.0,"event_name":"Cursed Tome","player_choice":"Obtained Book","floor":21.0,"gold_loss":0.0,"damage_taken":16.0},{"damage_healed":0.0,"max_hp_gain":0.0,"max_hp_loss":0.0,"gold_gain":99.0,"event_name":"Nest","player_choice":"Stole From Cult","floor":22.0,"gold_loss":0.0,"damage_taken":0.0}],"is_beta":false,"boss_relics":[{"not_picked":["White Beast Statue","Philosopher\u0027s Stone"],"picked":"Astrolabe"}],"items_purged_floors":[],"is_endless":false,"potions_floor_spawned":[1,8,12,13,20],"killed_by":"Book of Stabbing","ascension_level":10}