{"gold_per_floor":[369,25,42,57,68,68,93,93,93,119,194,227,240,203,203,276,276,288,161,177,192,211,211,228,262,314,314,344,363,363,389,389,462,462,472,487,285,302,1,26,36,0,0,52,52,66,66,80,80,80,80,80,8,41,41],"floor_reached":56,"playtime":4421,"items_purged":["Injury","Strike_R","Strike_R+1","Strike_R+1"],"score":1935,"play_id":"10bc4361-1471-48f1-8e60-127f9f030cf3","local_time":"20190217073722","is_ascension_mode":true,"campfire_choices":[{"data":"Twin Strike","floor":6,"key":"SMITH"},{"data":"Bash","floor":8,"key":"SMITH"},{"data":"Uppercut","floor":15,"key":"SMITH"},{"data":"Whirlwind","floor":23,"key":"SMITH"},{"data":"Reaper","floor":27,"key":"SMITH"},{"floor":32,"key":"RECALL"},{"floor":47,"key":"REST"},{"data":"Headbutt","floor":49,"key":"SMITH"},{"floor":52,"key":"REST"}],"neow_cost":"CURSE","seed_source_timestamp":174731903243256,"circlet_count":0,"master_deck":["AscendersBane","Strike_R+1","Strike_R+1","Defend_R+1","Defend_R+1","Defend_R+1","Defend_R+1","Bash+1","Twin Strike+1","Shrug It Off+1","Intimidate+1","Warcry+1","Flame Barrier+1","Uppercut+1","Battle Trance+1","Whirlwind+1","Double Tap+1","Shrug It Off+1","Shockwave+1","Reaper+1","Spot Weakness+1","Battle Trance+1","Havoc+1","Sword Boomerang+1","Whirlwind+1","Offering+1","Dual Wield+1","Shrug It Off+1","Headbutt+1","Evolve"],"relics":["Burning Blood","Toxic Egg 2","Bronze Scales","Lantern","Shuriken","Pear","Sozu","Bag of Marbles","Ice Cream","Whetstone","Busted Crown","Centennial Puzzle","Kunai","Red Mask","War Paint","Mango","Blue Candle"],"potions_floor_usage":[5,10,12,16,55],"damage_taken":[{"damage":2,"enemies":"Small Slimes","floor":1,"turns":4},{"damage":4,"enemies":"Jaw Worm","floor":3,"turns":4},{"damage":3,"enemies":"2 Louse","floor":4,"turns":3},{"damage":7,"enemies":"Exordium Wildlife","floor":5,"turns":3},{"damage":40,"enemies":"Lagavulin","floor":7,"turns":9},{"damage":22,"enemies":"Gremlin Nob","floor":10,"turns":4},{"damage":9,"enemies":"3 Sentries","floor":12,"turns":5},{"damage":0,"enemies":"Looter","floor":13,"turns":2},{"damage":25,"enemies":"Hexaghost","floor":16,"turns":10},{"damage":0,"enemies":"Spheric Guardian","floor":18,"turns":2},{"damage":0,"enemies":"3 Byrds","floor":20,"turns":3},{"damage":0,"enemies":"3 Cultists","floor":21,"turns":3},{"damage":2,"enemies":"Snake Plant","floor":22,"turns":3},{"damage":13,"enemies":"Snecko","floor":24,"turns":4},{"damage":27,"enemies":"Book of Stabbing","floor":25,"turns":5},{"damage":5,"enemies":"Gremlin Leader","floor":28,"turns":3},{"damage":0,"enemies":"Sentry and Sphere","floor":29,"turns":1},{"damage":7,"enemies":"Book of Stabbing","floor":31,"turns":4},{"damage":68,"enemies":"Collector","floor":33,"turns":7},{"damage":6,"enemies":"Orb Walker","floor":35,"turns":2},{"damage":6,"enemies":"3 Darklings","floor":36,"turns":2},{"damage":13,"enemies":"Jaw Worm Horde","floor":38,"turns":3},{"damage":12,"enemies":"Reptomancer","floor":40,"turns":4},{"damage":6,"enemies":"Sphere and 2 Shapes","floor":41,"turns":2},{"damage":5,"enemies":"2 Orb Walkers","floor":44,"turns":2},{"damage":55,"enemies":"Writhing Mass","floor":46,"turns":5},{"damage":6,"enemies":"Maw","floor":48,"turns":5},{"damage":23,"enemies":"Awakened One","floor":50,"turns":9},{"damage":46,"enemies":"Shield and Spear","floor":54,"turns":5},{"damage":73,"enemies":"The Heart","floor":55,"turns":7}],"seed_played":"-6303186036705195863","potions_obtained":[{"floor":3,"key":"BloodPotion"},{"floor":4,"key":"AttackPotion"},{"floor":10,"key":"PowerPotion"},{"floor":12,"key":"Poison Potion"},{"floor":13,"key":"Block Potion"}],"is_trial":false,"path_per_floor":["M","$","M","M","M","R","E","R","T","E","?","E","M","$","R","B",null,"M","$","M","M","M","R","M","E","T","R","E","M","?","E","R","B",null,"M","M","$","M","$","E","M","?","T","?","$","M","R","M","R","B",null,"R","$","E","B",null],"character_chosen":"IRONCLAD","items_purchased":["Toxic Egg 2","Shrug It Off+1","Whirlwind","Shrug It Off+1","Shrug It Off+1","Headbutt","Centennial Puzzle","Evolve"],"campfire_rested":2,"item_purchase_floors":[2,2,14,19,37,37,39,53],"current_hp_per_floor":[72,72,74,75,74,74,40,40,40,31,20,27,33,33,33,14,67,73,73,79,85,85,85,85,85,85,85,85,85,85,85,85,51,77,85,85,85,78,78,85,85,85,85,99,99,50,79,99,99,99,99,99,99,99,32],"gold":41,"neow_bonus":"TWO_FIFTY_GOLD","is_prod":false,"is_daily":false,"chose_seed":false,"campfire_upgraded":6,"win_rate":0,"timestamp":1550356642,"path_taken":["M","$","M","M","M","R","E","R","T","E","?","E","M","$","R","BOSS","M","$","M","M","M","R","M","E","T","R","E","M","?","E","R","BOSS","M","M","$","M","$","E","M","?","T","?","?","M","R","M","R","BOSS","R","$","E","BOSS"],"build_version":"2019-01-23","purchased_purges":4,"victory":true,"max_hp_per_floor":[75,75,75,75,75,75,75,75,75,75,75,85,85,85,85,85,85,85,85,85,85,85,85,85,85,85,85,85,85,85,85,85,85,85,85,85,85,85,85,85,85,85,85,99,99,99,99,99,99,99,99,99,99,99,99],"card_choices":[{"not_picked":["Pommel Strike","Iron Wave"],"picked":"Twin Strike","floor":1},{"not_picked":["Metallicize","Twin Strike"],"picked":"Intimidate+1","floor":3},{"not_picked":["Blood for Blood","Pummel","Heavy Blade"],"picked":"SKIP","floor":4},{"not_picked":["Pommel Strike","Reckless Charge"],"picked":"Warcry+1","floor":5},{"not_picked":["Headbutt","Shrug It Off+1"],"picked":"Flame Barrier+1","floor":7},{"not_picked":["Fiend Fire","Cleave"],"picked":"Uppercut","floor":10},{"not_picked":["Wild Strike","Heavy Blade","Reckless Charge"],"picked":"SKIP","floor":12},{"not_picked":["Rage+1","Entrench+1"],"picked":"Battle Trance+1","floor":13},{"not_picked":["Fiend Fire","Impervious+1"],"picked":"Double Tap+1","floor":16},{"not_picked":["Cleave","Pummel","Rupture+1"],"picked":"SKIP","floor":18},{"not_picked":["Wild Strike","Fire Breathing"],"picked":"Shockwave+1","floor":20},{"not_picked":["Heavy Blade","Sword Boomerang","Pummel"],"picked":"SKIP","floor":21},{"not_picked":["Headbutt+1","Twin Strike"],"picked":"Reaper","floor":22},{"not_picked":["Seeing Red+1","Ghostly Armor+1"],"picked":"Spot Weakness+1","floor":24},{"not_picked":["Entrench+1","Sentinel+1"],"picked":"Battle Trance+1","floor":25},{"not_picked":["Warcry+1","Dropkick+1"],"picked":"Havoc+1","floor":28},{"not_picked":["Heavy Blade","Pommel Strike"],"picked":"Sword Boomerang+1","floor":29},{"not_picked":["Twin Strike","Armaments+1"],"picked":"Whirlwind","floor":31},{"not_picked":["Barricade","Fiend Fire"],"picked":"Offering+1","floor":33},{"not_picked":[],"picked":"Dual Wield+1","floor":35},{"not_picked":["Combust"],"picked":"SKIP","floor":36},{"not_picked":["Flex+1"],"picked":"SKIP","floor":38},{"not_picked":["Flex+1"],"picked":"SKIP","floor":38},{"not_picked":["Havoc+1"],"picked":"SKIP","floor":40},{"not_picked":["Combust"],"picked":"SKIP","floor":41},{"not_picked":["Carnage"],"picked":"SKIP","floor":46},{"not_picked":["Body Slam"],"picked":"SKIP","floor":48},{"not_picked":["Headbutt"],"picked":"SKIP","floor":54}],"player_experience":501434,"relics_obtained":[{"floor":7,"key":"Bronze Scales"},{"floor":9,"key":"Lantern"},{"floor":10,"key":"Shuriken"},{"floor":12,"key":"Pear"},{"floor":25,"key":"Bag of Marbles"},{"floor":28,"key":"Ice Cream"},{"floor":31,"key":"Whetstone"},{"floor":40,"key":"Kunai"},{"floor":43,"key":"War Paint"},{"floor":44,"key":"Mango"},{"floor":54,"key":"Blue Candle"}],"event_choices":[{"damage_healed":0,"gold_gain":75,"player_choice":"Gather Gold","damage_taken":11,"max_hp_gain":0,"max_hp_loss":0,"event_name":"World of Goop","floor":11,"gold_loss":0},{"damage_healed":0,"gold_gain":0,"player_choice":"Simplicity","damage_taken":0,"max_hp_gain":0,"max_hp_loss":0,"event_name":"Back to Basics","floor":30,"gold_loss":0,"cards_upgraded":["Strike_R","Strike_R","Strike_R","Strike_R","Defend_R","Defend_R","Defend_R","Defend_R"]},{"damage_healed":0,"gold_gain":0,"player_choice":"Paid","damage_taken":0,"relics_obtained":["Red Mask"],"max_hp_gain":0,"max_hp_loss":0,"event_name":"Tomb of Lord Red Mask","floor":42,"gold_loss":36},{"damage_healed":0,"gold_gain":0,"player_choice":"Fight","damage_taken":0,"max_hp_gain":0,"max_hp_loss":0,"event_name":"Mysterious Sphere","floor":44,"gold_loss":0}],"is_beta":false,"boss_relics":[{"not_picked":["Velvet Choker","Lizard Tail"],"picked":"Sozu"},{"not_picked":["Tiny House","Calling Bell"],"picked":"Busted Crown"}],"items_purged_floors":[2,19,37,39],"is_endless":false,"potions_floor_spawned":[3,4,10,12,13,18,21,28,29,31,38,41,54],"ascension_level":15}