{"gold_per_floor":[113,113,125,125,125,150,165,199,269,73,73,93,108,120,120,218,218,232,232,331,331,147,182,182,192,192,218,244,259,270,284,284,384,384,397,397,103,121,121,154,154,154,206,226,226,326,360,391,403,415],"floor_reached":51,"playtime":2553,"items_purged":["Strike_G"],"score":1313,"play_id":"1dacf9f9-8e95-4bf7-9d57-89923e153086","local_time":"20190718170339","is_ascension_mode":true,"campfire_choices":[{"floor":15,"key":"REST"},{"floor":24,"key":"REST"},{"data":"Poisoned Stab","floor":32,"key":"SMITH"},{"data":"Catalyst","floor":41,"key":"SMITH"},{"data":"Ghostly","floor":49,"key":"SMITH"}],"neow_cost":"NONE","seed_source_timestamp":57713679092957,"circlet_count":0,"master_deck":["Strike_G","Strike_G","Defend_G","Defend_G","Defend_G","Defend_G","Defend_G","Survivor","Neutralize","Sucker Punch","Noxious Fumes+1","Backflip","Footwork+1","Backstab","Leg Sweep","A Thousand Cuts+1","Dagger Spray","Ghostly","Ghostly","Ghostly","Ghostly+1","Ghostly","Accuracy+1","Endless Agony","Accuracy+1","Escape Plan","Blade Dance+1","Caltrops+1","Poisoned Stab+1","Wraith Form v2+1","Envenom+1","Caltrops+1","Panache+1","Catalyst+1","Well Laid Plans+1","Escape Plan+1"],"relics":["Ring of the Snake","NeowsBlessing","Regal Pillow","Shuriken","Frozen Egg 2","StoneCalendar","Mercury Hourglass","Black Star","Snake Skull","Bronze Scales","Vajra","Matryoshka","Bag of Marbles","Strawberry","Art of War","Orichalcum","Philosopher\u0027s Stone","Incense Burner","Pantograph","Potion Belt","Lantern","Blood Vial","Bottled Tornado","Gambling Chip","Boot","MawBank"],"potions_floor_usage":[12,16,16,16,33,42,50,50],"damage_taken":[{"damage":0,"enemies":"2 Louse","floor":1,"turns":1},{"damage":0,"enemies":"Small Slimes","floor":3,"turns":1},{"damage":0,"enemies":"Gremlin Nob","floor":6,"turns":1},{"damage":4,"enemies":"Jaw Worm","floor":7,"turns":3},{"damage":33,"enemies":"Lagavulin","floor":8,"turns":7},{"damage":3,"enemies":"Looter","floor":12,"turns":3},{"damage":0,"enemies":"Exordium Thugs","floor":13,"turns":4},{"damage":1,"enemies":"Exordium Wildlife","floor":14,"turns":4},{"damage":0,"enemies":"Slime Boss","floor":16,"turns":7},{"damage":23,"enemies":"Chosen","floor":18,"turns":7},{"damage":23,"enemies":"Gremlin Leader","floor":23,"turns":7},{"damage":1,"enemies":"Spheric Guardian","floor":25,"turns":6},{"damage":4,"enemies":"Book of Stabbing","floor":27,"turns":6},{"damage":0,"enemies":"Snake Plant","floor":29,"turns":3},{"damage":0,"enemies":"3 Cultists","floor":30,"turns":5},{"damage":0,"enemies":"Centurion and Healer","floor":31,"turns":5},{"damage":0,"enemies":"Automaton","floor":33,"turns":7},{"damage":1,"enemies":"3 Shapes","floor":35,"turns":4},{"damage":0,"enemies":"3 Darklings","floor":38,"turns":5},{"damage":0,"enemies":"Nemesis","floor":40,"turns":6},{"damage":0,"enemies":"Giant Head","floor":42,"turns":5},{"damage":0,"enemies":"4 Shapes","floor":44,"turns":5},{"damage":1,"enemies":"Mind Bloom Boss Battle","floor":46,"turns":4},{"damage":0,"enemies":"Nemesis","floor":47,"turns":7},{"damage":0,"enemies":"Maw","floor":48,"turns":6},{"damage":1,"enemies":"Time Eater","floor":50,"turns":9}],"seed_played":"3873303964356160434","potions_obtained":[{"floor":7,"key":"Explosive Potion"},{"floor":8,"key":"LiquidBronze"},{"floor":12,"key":"Poison Potion"},{"floor":13,"key":"Fire Potion"},{"floor":16,"key":"Strength Potion"},{"floor":27,"key":"GhostInAJar"},{"floor":31,"key":"Poison Potion"},{"floor":38,"key":"SteroidPotion"},{"floor":40,"key":"SmokeBomb"},{"floor":46,"key":"Weak Potion"}],"is_trial":false,"path_per_floor":["M","?","M","?","T","E","M","E","T","$","?","M","M","M","R","B",null,"M","?","?","?","$","E","R","M","T","E","T","M","M","M","R","B",null,"M","?","$","M","?","E","R","E","T","M","T","?","E","M","R","B",null],"character_chosen":"THE_SILENT","items_purchased":["Footwork+1","Fire Potion","Snake Skull","Accuracy+1","Incense Burner"],"campfire_rested":2,"item_purchase_floors":[10,10,22,22,37],"current_hp_per_floor":[70,70,70,63,63,63,59,26,26,26,26,23,23,22,58,58,67,44,35,35,35,35,12,35,34,34,37,37,37,37,37,37,37,41,40,40,40,40,40,40,40,40,40,42,42,41,42,42,42,41],"gold":427,"neow_bonus":"THREE_ENEMY_KILL","is_prod":false,"is_daily":false,"chose_seed":false,"campfire_upgraded":3,"win_rate":0,"timestamp":1563487419,"path_taken":["M","?","M","?","?","E","M","E","T","$","?","?","M","M","R","BOSS","M","?","?","?","$","E","R","M","T","E","?","M","M","M","R","BOSS","M","?","$","M","?","E","R","E","T","M","?","?","E","M","R","BOSS"],"build_version":"2019-07-17","purchased_purges":1,"victory":true,"max_hp_per_floor":[70,70,70,70,70,70,70,70,70,70,70,70,70,70,70,70,70,70,35,35,35,35,35,35,35,35,42,42,42,42,42,42,42,42,42,42,42,42,42,42,42,42,42,42,42,42,42,42,42,42],"card_choices":[{"not_picked":["PiercingWail","Choke"],"picked":"Sucker Punch","floor":1},{"not_picked":["Riddle With Holes","Catalyst","Slice"],"picked":"SKIP","floor":3},{"not_picked":["Expertise","Accuracy","Calculated Gamble"],"picked":"SKIP","floor":6},{"not_picked":["Poisoned Stab","Predator"],"picked":"Noxious Fumes+1","floor":7},{"not_picked":["Sucker Punch","Predator"],"picked":"Backflip","floor":8},{"not_picked":["Predator","Sucker Punch"],"picked":"Backstab","floor":12},{"not_picked":["Flying Knee","Dodge and Roll"],"picked":"Leg Sweep","floor":13},{"not_picked":["Terror","All Out Attack","Underhanded Strike"],"picked":"SKIP","floor":14},{"not_picked":["Night Terror","Die Die Die"],"picked":"A Thousand Cuts+1","floor":16},{"not_picked":["Tactician","Slice+1"],"picked":"Dagger Spray","floor":18},{"not_picked":["Eviscerate","Bouncing Flask"],"picked":"Escape Plan","floor":23},{"not_picked":["Terror","Quick Slash"],"picked":"Blade Dance+1","floor":25},{"not_picked":["Acrobatics","Backflip"],"picked":"Caltrops+1","floor":27},{"not_picked":["Slice","Eviscerate"],"picked":"Poisoned Stab","floor":29},{"not_picked":["Masterful Stab","Heel Hook","Skewer+1"],"picked":"SKIP","floor":30},{"not_picked":["Calculated Gamble","Heel Hook"],"picked":"Wraith Form v2+1","floor":31},{"not_picked":["Corpse Explosion","Die Die Die"],"picked":"Envenom+1","floor":33},{"not_picked":["All Out Attack+1","Acrobatics","Leg Sweep"],"picked":"SKIP","floor":35},{"not_picked":["Outmaneuver","PiercingWail+1"],"picked":"Caltrops+1","floor":38},{"not_picked":["Finesse","Jack Of All Trades"],"picked":"Panache+1","floor":39},{"not_picked":["Sucker Punch","Prepared+1"],"picked":"Catalyst","floor":40},{"not_picked":["Catalyst+1","Acrobatics"],"picked":"Well Laid Plans+1","floor":44},{"not_picked":["Underhanded Strike+1","Flying Knee+1"],"picked":"Escape Plan+1","floor":47},{"not_picked":["Heel Hook+1","Flying Knee+1","Well Laid Plans+1"],"picked":"SKIP","floor":48}],"player_experience":162462,"relics_obtained":[{"floor":5,"key":"Shuriken"},{"floor":6,"key":"Frozen Egg 2"},{"floor":8,"key":"StoneCalendar"},{"floor":9,"key":"Mercury Hourglass"},{"floor":23,"key":"Bronze Scales"},{"floor":23,"key":"Vajra"},{"floor":26,"key":"Matryoshka"},{"floor":27,"key":"Bag of Marbles"},{"floor":27,"key":"Strawberry"},{"floor":28,"key":"Art of War"},{"floor":28,"key":"Orichalcum"},{"floor":40,"key":"Pantograph"},{"floor":40,"key":"Potion Belt"},{"floor":43,"key":"Lantern"},{"floor":43,"key":"Blood Vial"},{"floor":45,"key":"Bottled Tornado"},{"floor":46,"key":"Gambling Chip"},{"floor":47,"key":"Boot"},{"floor":47,"key":"MawBank"}],"event_choices":[{"damage_healed":0,"gold_gain":0,"player_choice":"Ignored","damage_taken":0,"max_hp_gain":0,"max_hp_loss":0,"event_name":"Golden Idol","floor":2,"gold_loss":0},{"damage_healed":0,"gold_gain":0,"player_choice":"Success","damage_taken":7,"relics_obtained":["Regal Pillow"],"max_hp_gain":0,"max_hp_loss":0,"event_name":"Scrap Ooze","floor":4,"gold_loss":0},{"damage_healed":0,"gold_gain":0,"player_choice":"Ignored","damage_taken":0,"max_hp_gain":0,"max_hp_loss":0,"event_name":"Shining Light","floor":11,"gold_loss":0},{"damage_healed":0,"gold_gain":0,"player_choice":"Became a Ghost","damage_taken":0,"max_hp_gain":0,"max_hp_loss":35,"event_name":"Ghosts","floor":19,"gold_loss":0,"cards_obtained":["Ghostly","Ghostly","Ghostly","Ghostly","Ghostly"]},{"damage_healed":0,"gold_gain":99,"player_choice":"Stole From Cult","damage_taken":0,"max_hp_gain":0,"max_hp_loss":0,"event_name":"Nest","floor":20,"gold_loss":0},{"damage_healed":0,"gold_gain":0,"cards_transformed":["Strike_G","Strike_G"],"player_choice":"Became Test Subject","damage_taken":0,"max_hp_gain":0,"max_hp_loss":0,"event_name":"Drug Dealer","floor":21,"gold_loss":0,"cards_obtained":["Accuracy","Endless Agony"]},{"damage_healed":0,"gold_gain":0,"player_choice":"Ignored","damage_taken":0,"max_hp_gain":0,"max_hp_loss":0,"event_name":"Tomb of Lord Red Mask","floor":36,"gold_loss":0},{"damage_healed":0,"gold_gain":0,"player_choice":"Memory 1","damage_taken":0,"max_hp_gain":0,"max_hp_loss":0,"event_name":"SensoryStone","floor":39,"gold_loss":0},{"damage_healed":0,"gold_gain":0,"player_choice":"Fight","damage_taken":0,"max_hp_gain":0,"max_hp_loss":0,"event_name":"MindBloom","floor":46,"gold_loss":0}],"is_beta":false,"boss_relics":[{"not_picked":["WristBlade","HoveringKite"],"picked":"Black Star"},{"not_picked":["Ring of the Serpent","Snecko Eye"],"picked":"Philosopher\u0027s Stone"}],"items_purged_floors":[10],"is_endless":false,"potions_floor_spawned":[7,8,12,13,16,27,31,38,40,42,46],"ascension_level":5}