{"gold_per_floor":[111,130,130,148,161,161,193,193,193,204,204,204,222,235,235,332,332,348,360,360],"floor_reached":20,"playtime":1108,"items_purged":[],"score":258,"play_id":"9d93f622-7a46-4536-bac3-3bd595c176a5","local_time":"20190715193933","is_ascension_mode":true,"campfire_choices":[{"floor":6,"key":"REST"},{"floor":8,"key":"REST"},{"floor":11,"key":"DIG"},{"floor":15,"key":"REST"}],"neow_cost":"PERCENT_DAMAGE","seed_source_timestamp":351770730341000,"circlet_count":0,"master_deck":["Strike_B","Strike_B","Strike_B","Defend_B","Defend_B","Defend_B","Defend_B","Zap","Dualcast","Ball Lightning","Capacitor","Gash","Cold Snap","Leap","Gash","Coolheaded","Glacier","Echo Form","Gash"],"relics":["Cracked Core","Shovel","Kunai","Cables","Matryoshka","Eternal Feather"],"potions_floor_usage":[7,20],"damage_taken":[{"damage":3,"enemies":"Small Slimes","floor":1,"turns":5},{"damage":1,"enemies":"Cultist","floor":2,"turns":3},{"damage":2,"enemies":"Jaw Worm","floor":4,"turns":3},{"damage":35,"enemies":"Gremlin Gang","floor":5,"turns":5},{"damage":24,"enemies":"Gremlin Nob","floor":7,"turns":5},{"damage":0,"enemies":"Large Slime","floor":10,"turns":4},{"damage":11,"enemies":"3 Louse","floor":13,"turns":4},{"damage":10,"enemies":"2 Fungi Beasts","floor":14,"turns":3},{"damage":19,"enemies":"The Guardian","floor":16,"turns":20},{"damage":29,"enemies":"3 Byrds","floor":18,"turns":7},{"damage":3,"enemies":"Shell Parasite","floor":19,"turns":8},{"damage":29,"enemies":"Cultist and Chosen","floor":20,"turns":6}],"seed_played":"8815101984587975282","potions_obtained":[{"floor":4,"key":"Weak Potion"},{"floor":14,"key":"Ancient Potion"},{"floor":16,"key":"PowerPotion"},{"floor":19,"key":"GamblersBrew"}],"is_trial":false,"path_per_floor":["M","M","?","M","M","R","E","R","T","M","R","?","M","M","R","B",null,"M","M","M"],"character_chosen":"DEFECT","items_purchased":[],"campfire_rested":3,"item_purchase_floors":[],"current_hp_per_floor":[47,46,46,44,9,31,7,29,29,29,29,29,18,8,30,11,59,30,27,0],"gold":360,"neow_bonus":"ONE_RARE_RELIC","is_prod":false,"is_daily":false,"chose_seed":false,"campfire_upgraded":0,"win_rate":0,"timestamp":1563212373,"path_taken":["M","M","?","?","M","R","E","R","T","M","R","?","?","M","R","BOSS","M","?","M"],"build_version":"2019-07-05","purchased_purges":0,"victory":false,"max_hp_per_floor":[75,75,75,75,75,75,75,75,75,75,75,75,75,75,75,75,75,75,75,75],"card_choices":[{"not_picked":["Stack","Rebound"],"picked":"Ball Lightning","floor":1},{"not_picked":["Beam Cell","Conserve Battery"],"picked":"Capacitor","floor":2},{"not_picked":["Stack","Hologram"],"picked":"Gash","floor":4},{"not_picked":["Storm","Leap"],"picked":"Cold Snap","floor":5},{"not_picked":["Darkness","Meteor Strike"],"picked":"Leap","floor":7},{"not_picked":["BootSequence","Heatsinks"],"picked":"Gash","floor":10},{"not_picked":["Cold Snap","Hologram"],"picked":"Coolheaded","floor":13},{"not_picked":["Steam","Capacitor"],"picked":"Glacier","floor":14},{"not_picked":["Biased Cognition","Reboot"],"picked":"Echo Form","floor":16},{"not_picked":["Hologram","Conserve Battery"],"picked":"Gash","floor":18},{"not_picked":["Steam","Barrage","Streamline"],"picked":"SKIP","floor":19}],"player_experience":226880,"relics_obtained":[{"floor":7,"key":"Kunai"},{"floor":9,"key":"Cables"},{"floor":11,"key":"Matryoshka"}],"event_choices":[{"cards_removed":["Strike_B"],"damage_healed":0,"gold_gain":0,"player_choice":"Offered Basic","damage_taken":0,"max_hp_gain":0,"max_hp_loss":0,"event_name":"Bonfire Elementals","floor":3,"gold_loss":0},{"damage_healed":0,"gold_gain":0,"player_choice":"Leave","damage_taken":0,"max_hp_gain":0,"max_hp_loss":0,"event_name":"FaceTrader","floor":12,"gold_loss":0}],"is_beta":false,"boss_relics":[{"not_picked":["White Beast Statue","Tiny House"],"picked":"Eternal Feather"}],"items_purged_floors":[],"is_endless":false,"potions_floor_spawned":[4,14,16,19],"killed_by":"Cultist and Chosen","ascension_level":9}