{"gold_per_floor":[109,69,44,56,75,75,107,107,107,121,131,131,131,147,147,252,252,233,158,257,257,257,257,267,267,267,300,310,324,349,42,42,146,146,163,11,22,22,22,22,40,40,40,68,68,97,97,8,8,8],"floor_reached":50,"playtime":6353,"items_purged":["Regret","Normality"],"score":588,"play_id":"6db09768-ae5f-4dfc-8e9c-4bc297e1ef9e","local_time":"20190626191415","is_ascension_mode":true,"campfire_choices":[{"data":"Armaments","floor":6,"key":"SMITH"},{"floor":8,"key":"REST"},{"floor":13,"key":"REST"},{"floor":15,"key":"REST"},{"floor":23,"key":"REST"},{"data":"Juggernaut","floor":25,"key":"SMITH"},{"floor":32,"key":"REST"},{"data":"Armaments","floor":40,"key":"SMITH"},{"floor":42,"key":"REST"},{"floor":45,"key":"REST"},{"floor":49,"key":"REST"}],"neow_cost":"NONE","seed_source_timestamp":776841481107400,"circlet_count":0,"master_deck":["Strike_R","Strike_R","Strike_R","Strike_R","Strike_R","Defend_R","Defend_R","Defend_R","Defend_R","Bash","Writhe","Barricade","Warcry","Entrench","Armaments+1","Armaments+1","Metallicize","Carnage","Parasite","Sever Soul","Juggernaut+1","Ghostly Armor","Flame Barrier","Shockwave","Double Tap","Disarm+1","Shrug It Off","Juggernaut","Demon Form","Seeing Red+1","Shrug It Off+1","Juggernaut+1","Power Through+1","Intimidate+1","Shrug It Off+1","Impatience"],"relics":["Calling Bell","Mango","Gremlin Horn","Bronze Scales","Champion Belt","Paper Frog","Velvet Choker","Ornamental Fan","Centennial Puzzle","Matryoshka","Frozen Eye","Sozu","Red Skull","Boot","Dodecahedron","Vajra","Girya"],"potions_floor_usage":[7,7,16,27,28,30,30,50],"damage_taken":[{"damage":15,"enemies":"Jaw Worm","floor":1,"turns":2},{"damage":10,"enemies":"Cultist","floor":4,"turns":5},{"damage":10,"enemies":"2 Louse","floor":5,"turns":3},{"damage":30,"enemies":"Gremlin Nob","floor":7,"turns":5},{"damage":28,"enemies":"Large Slime","floor":10,"turns":9},{"damage":10,"enemies":"Lots of Slimes","floor":11,"turns":4},{"damage":12,"enemies":"Looter","floor":14,"turns":3},{"damage":70,"enemies":"Slime Boss","floor":16,"turns":14},{"damage":22,"enemies":"2 Thieves","floor":18,"turns":4},{"damage":4,"enemies":"Shell Parasite","floor":24,"turns":4},{"damage":10,"enemies":"Gremlin Leader","floor":27,"turns":10},{"damage":10,"enemies":"Centurion and Healer","floor":28,"turns":5},{"damage":9,"enemies":"Chosen and Byrds","floor":29,"turns":7},{"damage":37,"enemies":"Slavers","floor":30,"turns":7},{"damage":62,"enemies":"Automaton","floor":33,"turns":11},{"damage":15,"enemies":"3 Shapes","floor":35,"turns":5},{"damage":3,"enemies":"3 Darklings","floor":37,"turns":4},{"damage":17,"enemies":"4 Shapes","floor":41,"turns":6},{"damage":21,"enemies":"Nemesis","floor":44,"turns":9},{"damage":59,"enemies":"Reptomancer","floor":46,"turns":6},{"damage":70,"enemies":"Donu and Deca","floor":50,"turns":7}],"seed_played":"-4891403945314184625","potions_obtained":[{"floor":2,"key":"FairyPotion"},{"floor":2,"key":"AttackPotion"},{"floor":2,"key":"Strength Potion"},{"floor":5,"key":"SpeedPotion"},{"floor":7,"key":"Ancient Potion"},{"floor":11,"key":"BloodPotion"},{"floor":16,"key":"BloodPotion"},{"floor":18,"key":"Ancient Potion"},{"floor":27,"key":"Fire Potion"},{"floor":28,"key":"Fire Potion"},{"floor":33,"key":"Strength Potion"}],"is_trial":false,"path_per_floor":["M","?","$","M","M","R","E","R","T","M","M","?","R","M","R","B",null,"M","$","?","?","?","R","M","R","T","E","M","M","E","$","R","B",null,"M","$","M","$","?","R","M","R","T","E","R","E","?","$","R","B"],"character_chosen":"IRONCLAD","items_purchased":["Warcry","Frozen Eye","Red Skull","Impatience"],"campfire_rested":8,"item_purchase_floors":[3,31,36,48],"current_hp_per_floor":[79,79,79,69,59,59,29,57,57,29,19,42,70,58,86,16,94,72,72,72,72,63,91,87,87,87,86,76,67,30,30,58,9,94,79,79,76,76,76,76,59,87,87,66,94,35,35,35,63,0],"gold":8,"neow_bonus":"BOSS_RELIC","is_prod":false,"is_daily":false,"chose_seed":false,"campfire_upgraded":3,"win_rate":1,"timestamp":1561569255,"path_taken":["M","?","$","M","?","R","E","R","T","M","M","?","R","M","R","BOSS","M","$","?","?","?","R","M","R","T","E","?","M","E","$","R","BOSS","M","$","M","$","?","R","?","R","T","E","R","E","?","?","R","BOSS"],"build_version":"2019-01-23","purchased_purges":2,"victory":false,"max_hp_per_floor":[94,94,94,94,94,94,94,94,94,94,94,94,94,94,94,94,94,94,94,94,94,94,94,94,94,94,94,94,94,94,94,94,94,94,94,94,94,94,94,94,94,94,94,94,94,94,94,94,94,94],"card_choices":[{"not_picked":["Cleave","Seeing Red"],"picked":"Barricade","floor":1},{"not_picked":["Sword Boomerang","Heavy Blade"],"picked":"Entrench","floor":4},{"not_picked":["Clothesline","Shrug It Off"],"picked":"Armaments","floor":5},{"not_picked":["Body Slam","Cleave"],"picked":"Armaments","floor":7},{"not_picked":["Brutality","Seeing Red"],"picked":"Metallicize","floor":10},{"not_picked":["Searing Blow","Body Slam"],"picked":"Carnage","floor":11},{"not_picked":["Disarm","Headbutt"],"picked":"Sever Soul","floor":14},{"not_picked":["Brutality","Dark Embrace"],"picked":"Juggernaut","floor":16},{"not_picked":["Clash","Headbutt"],"picked":"Ghostly Armor","floor":18},{"not_picked":["Body Slam","Armaments"],"picked":"Shockwave","floor":24},{"not_picked":["Dual Wield","Iron Wave+1"],"picked":"Double Tap","floor":27},{"not_picked":["Pommel Strike","Iron Wave"],"picked":"Disarm+1","floor":28},{"not_picked":["Clash+1","Twin Strike+1"],"picked":"Shrug It Off","floor":29},{"not_picked":["Rage+1","Entrench"],"picked":"Juggernaut","floor":30},{"not_picked":["Brutality","Double Tap"],"picked":"Demon Form","floor":33},{"not_picked":["Clash+1","Warcry+1"],"picked":"Seeing Red+1","floor":35},{"not_picked":["Flame Barrier","Sword Boomerang+1"],"picked":"Shrug It Off+1","floor":37},{"not_picked":["Perfected Strike","Clothesline"],"picked":"Power Through+1","floor":41},{"not_picked":["Ghostly Armor","Bloodletting"],"picked":"Intimidate+1","floor":44},{"not_picked":["Body Slam","Limit Break"],"picked":"Shrug It Off+1","floor":46}],"player_experience":11810,"relics_obtained":[{"floor":0,"key":"Mango"},{"floor":0,"key":"Gremlin Horn"},{"floor":0,"key":"Bronze Scales"},{"floor":7,"key":"Champion Belt"},{"floor":9,"key":"Paper Frog"},{"floor":26,"key":"Ornamental Fan"},{"floor":27,"key":"Centennial Puzzle"},{"floor":30,"key":"Matryoshka"},{"floor":43,"key":"Boot"},{"floor":43,"key":"Dodecahedron"},{"floor":44,"key":"Vajra"},{"floor":46,"key":"Girya"}],"event_choices":[{"damage_healed":0,"gold_gain":0,"player_choice":"Bought 3 Potions","damage_taken":0,"max_hp_gain":0,"max_hp_loss":0,"event_name":"The Woman in Blue","floor":2,"gold_loss":0},{"damage_healed":23,"gold_gain":0,"player_choice":"Healed and dodged fight","damage_taken":0,"max_hp_gain":0,"max_hp_loss":0,"event_name":"Mushrooms","floor":12,"gold_loss":0,"cards_obtained":["Parasite"]},{"damage_healed":0,"gold_gain":99,"player_choice":"Stole From Cult","damage_taken":0,"max_hp_gain":0,"max_hp_loss":0,"event_name":"Nest","floor":20,"gold_loss":0},{"damage_healed":0,"gold_gain":0,"player_choice":"Read","damage_taken":0,"max_hp_gain":0,"max_hp_loss":0,"event_name":"The Library","floor":21,"gold_loss":0,"cards_obtained":["Flame Barrier"]},{"damage_healed":0,"gold_gain":0,"player_choice":"Damaged","damage_taken":9,"max_hp_gain":0,"max_hp_loss":0,"event_name":"Wheel of Change","floor":22,"gold_loss":0},{"damage_healed":0,"gold_gain":0,"player_choice":"Copied","damage_taken":0,"max_hp_gain":0,"max_hp_loss":0,"event_name":"Duplicator","floor":39,"gold_loss":0,"cards_obtained":["Juggernaut"]},{"damage_healed":0,"gold_gain":0,"player_choice":"Ignored","damage_taken":0,"max_hp_gain":0,"max_hp_loss":0,"event_name":"Mysterious Sphere","floor":47,"gold_loss":0}],"is_beta":false,"boss_relics":[{"not_picked":["Ectoplasm","Empty Cage"],"picked":"Velvet Choker"},{"not_picked":["White Beast Statue","Snecko Eye"],"picked":"Sozu"}],"items_purged_floors":[19,31],"is_endless":false,"potions_floor_spawned":[5,7,11,16,18,27,28,33,35,41,46],"killed_by":"Donu and Deca","ascension_level":1}