{"gold_per_floor":[109,184,39,51,62,62,87,87,87,102,132,132,4,4,4,101,101,117,167,179,42,56,56,81,9,33,33,33],"floor_reached":28,"playtime":2149,"items_purged":["Strike_B"],"score":293,"play_id":"c04ce53c-b9cc-489a-9b9d-d2a081533bc7","local_time":"20190706221049","is_ascension_mode":true,"campfire_choices":[{"data":"Loop","floor":6.0,"key":"SMITH"},{"floor":8.0,"key":"REST"},{"floor":12.0,"key":"RECALL"},{"data":"Bandage Up","floor":15.0,"key":"SMITH"},{"data":"Zap","floor":23.0,"key":"SMITH"}],"neow_cost":"NONE","seed_source_timestamp":0,"circlet_count":0,"master_deck":["Defend_B","Defend_B","Defend_B","Defend_B","Zap","Dualcast","Glacier","Loop+1","Conserve Battery","Ball Lightning","Blizzard","Hologram","Conserve Battery","Self Repair","Coolheaded","Hologram","Bandage Up+1","Zap+1","Core Surge","Cold Snap","Blizzard","Echo Form","Beam Cell","Redo+1","Electrodynamics","Bite","Bite","Bite","Bite","Bite"],"special_seed":0,"relics":["Cracked Core","Darkstone Periapt","Bottled Flame","White Beast Statue","Ice Cream"],"potions_floor_usage":[],"damage_taken":[{"damage":0.0,"enemies":"Small Slimes","floor":1.0,"turns":4.0},{"damage":0.0,"enemies":"Cultist","floor":4.0,"turns":5.0},{"damage":8.0,"enemies":"Jaw Worm","floor":5.0,"turns":4.0},{"damage":31.0,"enemies":"Gremlin Nob","floor":7.0,"turns":5.0},{"damage":5.0,"enemies":"2 Fungi Beasts","floor":10.0,"turns":3.0},{"damage":16.0,"enemies":"Lagavulin","floor":11.0,"turns":8.0},{"damage":2.0,"enemies":"The Guardian","floor":16.0,"turns":15.0},{"damage":21.0,"enemies":"Shell Parasite","floor":18.0,"turns":10.0},{"damage":33.0,"enemies":"3 Byrds","floor":20.0,"turns":6.0},{"damage":29.0,"enemies":"Snecko","floor":22.0,"turns":8.0},{"damage":35.0,"enemies":"Gremlin Leader","floor":24.0,"turns":9.0},{"damage":34,"enemies":"Slavers","floor":28,"turns":1}],"seed_played":"-7073820156850790493","potions_obtained":[{"floor":7.0,"key":"GamblersBrew"},{"floor":10.0,"key":"GamblersBrew"},{"floor":18.0,"key":"SpeedPotion"},{"floor":20.0,"key":"Strength Potion"},{"floor":22.0,"key":"SteroidPotion"},{"floor":24.0,"key":"FocusPotion"}],"is_trial":false,"path_per_floor":["M","?","$","M","M","R","E","R","T","M","E","R","$","?","R","B",null,"M","?","M","$","M","R","E","$","T","?","E"],"character_chosen":"DEFECT","items_purchased":["Loop","Self Repair","Coolheaded","Hologram","Echo Form","Electrodynamics"],"campfire_rested":1,"item_purchase_floors":[3,13,13,13,21,25],"current_hp_per_floor":[82,71,71,71,63,63,32,56,56,53,39,39,39,39,39,52,82,74,74,56,56,42,42,22,22,22,22,0],"gold":33,"neow_bonus":"TEN_PERCENT_HP_BONUS","is_prod":false,"is_daily":false,"chose_seed":false,"campfire_upgraded":3,"win_rate":0,"timestamp":1562476249,"path_taken":["M","?","$","M","M","R","E","R","T","M","E","R","$","?","R","BOSS","M","?","?","?","?","R","E","$","T","?","E"],"build_version":"2019-07-05","purchased_purges":1,"victory":false,"max_hp_per_floor":[82,82,82,82,82,82,82,82,82,82,82,82,82,82,82,82,82,82,82,82,82,82,82,82,82,82,82,82],"card_choices":[{"not_picked":["Hologram","Steam"],"picked":"Glacier","floor":1.0},{"not_picked":["Go for the Eyes","Hologram"],"picked":"Conserve Battery","floor":4.0},{"not_picked":["Thunder Strike","Darkness"],"picked":"Ball Lightning","floor":5.0},{"not_picked":["Redo","Compile Driver"],"picked":"Blizzard","floor":7.0},{"not_picked":["Stack","Redo"],"picked":"Hologram","floor":10.0},{"not_picked":["Force Field","Blizzard"],"picked":"Conserve Battery","floor":11.0},{"not_picked":["Multi-Cast","Machine Learning"],"picked":"Core Surge","floor":16.0},{"not_picked":["Compile Driver","Hologram+1"],"picked":"Cold Snap","floor":18.0},{"not_picked":["Fusion","Rebound"],"picked":"Blizzard","floor":20.0},{"not_picked":["Ball Lightning","Storm"],"picked":"Beam Cell","floor":22.0},{"not_picked":["Barrage","Consume"],"picked":"Redo+1","floor":24.0}],"player_experience":157085,"relics_obtained":[{"floor":7.0,"key":"Darkstone Periapt"},{"floor":9.0,"key":"Blood Vial"},{"floor":11.0,"key":"Bottled Flame"},{"floor":24.0,"key":"Ice Cream"}],"event_choices":[{"damage_healed":0.0,"max_hp_gain":0.0,"max_hp_loss":0.0,"gold_gain":75.0,"event_name":"World of Goop","player_choice":"Gather Gold","floor":2.0,"gold_loss":0.0,"damage_taken":11.0},{"damage_healed":0.0,"max_hp_gain":0.0,"max_hp_loss":0.0,"gold_gain":0.0,"event_name":"Match and Keep!","player_choice":"2 cards matched","floor":14.0,"gold_loss":0.0,"damage_taken":0.0,"cards_obtained":["Bandage Up","Zap"]},{"damage_healed":0.0,"max_hp_gain":0.0,"max_hp_loss":0.0,"gold_gain":100.0,"event_name":"The Joust","player_choice":"Bet on Murderer","floor":19.0,"gold_loss":50.0,"damage_taken":0.0},{"damage_healed":0.0,"max_hp_gain":0.0,"max_hp_loss":0.0,"gold_gain":0.0,"event_name":"Vampires","player_choice":"Became a vampire (Vial)","floor":27.0,"relics_lost":["Blood Vial"],"gold_loss":0.0,"damage_taken":0.0,"cards_obtained":["Bite","Bite","Bite","Bite","Bite"]}],"is_beta":false,"boss_relics":[{"not_picked":["Busted Crown","Runic Dome"],"picked":"White Beast Statue"}],"items_purged_floors":[3],"is_endless":false,"potions_floor_spawned":[7,10,18,20,22,24],"killed_by":"Slavers","ascension_level":2}