{"gold_per_floor":[12,12,12,12,32,32,65,65,65,78,3,19,36,54,54,156,156,171,183,83,83,83,83,83],"floor_reached":24,"playtime":1717,"items_purged":["Strike_R","Strike_R"],"score":196,"play_id":"948ceb9b-b0a6-498f-a9b3-4a6909535c0d","local_time":"20180722231750","is_ascension_mode":false,"campfire_choices":[{"data":"Bash","floor":6,"key":"SMITH"},{"data":"Juggernaut","floor":8,"key":"SMITH"},{"data":"Body Slam","floor":15,"key":"SMITH"},{"data":"Shrug It Off","floor":23,"key":"SMITH"}],"neow_cost":"NO_GOLD","seed_source_timestamp":49251240933196,"circlet_count":0,"master_deck":["Strike_R","Defend_R","Defend_R","Defend_R","Defend_R","Bash+1","Juggernaut+1","Headbutt","Body Slam+1","Dropkick","Double Tap","Shockwave+1","Dropkick+1","Shrug It Off+1"],"relics":["Burning Blood","Prayer Wheel","Meat on the Bone","White Beast Statue"],"potions_floor_usage":[7,19,19],"damage_taken":[{"damage":0,"enemies":"Small Slimes","floor":1,"turns":4},{"damage":1,"enemies":"Jaw Worm","floor":5,"turns":5},{"damage":43,"enemies":"Gremlin Nob","floor":7,"turns":5},{"damage":7,"enemies":"2 Louse","floor":10,"turns":3},{"damage":22,"enemies":"Exordium Thugs","floor":12,"turns":5},{"damage":8,"enemies":"3 Louse","floor":13,"turns":5},{"damage":12,"enemies":"Large Slime","floor":14,"turns":5},{"damage":30,"enemies":"Slime Boss","floor":16,"turns":9},{"damage":43,"enemies":"2 Thieves","floor":18,"turns":5},{"damage":33,"enemies":"Spheric Guardian","floor":19,"turns":6},{"damage":25,"enemies":"Centurion and Healer","floor":24,"turns":5}],"seed_played":"1306899608109003823","potions_obtained":[{"floor":5,"key":"SkillPotion"},{"floor":13,"key":"SpeedPotion"},{"floor":16,"key":"SpeedPotion"},{"floor":18,"key":"Ancient Potion"},{"floor":19,"key":"FearPotion"}],"is_trial":false,"path_per_floor":["M","?","?","?","M","R","E","R","T","M","$","M","M","M","R","B",null,"M","M","$","?","$","R"],"character_chosen":"IRONCLAD","items_purchased":[],"campfire_rested":0,"item_purchase_floors":[],"current_hp_per_floor":[80,73,73,73,78,78,41,41,41,52,52,48,58,52,52,40,80,55,40,40,25,25,25,0],"gold":83,"neow_bonus":"THREE_RARE_CARDS","is_prod":false,"is_daily":false,"chose_seed":false,"campfire_upgraded":4,"win_rate":0,"timestamp":1532294270,"path_taken":["M","?","?","?","M","R","E","R","T","M","$","M","M","M","R","BOSS","M","M","$","?","?","R","?"],"build_version":"2018-07-19v2","purchased_purges":2,"victory":false,"max_hp_per_floor":[80,80,80,80,80,80,80,80,80,80,80,80,80,80,80,80,80,80,80,80,85,85,85,85],"card_choices":[{"not_picked":["Dark Embrace","Reaper"],"picked":"Juggernaut","floor":0},{"not_picked":["Pommel Strike","Burning Pact","Sword Boomerang"],"picked":"SKIP","floor":1},{"not_picked":["Evolve","Combust","Metallicize"],"picked":"SKIP","floor":5},{"not_picked":["Pommel Strike","Twin Strike","Wild Strike"],"picked":"SKIP","floor":7},{"not_picked":["Thunderclap","Twin Strike"],"picked":"Headbutt","floor":10},{"not_picked":["Flex","Intimidate","Twin Strike"],"picked":"SKIP","floor":10},{"not_picked":["Warcry","Blood for Blood"],"picked":"Body Slam","floor":12},{"not_picked":["Hemokinesis","Anger","Berserk"],"picked":"SKIP","floor":12},{"not_picked":["Perfected Strike","Heavy Blade","Twin Strike"],"picked":"SKIP","floor":13},{"not_picked":["Havoc","Anger","Reckless Charge"],"picked":"SKIP","floor":13},{"not_picked":["Uppercut","Spot Weakness"],"picked":"Dropkick","floor":14},{"not_picked":["Reckless Charge","Rampage","True Grit"],"picked":"SKIP","floor":14},{"not_picked":["Fiend Fire","Limit Break"],"picked":"Double Tap","floor":16},{"not_picked":["Wild Strike","Sword Boomerang+1"],"picked":"Shockwave+1","floor":18},{"not_picked":["Sentinel","Shockwave","Combust"],"picked":"SKIP","floor":18},{"not_picked":["Sentinel","Shockwave","Combust"],"picked":"SKIP","floor":18},{"not_picked":["Corruption+1","Second Wind"],"picked":"Dropkick+1","floor":19},{"not_picked":["Twin Strike","Iron Wave"],"picked":"Shrug It Off","floor":19}],"player_experience":325640,"relics_obtained":[{"floor":7,"key":"Prayer Wheel"},{"floor":9,"key":"Meat on the Bone"}],"event_choices":[{"event_name":"Golden Wing","player_choice":"Card Removal","floor":2,"damage_taken":0},{"event_name":"Living Wall","player_choice":"Forget","floor":3,"damage_taken":0},{"event_name":"Liars Game","player_choice":"disagreed","floor":4,"damage_taken":0},{"event_name":"Forgotten Altar","player_choice":"Shed Blood","floor":21,"damage_taken":0}],"is_beta":false,"boss_relics":[{"not_picked":["Snecko Eye","Lizard Tail"],"picked":"White Beast Statue"}],"items_purged_floors":[11,20],"is_endless":false,"potions_floor_spawned":[5,13,16,18,19],"killed_by":"Centurion and Healer","ascension_level":0}