{"gold_per_floor":[109,109,129,129,129,129,159,159,159,192,206,218,218,231,231,308,308,325,250,250,165,194,194,205,222,222,5,34,34,66,66,66,144,144,162,87,309,319,319,319,332,332,332,360,96,126,126,126,126,126,126,126,126,1,26,26],"floor_reached":57,"playtime":4869,"items_purged":["Sucker Punch","Well Laid Plans","Quick Slash"],"score":2754,"play_id":"d4799e7c-4734-49d6-8c3b-d6bc212bf07f","local_time":"20190705010141","is_ascension_mode":true,"campfire_choices":[{"data":"Neutralize","floor":6,"key":"SMITH"},{"data":"Bouncing Flask","floor":8,"key":"SMITH"},{"data":"Dagger Spray","floor":15,"key":"SMITH"},{"data":"Wraith Form v2","floor":23,"key":"SMITH"},{"data":"Catalyst","floor":29,"key":"SMITH"},{"floor":32,"key":"REST"},{"data":"Forethought","floor":40,"key":"SMITH"},{"data":"Adrenaline","floor":42,"key":"SMITH"},{"floor":49,"key":"RECALL"},{"data":"Catalyst","floor":53,"key":"SMITH"}],"neow_cost":"NONE","seed_source_timestamp":170798766879949,"circlet_count":0,"master_deck":["AscendersBane","Survivor","Neutralize+1","Deadly Poison+1","Bouncing Flask+1","Wraith Form v2+1","Night Terror+1","Calculated Gamble","Caltrops","Doppelganger+1","Crippling Poison","Dodge and Roll","Caltrops","PiercingWail","Catalyst+1","Adrenaline+1","Catalyst+1","Forethought+1","Master of Strategy","PiercingWail+1"],"relics":["Ring of the Snake","NeowsBlessing","Vajra","Juzu Bracelet","Pandora\u0027s Box","Nunchaku","Red Mask","Pocketwatch","Lee\u0027s Waffle","Centennial Puzzle","Meat on the Bone","Runic Pyramid","Omamori","War Paint","Happy Flower","Ginger","Torii"],"potions_floor_usage":[11,16,16,56,56],"damage_taken":[{"damage":0,"enemies":"2 Louse","floor":1,"turns":1},{"damage":0,"enemies":"Small Slimes","floor":3,"turns":1},{"damage":0,"enemies":"3 Sentries","floor":7,"turns":1},{"damage":17,"enemies":"Lagavulin","floor":10,"turns":7},{"damage":0,"enemies":"Cultist","floor":11,"turns":3},{"damage":6,"enemies":"3 Louse","floor":12,"turns":2},{"damage":20,"enemies":"Lots of Slimes","floor":14,"turns":3},{"damage":19,"enemies":"Slime Boss","floor":16,"turns":8},{"damage":22,"enemies":"Shell Parasite","floor":18,"turns":5},{"damage":12,"enemies":"Masked Bandits","floor":22,"turns":2},{"damage":0,"enemies":"3 Byrds","floor":24,"turns":3},{"damage":20,"enemies":"3 Cultists","floor":25,"turns":6},{"damage":16,"enemies":"Gremlin Leader","floor":28,"turns":7},{"damage":50,"enemies":"Slavers","floor":30,"turns":5},{"damage":20,"enemies":"Champ","floor":33,"turns":12},{"damage":4,"enemies":"3 Darklings","floor":35,"turns":5},{"damage":4,"enemies":"Orb Walker","floor":38,"turns":4},{"damage":5,"enemies":"3 Darklings","floor":41,"turns":6},{"damage":7,"enemies":"Giant Head","floor":44,"turns":6},{"damage":0,"enemies":"Nemesis","floor":46,"turns":5},{"damage":14,"enemies":"Donu and Deca","floor":50,"turns":11},{"damage":7,"enemies":"Time Eater","floor":51,"turns":7},{"damage":10,"enemies":"Shield and Spear","floor":55,"turns":5},{"damage":6,"enemies":"The Heart","floor":56,"turns":7}],"seed_played":"1417387860706084113","potions_obtained":[{"floor":7,"key":"SpeedPotion"},{"floor":10,"key":"Fruit Juice"},{"floor":11,"key":"Fire Potion"},{"floor":25,"key":"Dexterity Potion"},{"floor":30,"key":"Explosive Potion"},{"floor":41,"key":"PowerPotion"},{"floor":44,"key":"PowerPotion"}],"is_trial":false,"path_per_floor":["M","$","M","?","$","R","E","R","T","E","M","M","?","M","R","B",null,"M","?","?","?","?","R","M","M","T","$","E","R","E","?","R","B",null,"M","$","?","M","?","R","M","R","T","E","$","E","?","?","R","B","B",null,"R","$","E","B",null],"character_chosen":"THE_SILENT","items_purchased":["Lee\u0027s Waffle","Happy Flower"],"campfire_rested":1,"item_purchase_floors":[27,45],"current_hp_per_floor":[59,59,59,59,59,59,59,59,59,42,47,41,46,26,26,7,59,37,37,37,37,25,25,25,5,5,83,67,67,17,17,41,33,71,67,67,67,63,53,53,48,48,48,53,53,53,53,53,53,51,44,73,73,73,63,57],"gold":26,"neow_bonus":"THREE_ENEMY_KILL","is_prod":false,"is_daily":false,"chose_seed":false,"campfire_upgraded":8,"win_rate":0,"timestamp":1562256101,"path_taken":["M","$","M","?","$","R","E","R","T","E","M","M","?","M","R","BOSS","M","?","?","?","?","R","M","M","T","$","E","R","E","?","R","BOSS","M","$","?","M","?","R","M","R","T","E","?","E","?","?","R","BOSS","BOSS","R","$","E","BOSS"],"build_version":"2019-07-01","purchased_purges":3,"victory":true,"max_hp_per_floor":[66,66,66,66,66,66,66,66,66,66,71,71,76,76,76,76,76,76,76,76,76,76,76,76,76,76,83,83,83,83,83,83,83,83,83,83,83,83,83,83,83,83,83,83,83,83,83,83,83,83,83,83,83,83,83,83],"card_choices":[{"not_picked":["Dagger Throw","Outmaneuver"],"picked":"Dagger Spray","floor":1},{"not_picked":["Dagger Spray","Heel Hook"],"picked":"Deadly Poison","floor":3},{"not_picked":["Distraction","Quick Slash"],"picked":"Bouncing Flask","floor":7},{"not_picked":["Escape Plan","Deadly Poison","All Out Attack"],"picked":"SKIP","floor":10},{"not_picked":["Masterful Stab","Poisoned Stab","Slice"],"picked":"SKIP","floor":11},{"not_picked":["Concentrate","Tactician","Underhanded Strike"],"picked":"SKIP","floor":12},{"not_picked":["Dagger Spray","Sucker Punch","Underhanded Strike"],"picked":"SKIP","floor":14},{"not_picked":["Night Terror","Bullet Time"],"picked":"Wraith Form v2","floor":16},{"not_picked":["Underhanded Strike","Blade Dance+1"],"picked":"PiercingWail","floor":18},{"not_picked":["Flechettes","Skewer"],"picked":"Well Laid Plans","floor":22},{"not_picked":["Dagger Throw","Underhanded Strike","Quick Slash+1"],"picked":"SKIP","floor":24},{"not_picked":["Sucker Punch","Masterful Stab","Deflect"],"picked":"SKIP","floor":25},{"not_picked":["Poisoned Stab","Eviscerate","Die Die Die"],"picked":"SKIP","floor":28},{"not_picked":["Accuracy","Leg Sweep+1","Riddle With Holes"],"picked":"SKIP","floor":30},{"not_picked":["Storm of Steel","Die Die Die"],"picked":"Adrenaline","floor":33},{"not_picked":["Deadly Poison","Skewer","Blur"],"picked":"SKIP","floor":35},{"not_picked":["Prepared","Sucker Punch"],"picked":"Catalyst","floor":38},{"not_picked":["Magnetism","Flash of Steel"],"picked":"Forethought","floor":39},{"not_picked":["HandOfGreed","Chrysalis"],"picked":"Master of Strategy","floor":39},{"not_picked":["Deadly Poison","Sucker Punch"],"picked":"PiercingWail+1","floor":41},{"not_picked":["Predator+1","Outmaneuver","Backstab"],"picked":"SKIP","floor":44},{"not_picked":["Endless Agony","Bane","Terror"],"picked":"SKIP","floor":46},{"not_picked":["Cloak And Dagger","All Out Attack","Calculated Gamble"],"picked":"SKIP","floor":55}],"player_experience":541827,"relics_obtained":[{"floor":7,"key":"Vajra"},{"floor":10,"key":"Juzu Bracelet"},{"floor":22,"key":"Red Mask"},{"floor":26,"key":"Pocketwatch"},{"floor":28,"key":"Centennial Puzzle"},{"floor":30,"key":"Meat on the Bone"},{"floor":43,"key":"Omamori"},{"floor":44,"key":"War Paint"},{"floor":46,"key":"Ginger"},{"floor":55,"key":"Torii"}],"event_choices":[{"damage_healed":0,"gold_gain":0,"player_choice":"Leave","damage_taken":0,"max_hp_gain":0,"max_hp_loss":0,"event_name":"The Cleric","floor":4,"gold_loss":0},{"damage_healed":0,"gold_gain":0,"player_choice":"Donut","damage_taken":0,"max_hp_gain":5,"max_hp_loss":0,"event_name":"Big Fish","floor":13,"gold_loss":0},{"cards_removed":["Accuracy"],"damage_healed":0,"gold_gain":0,"player_choice":"Gave Gold","damage_taken":0,"max_hp_gain":0,"max_hp_loss":0,"event_name":"Beggar","floor":19,"gold_loss":75},{"damage_healed":0,"gold_gain":0,"player_choice":"Read","damage_taken":0,"max_hp_gain":0,"max_hp_loss":0,"event_name":"The Library","floor":20,"gold_loss":0,"cards_obtained":["Catalyst"]},{"damage_healed":0,"gold_gain":0,"player_choice":"Paid Gold","damage_taken":0,"relics_obtained":["Nunchaku"],"max_hp_gain":0,"max_hp_loss":0,"event_name":"WeMeetAgain","floor":21,"gold_loss":85},{"damage_healed":0,"gold_gain":0,"player_choice":"Fought Bandits","damage_taken":0,"max_hp_gain":0,"max_hp_loss":0,"event_name":"Masked Bandits","floor":22,"gold_loss":0},{"damage_healed":0,"gold_gain":0,"player_choice":"Upgraded","damage_taken":0,"max_hp_gain":0,"max_hp_loss":0,"event_name":"Upgrade Shrine","floor":31,"gold_loss":0,"cards_upgraded":["Night Terror"]},{"damage_healed":0,"gold_gain":222,"player_choice":"Wore Mask","damage_taken":0,"max_hp_gain":0,"max_hp_loss":0,"event_name":"Tomb of Lord Red Mask","floor":37,"gold_loss":0},{"damage_healed":0,"gold_gain":0,"player_choice":"Memory 3","damage_taken":10,"max_hp_gain":0,"max_hp_loss":0,"event_name":"SensoryStone","floor":39,"gold_loss":0},{"cards_removed":["Dagger Spray"],"damage_healed":0,"gold_gain":0,"player_choice":"Removed Attack","damage_taken":0,"max_hp_gain":0,"max_hp_loss":0,"event_name":"Falling","floor":47,"gold_loss":0},{"damage_healed":0,"gold_gain":0,"player_choice":"Got Potions","damage_taken":0,"max_hp_gain":0,"max_hp_loss":0,"event_name":"Lab","floor":48,"gold_loss":0}],"is_beta":false,"boss_relics":[{"not_picked":["Black Star","Calling Bell"],"picked":"Pandora\u0027s Box"},{"not_picked":["Empty Cage","Lizard Tail"],"picked":"Runic Pyramid"}],"items_purged_floors":[36,45,54],"is_endless":false,"potions_floor_spawned":[7,10,11,12,25,30,33,35,41,44],"ascension_level":20}