{"gold_per_floor":[15,35,48,64,80,80,111,111,188,217,68,168,60,77,77,174,174,187,112,127,143,143,143,159,175,175,175,206,219,269,285,285,381,381,394,45,56,73,88,88,88,121,421,421,432,443,477,477,477,477],"floor_reached":50,"playtime":3374,"items_purged":["Strike_G","Strike_G"],"score":722,"play_id":"163ab6d6-98f7-4bc6-994b-e1c7411a6d0b","local_time":"20190717031426","is_ascension_mode":true,"campfire_choices":[{"data":"Footwork","floor":6,"key":"SMITH"},{"floor":8,"key":"REST"},{"floor":15,"key":"REST"},{"data":"Footwork","floor":23,"key":"SMITH"},{"floor":27,"key":"REST"},{"floor":32,"key":"REST"},{"floor":40,"key":"REST"},{"floor":49,"key":"REST"}],"neow_cost":"NO_GOLD","seed_source_timestamp":36320583568727,"circlet_count":0,"master_deck":["Strike_G","Defend_G","Defend_G","Defend_G","Defend_G","Defend_G","Survivor","Neutralize","Adrenaline","Dagger Spray","Outmaneuver","Footwork+1","All Out Attack","Quick Slash","Sucker Punch","Adrenaline","Corpse Explosion","Noxious Fumes","Footwork+1","Leg Sweep","Dodge and Roll","Backflip","Glass Knife","Blur","Crippling Poison+1","Phantasmal Killer","Predator+1","Backflip","Backflip","Tools of the Trade","Backflip","Expertise+1","Footwork+1","Catalyst+1","Footwork+1","Catalyst"],"relics":["Ring of the Snake","Dream Catcher","Shuriken","Ginger","Philosopher\u0027s Stone","Matryoshka","Omamori","Fusion Hammer","Pear","Potion Belt","Bag of Preparation","Old Coin","Girya"],"potions_floor_usage":[33,33,42,48,50,50,50],"damage_taken":[{"damage":1,"enemies":"Cultist","floor":1,"turns":4},{"damage":0,"enemies":"Small Slimes","floor":2,"turns":3},{"damage":14,"enemies":"Jaw Worm","floor":3,"turns":5},{"damage":3,"enemies":"Red Slaver","floor":4,"turns":4},{"damage":0,"enemies":"3 Louse","floor":5,"turns":1},{"damage":19,"enemies":"3 Sentries","floor":7,"turns":6},{"damage":26,"enemies":"Gremlin Nob","floor":10,"turns":4},{"damage":0,"enemies":"Looter","floor":14,"turns":4},{"damage":21,"enemies":"Slime Boss","floor":16,"turns":9},{"damage":0,"enemies":"3 Byrds","floor":18,"turns":3},{"damage":7,"enemies":"Shell Parasite","floor":20,"turns":5},{"damage":0,"enemies":"Snake Plant","floor":21,"turns":6},{"damage":4,"enemies":"Cultist and Chosen","floor":24,"turns":6},{"damage":9,"enemies":"Centurion and Healer","floor":25,"turns":11},{"damage":17,"enemies":"Gremlin Leader","floor":28,"turns":7},{"damage":1,"enemies":"Sentry and Sphere","floor":29,"turns":4},{"damage":15,"enemies":"Snecko","floor":31,"turns":7},{"damage":11,"enemies":"Automaton","floor":33,"turns":9},{"damage":3,"enemies":"3 Darklings","floor":35,"turns":3},{"damage":3,"enemies":"3 Shapes","floor":37,"turns":4},{"damage":13,"enemies":"Jaw Worm Horde","floor":38,"turns":4},{"damage":9,"enemies":"Writhing Mass","floor":39,"turns":8},{"damage":33,"enemies":"Reptomancer","floor":42,"turns":7},{"damage":1,"enemies":"Spire Growth","floor":45,"turns":7},{"damage":0,"enemies":"Maw","floor":46,"turns":8},{"damage":19,"enemies":"Nemesis","floor":47,"turns":13},{"damage":0,"enemies":"4 Shapes","floor":48,"turns":1},{"damage":79,"enemies":"Time Eater","floor":50,"turns":14}],"seed_played":"3624478666557523129","potions_obtained":[{"floor":2,"key":"FearPotion"},{"floor":4,"key":"Ancient Potion"},{"floor":10,"key":"SpeedPotion"},{"floor":33,"key":"Strength Potion"},{"floor":39,"key":"Ancient Potion"},{"floor":42,"key":"AttackPotion"},{"floor":45,"key":"SmokeBomb"},{"floor":46,"key":"SpeedPotion"}],"is_trial":false,"path_per_floor":["M","M","M","M","M","R","E","R","T","E","$","?","$","M","R","B",null,"M","?","M","M","?","R","M","M","T","R","E","M","?","M","R","B",null,"M","$","M","M","M","R","?","E","T","?","M","M","E","M","R","B"],"character_chosen":"THE_SILENT","items_purchased":["Noxious Fumes","Footwork","Leg Sweep","Pear"],"campfire_rested":6,"item_purchase_floors":[11,13,13,36],"current_hp_per_floor":[69,69,55,52,52,52,33,54,54,28,28,28,28,28,49,28,70,70,70,63,63,63,63,59,50,50,70,53,52,52,37,58,47,70,67,77,74,61,52,76,76,43,43,76,75,75,56,56,76,0],"gold":477,"neow_bonus":"THREE_RARE_CARDS","is_prod":false,"is_daily":false,"chose_seed":false,"campfire_upgraded":2,"win_rate":0,"timestamp":1563351266,"path_taken":["M","M","M","M","M","R","E","R","T","E","$","?","$","M","R","BOSS","M","?","M","M","?","R","M","M","T","R","E","?","?","M","R","BOSS","M","$","M","M","M","R","?","E","T","?","M","M","E","M","R","BOSS"],"build_version":"2019-07-05","purchased_purges":2,"victory":false,"max_hp_per_floor":[70,70,70,70,70,70,70,70,70,70,70,70,70,70,70,70,70,70,70,70,70,70,70,70,70,70,70,70,70,70,70,70,70,70,70,80,80,80,80,80,76,76,76,76,76,76,76,76,76,76],"card_choices":[{"not_picked":["After Image","Malaise"],"picked":"Adrenaline","floor":0},{"not_picked":["Heel Hook","Sucker Punch"],"picked":"Dagger Spray","floor":1},{"not_picked":["Slice","Deadly Poison"],"picked":"Outmaneuver","floor":2},{"not_picked":["Finisher","Slice"],"picked":"Footwork","floor":3},{"not_picked":["PiercingWail","Slice"],"picked":"All Out Attack","floor":4},{"not_picked":["Infinite Blades","Deadly Poison"],"picked":"Quick Slash","floor":5},{"not_picked":["Flying Knee","Eviscerate"],"picked":"Sucker Punch","floor":7},{"not_picked":["Backflip","Well Laid Plans"],"picked":"Adrenaline","floor":8},{"not_picked":["All Out Attack","Concentrate"],"picked":"Corpse Explosion","floor":10},{"not_picked":["Blade Dance","Escape Plan"],"picked":"Dodge and Roll","floor":14},{"not_picked":["Flying Knee","Deadly Poison"],"picked":"Backflip","floor":15},{"not_picked":["Malaise","Unload"],"picked":"Glass Knife","floor":16},{"not_picked":["Prepared","Flechettes","PiercingWail+1"],"picked":"SKIP","floor":18},{"not_picked":["Cloak And Dagger","Flying Knee","Crippling Poison"],"picked":"SKIP","floor":20},{"not_picked":["Concentrate","Eviscerate+1","Flechettes"],"picked":"SKIP","floor":21},{"not_picked":["Dagger Throw+1","Deadly Poison+1","Blade Dance+1"],"picked":"SKIP","floor":24},{"not_picked":["Heel Hook","Dodge and Roll"],"picked":"Blur","floor":25},{"not_picked":["Caltrops","Cloak And Dagger"],"picked":"Crippling Poison+1","floor":27},{"not_picked":["Blade Dance","Outmaneuver"],"picked":"Phantasmal Killer","floor":28},{"not_picked":["Blade Dance","Flechettes"],"picked":"Predator+1","floor":29},{"not_picked":["PiercingWail","Flying Knee"],"picked":"Backflip","floor":31},{"not_picked":["Blade Dance+1","Caltrops+1"],"picked":"Backflip","floor":32},{"not_picked":["Die Die Die","Phantasmal Killer"],"picked":"Tools of the Trade","floor":33},{"not_picked":["Cloak And Dagger","Deadly Poison+1"],"picked":"Backflip","floor":35},{"not_picked":["Blur","Outmaneuver"],"picked":"Expertise+1","floor":37},{"not_picked":["Underhanded Strike+1","Cloak And Dagger"],"picked":"Footwork+1","floor":38},{"not_picked":["Terror","Acrobatics+1"],"picked":"Catalyst+1","floor":39},{"not_picked":["Sucker Punch","Reflex+1","Doppelganger"],"picked":"SKIP","floor":42},{"not_picked":["Backflip","Dodge and Roll","Blade Dance"],"picked":"SKIP","floor":45},{"not_picked":["Dagger Throw","Dagger Spray+1"],"picked":"Footwork+1","floor":46},{"not_picked":["Blur","Glass Knife","Acrobatics+1"],"picked":"SKIP","floor":47},{"not_picked":["Dagger Throw+1","Blur"],"picked":"Catalyst","floor":49}],"player_experience":112518,"relics_obtained":[{"floor":7,"key":"Dream Catcher"},{"floor":9,"key":"Shuriken"},{"floor":10,"key":"Ginger"},{"floor":26,"key":"Matryoshka"},{"floor":28,"key":"Omamori"},{"floor":42,"key":"Potion Belt"},{"floor":43,"key":"Bag of Preparation"},{"floor":43,"key":"Old Coin"},{"floor":47,"key":"Girya"}],"event_choices":[{"damage_healed":0,"gold_gain":100,"player_choice":"Gold","damage_taken":0,"max_hp_gain":0,"max_hp_loss":0,"event_name":"Wheel of Change","floor":12,"gold_loss":0},{"cards_removed":["Strike_G"],"damage_healed":0,"gold_gain":0,"player_choice":"Gave Gold","damage_taken":0,"max_hp_gain":0,"max_hp_loss":0,"event_name":"Beggar","floor":19,"gold_loss":75},{"cards_removed":["Strike_G"],"damage_healed":0,"gold_gain":0,"player_choice":"Purged","damage_taken":0,"max_hp_gain":0,"max_hp_loss":0,"event_name":"Purifier","floor":22,"gold_loss":0},{"damage_healed":0,"gold_gain":100,"player_choice":"Bet on Murderer","damage_taken":0,"max_hp_gain":0,"max_hp_loss":0,"event_name":"The Joust","floor":30,"gold_loss":50},{"damage_healed":0,"gold_gain":0,"player_choice":"Max HP","damage_taken":0,"max_hp_gain":0,"max_hp_loss":4,"event_name":"Winding Halls","floor":41,"gold_loss":0},{"damage_healed":33,"gold_gain":0,"player_choice":"Heal","damage_taken":0,"max_hp_gain":0,"max_hp_loss":0,"event_name":"MindBloom","floor":44,"gold_loss":0,"cards_obtained":["Doubt"]}],"is_beta":false,"boss_relics":[{"not_picked":["WristBlade","Tiny House"],"picked":"Philosopher\u0027s Stone"},{"not_picked":["Orrery","Empty Cage"],"picked":"Fusion Hammer"}],"items_purged_floors":[11,36],"is_endless":false,"potions_floor_spawned":[2,4,10,25,29,31,33,39,42,45,46],"killed_by":"Time Eater","ascension_level":2}