{"gold_per_floor":[116,132,82,8,8,8,43,43,43,62,62,62,62,90,90,193,193,211,228,246,246,0,0,10,10,10,10,29,40,40,57,57,156,156,172,172,62,74,74,74,84,184,184,184,184,184,184,184],"floor_reached":49,"playtime":1414,"items_purged":["Writhe"],"score":819,"play_id":"8e11d30c-8dc4-48f5-a1c0-7c7250127832","local_time":"20190706202204","is_ascension_mode":true,"campfire_choices":[{"data":"Electrodynamics","floor":6,"key":"SMITH"},{"data":"Defragment","floor":8,"key":"SMITH"},{"data":"Zap","floor":11,"key":"SMITH"},{"floor":15,"key":"REST"},{"data":"Biased Cognition","floor":23,"key":"SMITH"},{"data":"Biased Cognition","floor":27,"key":"SMITH"},{"floor":32,"key":"REST"},{"data":"Biased Cognition","floor":40,"key":"SMITH"},{"data":"Loop","floor":44,"key":"SMITH"},{"data":"Capacitor","floor":46,"key":"SMITH"}],"neow_cost":"NONE","seed_source_timestamp":858803711506700,"circlet_count":0,"master_deck":["Strike_B","Strike_B","Defend_B","Defend_B","Defend_B+1","Defend_B","Zap+1","Dualcast","Electrodynamics+1","Ball Lightning","Defragment+1","Coolheaded+1","Biased Cognition+1","Hologram","Biased Cognition+1","Storm+1","Hologram+1","Coolheaded+1","Clumsy","Biased Cognition+1","Capacitor+1","Loop+1","Writhe","Dark Shackles+1"],"relics":["Cracked Core","PreservedInsect","Potion Belt","Dream Catcher","Cursed Key","Bird Faced Urn","Toxic Egg 2","Coffee Dripper","Nunchaku","Mango"],"potions_floor_usage":[14,38,48,48,48],"damage_taken":[{"damage":0,"enemies":"Cultist","floor":1,"turns":3},{"damage":5,"enemies":"2 Louse","floor":2,"turns":3},{"damage":15,"enemies":"Gremlin Nob","floor":7,"turns":3},{"damage":5,"enemies":"Jaw Worm","floor":10,"turns":3},{"damage":5,"enemies":"3 Sentries","floor":14,"turns":2},{"damage":0,"enemies":"Slime Boss","floor":16,"turns":5},{"damage":0,"enemies":"Spheric Guardian","floor":18,"turns":2},{"damage":0,"enemies":"3 Byrds","floor":19,"turns":2},{"damage":0,"enemies":"Snecko","floor":20,"turns":2},{"damage":0,"enemies":"3 Cultists","floor":24,"turns":2},{"damage":13,"enemies":"Shelled Parasite and Fungi","floor":28,"turns":3},{"damage":13,"enemies":"Snecko","floor":29,"turns":3},{"damage":23,"enemies":"Centurion and Healer","floor":31,"turns":2},{"damage":11,"enemies":"Champ","floor":33,"turns":5},{"damage":6,"enemies":"Orb Walker","floor":35,"turns":2},{"damage":26,"enemies":"3 Darklings","floor":38,"turns":3},{"damage":9,"enemies":"Sphere and 2 Shapes","floor":41,"turns":2},{"damage":0,"enemies":"Mind Bloom Boss Battle","floor":42,"turns":4},{"damage":39,"enemies":"Time Eater","floor":48,"turns":6}],"seed_played":"4968379846466659158","potions_obtained":[{"floor":7,"key":"Regen Potion"},{"floor":18,"key":"FocusPotion"},{"floor":24,"key":"GamblersBrew"},{"floor":33,"key":"Weak Potion"},{"floor":38,"key":"Weak Potion"}],"is_trial":false,"path_per_floor":["M","M","?","$","?","R","E","R","T","M","R","?","$","E","R","B",null,"M","M","M","?","?","R","M","$","T","R","M","M","?","M","R","B",null,"M","?","$","M","$","R","M","?","T","R","?","R","?","B",null],"character_chosen":"DEFECT","items_purchased":["Defragment","Loop"],"campfire_rested":2,"item_purchase_floors":[4,37],"current_hp_per_floor":[75,70,70,70,70,70,55,55,55,50,50,35,35,35,57,57,75,75,75,75,75,75,75,75,75,75,75,68,63,75,56,75,74,75,73,71,71,51,51,51,54,70,84,84,84,84,84,54],"gold":184,"neow_bonus":"ONE_RANDOM_RARE_CARD","is_prod":false,"is_daily":false,"chose_seed":false,"campfire_upgraded":8,"win_rate":0,"timestamp":1562437324,"path_taken":["M","?","?","$","?","R","E","R","T","?","R","?","$","E","R","BOSS","M","M","M","?","?","R","M","$","T","R","M","M","?","?","R","BOSS","M","?","$","M","$","R","M","?","T","R","?","R","?","BOSS"],"build_version":"2019-07-05","purchased_purges":1,"victory":true,"max_hp_per_floor":[75,75,75,75,75,75,75,75,75,75,75,75,75,75,75,75,75,75,75,75,75,75,75,75,75,75,75,75,75,75,75,75,75,75,75,71,71,71,71,71,71,71,85,85,85,85,85,85],"card_choices":[{"not_picked":["Steam","Streamline"],"picked":"Ball Lightning","floor":1},{"not_picked":["Hologram","Heatsinks","Blizzard"],"picked":"SKIP","floor":2},{"not_picked":["Redo","Streamline"],"picked":"Coolheaded","floor":7},{"not_picked":["Stack","Scrape","Doom and Gloom"],"picked":"SKIP","floor":10},{"not_picked":["Streamline","Beam Cell"],"picked":"Biased Cognition","floor":14},{"not_picked":["Barrage","Undo"],"picked":"Hologram","floor":15},{"not_picked":["Seek","Rainbow"],"picked":"Biased Cognition","floor":16},{"not_picked":["Gash","Go for the Eyes"],"picked":"Storm+1","floor":18},{"not_picked":["Consume","Darkness+1","Recycle"],"picked":"SKIP","floor":19},{"not_picked":["Beam Cell","Stack"],"picked":"Hologram+1","floor":20},{"not_picked":["Ball Lightning","Heatsinks"],"picked":"Coolheaded+1","floor":24},{"not_picked":["Turbo+1","Gash","Scrape+1"],"picked":"SKIP","floor":28},{"not_picked":["Aggregate+1","Cold Snap"],"picked":"Biased Cognition","floor":29},{"not_picked":["Compile Driver","Cold Snap"],"picked":"Capacitor","floor":31},{"not_picked":["White Noise+1","Go for the Eyes+1","Barrage"],"picked":"SKIP","floor":35},{"not_picked":["Chaos+1","Go for the Eyes+1","Sweeping Beam"],"picked":"SKIP","floor":38},{"not_picked":["Beam Cell+1","Rebound","Ball Lightning"],"picked":"SKIP","floor":41},{"not_picked":["Panache","Deep Breath+1"],"picked":"Dark Shackles+1","floor":45}],"player_experience":311588,"relics_obtained":[{"floor":7,"key":"PreservedInsect"},{"floor":9,"key":"Potion Belt"},{"floor":14,"key":"Dream Catcher"},{"floor":26,"key":"Toxic Egg 2"},{"floor":42,"key":"Nunchaku"},{"floor":43,"key":"Mango"}],"event_choices":[{"cards_removed":["Strike_B"],"damage_healed":0,"gold_gain":0,"player_choice":"Card Removal","damage_taken":0,"max_hp_gain":0,"max_hp_loss":0,"event_name":"The Cleric","floor":3,"gold_loss":50},{"cards_removed":["Strike_B"],"damage_healed":0,"gold_gain":0,"player_choice":"Offered Basic","damage_taken":0,"max_hp_gain":0,"max_hp_loss":0,"event_name":"Bonfire Elementals","floor":5,"gold_loss":0},{"damage_healed":0,"gold_gain":0,"player_choice":"Entered Light","damage_taken":15,"max_hp_gain":0,"max_hp_loss":0,"event_name":"Shining Light","floor":12,"gold_loss":0,"cards_upgraded":["Defend_B","Coolheaded"]},{"damage_healed":0,"gold_gain":0,"player_choice":"Opened","damage_taken":0,"relics_obtained":["Bird Faced Urn"],"max_hp_gain":0,"max_hp_loss":0,"event_name":"The Mausoleum","floor":21,"gold_loss":0,"cards_obtained":["Writhe"]},{"damage_healed":0,"gold_gain":0,"player_choice":"Paid Fearfully","damage_taken":0,"max_hp_gain":0,"max_hp_loss":0,"event_name":"Masked Bandits","floor":22,"gold_loss":246},{"damage_healed":25,"gold_gain":0,"player_choice":"Heal","damage_taken":0,"max_hp_gain":0,"max_hp_loss":0,"event_name":"The Library","floor":30,"gold_loss":0},{"damage_healed":0,"gold_gain":0,"player_choice":"Max HP","damage_taken":0,"max_hp_gain":0,"max_hp_loss":4,"event_name":"Winding Halls","floor":36,"gold_loss":0},{"damage_healed":0,"gold_gain":0,"player_choice":"Fight","damage_taken":0,"max_hp_gain":0,"max_hp_loss":0,"event_name":"MindBloom","floor":42,"gold_loss":0},{"damage_healed":0,"gold_gain":0,"player_choice":"Memory 1","damage_taken":0,"max_hp_gain":0,"max_hp_loss":0,"event_name":"SensoryStone","floor":45,"gold_loss":0},{"damage_healed":0,"gold_gain":0,"player_choice":"Took Portal","damage_taken":0,"max_hp_gain":0,"max_hp_loss":0,"event_name":"SecretPortal","floor":47,"gold_loss":0}],"is_beta":false,"boss_relics":[{"not_picked":["Philosopher\u0027s Stone","Fusion Hammer"],"picked":"Cursed Key"},{"not_picked":["Velvet Choker","Pandora\u0027s Box"],"picked":"Coffee Dripper"}],"items_purged_floors":[37],"is_endless":false,"potions_floor_spawned":[7,18,24,33,38],"ascension_level":4}