{"path_per_floor":["M","M","?","?","M","R","E","R","T","M","R","M","M","E","R","B",null,"M","?","$","?","M","E","R","E","T","M"],"character_chosen":"IRONCLAD","items_purchased":[],"gold_per_floor":[110,123,123,198,208,208,234,234,234,252,252,269,283,313,313,413,413,413,413,338,238,238,238,238,238,238,238],"floor_reached":28,"campfire_rested":2,"playtime":1570,"current_hp_per_floor":[80,80,80,69,75,75,51,51,51,31,55,53,61,51,51,9,80,68,68,68,68,68,37,61,62,62,74],"items_purged":["Strike_R"],"gold":238,"score":268,"play_id":"d1783367-253e-49ea-b7e8-898fe1052d02","is_prod":false,"is_daily":false,"is_ascension_mode":false,"campfire_upgraded":3,"path_taken":["M","M","?","?","M","R","E","R","T","?","R","?","M","E","R","BOSS","M","?","$","?","M","E","R","E","T","M","E"],"build_version":"2018-02-22-PROD2","purchased_purges":2,"victory":false,"master_deck":["Strike_R","Strike_R","Strike_R","Defend_R","Defend_R","Defend_R","Defend_R","Bash+1","Reckless Charge","Heavy Blade+1","Rupture+1","Headbutt","Spot Weakness","Seeing Red+1","Reaper","J.A.X.","Spot Weakness","Intimidate"],"max_hp_per_floor":[80,80,80,80,80,80,80,80,80,80,80,80,80,80,80,80,80,80,80,80,80,80,80,80,80,80,80],"relics":["Burning Blood","Blood Vial","Bottled Flame","Vajra","Ectoplasm","Ornamental Fan","Ancient Tea Set","Dream Catcher"],"card_choices":[{"not_picked":["Ghostly Armor","Pommel Strike"],"picked":"Heavy Blade"},{"not_picked":["Shrug It Off","Cleave"],"picked":"Rupture"},{"not_picked":["Perfected Strike","Hemokinesis"],"picked":"Headbutt"},{"not_picked":["Clash","Thunderclap"],"picked":"Spot Weakness"},{"not_picked":["Carnage","Armaments"],"picked":"Seeing Red"},{"not_picked":["Double Tap","Immolate"],"picked":"Reaper"},{"not_picked":["Twin Strike","Pummel"],"picked":"Spot Weakness"},{"not_picked":["Fiend Fire","Ghostly Armor"],"picked":"Intimidate"}],"player_experience":69491,"potions_floor_usage":[13,14,14,27],"damage_taken":[{"damage":6,"enemies":"Jaw Worm","floor":1,"turns":4},{"damage":5,"enemies":"2 Louse","floor":2,"turns":3},{"damage":0,"enemies":"Cultist","floor":5,"turns":3},{"damage":30,"enemies":"Gremlin Nob","floor":7,"turns":4},{"damage":28,"enemies":"Large Slime","floor":10,"turns":5},{"damage":10,"enemies":"Exordium Thugs","floor":12,"turns":4},{"damage":0,"enemies":"Looter","floor":13,"turns":2},{"damage":18,"enemies":"Lagavulin","floor":14,"turns":3},{"damage":50,"enemies":"Hexaghost","floor":16,"turns":6},{"damage":26,"enemies":"Spheric Guardian","floor":18,"turns":5},{"damage":18,"enemies":"3 Byrds","floor":22,"turns":4},{"damage":67,"enemies":"Slavers","floor":23,"turns":6},{"damage":28,"enemies":"Book of Stabbing","floor":25,"turns":3},{"damage":23,"enemies":"Centurion and Healer","floor":27,"turns":4},{"damage":80,"enemies":"Slavers","floor":28,"turns":5}],"event_choices":[{"event_name":"Living Wall","player_choice":"Grow","floor":3,"damage_taken":0},{"event_name":"World of Goop","player_choice":"Gather Gold","floor":4,"damage_taken":0},{"event_name":"Accursed Blacksmith","player_choice":"Ignore","floor":19,"damage_taken":0},{"event_name":"Drug Dealer","player_choice":"Got JAXXED","floor":21,"damage_taken":0}],"boss_relics":[{"not_picked":["Astrolabe","Runic Dome"],"picked":"Ectoplasm"}],"potions_floor_spawned":[2,10,13,14,16,18,22,25],"seed_played":"4002596876431853349","killed_by":"Slavers","ascension_level":0,"is_trial":false}