{"gold_per_floor":[109,34,209,209,225,225,241,141,141,153,176,188,220,249,261,378,440,468,198,198,198,208,208,208],"floor_reached":24,"playtime":1481,"items_purged":["Strike_G","Doubt","Strike_G"],"score":279,"play_id":"021320a7-8723-4e05-9c48-e7313ba16626","local_time":"20190513152555","is_ascension_mode":true,"campfire_choices":[{"data":"Envenom","floor":6,"key":"SMITH"},{"data":"Noxious Fumes","floor":10,"key":"SMITH"},{"data":"Bouncing Flask","floor":12,"key":"SMITH"},{"floor":15,"key":"RECALL"},{"floor":23,"key":"REST"}],"neow_cost":"NONE","seed_source_timestamp":19902371851600,"circlet_count":0,"master_deck":["AscendersBane","Defend_G+1","Defend_G","Defend_G","Defend_G","Defend_G","Strike_G","Strike_G","Survivor","Neutralize","Accuracy","Backflip","Envenom+1","Neutralize","Noxious Fumes+1","Dodge and Roll","Bouncing Flask+1","Doppelganger","Heel Hook","Cloak And Dagger+1"],"relics":["Ring of the Snake","MawBank","Tiny House","Bronze Scales"],"potions_floor_usage":[16,16,24,24],"damage_taken":[{"damage":0,"enemies":"2 Louse","floor":1,"turns":4},{"damage":0,"enemies":"Cultist","floor":5,"turns":5},{"damage":0,"enemies":"Small Slimes","floor":7,"turns":4},{"damage":4,"enemies":"Exordium Thugs","floor":11,"turns":6},{"damage":13,"enemies":"3 Louse","floor":13,"turns":4},{"damage":1,"enemies":"Exordium Wildlife","floor":14,"turns":4},{"damage":26,"enemies":"The Guardian","floor":16,"turns":8},{"damage":14,"enemies":"Shell Parasite","floor":18,"turns":6},{"damage":13,"enemies":"Spheric Guardian","floor":22,"turns":4},{"damage":66,"enemies":"Gremlin Leader","floor":24,"turns":6}],"seed_played":"2542411156047289274","potions_obtained":[{"floor":7,"key":"Strength Potion"},{"floor":11,"key":"Dexterity Potion"},{"floor":14,"key":"EssenceOfSteel"},{"floor":17,"key":"GhostInAJar"}],"is_trial":false,"path_per_floor":["M","$","?","?","M","R","M","$","T","R","M","R","M","M","R","B",null,"M","$","?","$","M","R","E"],"character_chosen":"THE_SILENT","items_purchased":["Bronze Scales"],"campfire_rested":1,"item_purchase_floors":[19],"current_hp_per_floor":[63,63,63,63,63,63,63,63,63,63,59,59,46,45,45,19,62,48,48,48,48,35,57,0],"gold":208,"neow_bonus":"THREE_CARDS","is_prod":false,"is_daily":false,"chose_seed":false,"campfire_upgraded":3,"win_rate":0,"timestamp":1557775555,"path_taken":["M","$","?","?","M","R","?","$","T","R","M","R","M","M","R","BOSS","M","$","?","?","M","R","E"],"build_version":"2019-01-23","purchased_purges":3,"victory":false,"max_hp_per_floor":[70,70,70,70,70,70,70,70,70,70,70,70,70,70,70,70,75,75,75,75,75,75,75,75],"card_choices":[{"not_picked":["Deadly Poison","Poisoned Stab"],"picked":"Accuracy","floor":0},{"not_picked":["Deflect","Blade Dance"],"picked":"Backflip","floor":1},{"not_picked":["Outmaneuver","Eviscerate"],"picked":"Noxious Fumes","floor":5},{"not_picked":["Backflip","Calculated Gamble"],"picked":"Dodge and Roll","floor":7},{"not_picked":["Cloak And Dagger","Wraith Form v2"],"picked":"Bouncing Flask","floor":11},{"not_picked":["Bane","Eviscerate","Blade Dance"],"picked":"SKIP","floor":13},{"not_picked":["Dodge and Roll","Dagger Throw","Riddle With Holes"],"picked":"SKIP","floor":14},{"not_picked":["Die Die Die","Tools of the Trade"],"picked":"Doppelganger","floor":16},{"not_picked":["Acrobatics","Deflect"],"picked":"Heel Hook","floor":17},{"not_picked":["Underhanded Strike","Expertise+1"],"picked":"Cloak And Dagger+1","floor":18},{"not_picked":["Blade Dance+1","Flying Knee","Finisher"],"picked":"SKIP","floor":22}],"player_experience":369037,"relics_obtained":[{"floor":9,"key":"MawBank"}],"event_choices":[{"damage_healed":0,"gold_gain":175,"player_choice":"AGREE","damage_taken":0,"max_hp_gain":0,"max_hp_loss":0,"event_name":"Liars Game","floor":3,"gold_loss":0,"cards_obtained":["Doubt"]},{"damage_healed":0,"gold_gain":0,"player_choice":"2 cards matched","damage_taken":0,"max_hp_gain":0,"max_hp_loss":0,"event_name":"Match and Keep!","floor":4,"gold_loss":0,"cards_obtained":["Envenom","Neutralize"]},{"cards_removed":["Strike_G"],"damage_healed":0,"gold_gain":0,"player_choice":"Purged","damage_taken":0,"max_hp_gain":0,"max_hp_loss":0,"event_name":"Purifier","floor":20,"gold_loss":0}],"is_beta":false,"boss_relics":[{"not_picked":["Velvet Choker","Runic Pyramid"],"picked":"Tiny House"}],"items_purged_floors":[2,8,19],"is_endless":false,"potions_floor_spawned":[7,11,14],"killed_by":"Gremlin Leader","ascension_level":10}