{"gold_per_floor":[115,6,20,39,39,71,89,107,107,107,121,121,155,168,168,264,264,280,297,297,307,307,307,332,332,384,397,414,414,414,428,428,428],"floor_reached":33,"playtime":2746,"items_purged":["Defend_G"],"score":281,"play_id":"0553a7bc-f3d0-45b8-8994-e64769d361f7","local_time":"20190529133039","is_ascension_mode":false,"campfire_choices":[{"floor":10,"key":"REST"},{"floor":12,"key":"REST"},{"floor":15,"key":"REST"},{"floor":23,"key":"REST"},{"floor":25,"key":"REST"},{"floor":29,"key":"REST"},{"floor":32,"key":"REST"}],"neow_cost":"NONE","seed_source_timestamp":992243872142272,"circlet_count":0,"master_deck":["Defend_G","Defend_G","Defend_G","Strike_G","Strike_G","Strike_G","Survivor","Neutralize","Noxious Fumes","Well Laid Plans","Prepared","Dagger Spray","Dagger Spray","Poisoned Stab","Deadly Poison","Tools of the Trade+1","Flying Knee","Backflip","Envenom+1","Catalyst","Bane","Caltrops+1","PiercingWail+1","All Out Attack","Acrobatics","Blade Dance","Injury","Infinite Blades+1","Poisoned Stab+1"],"relics":["Philosopher\u0027s Stone","Kunai","Frozen Egg 2","Smiling Mask","Black Star","Tingsha","Regal Pillow","Bottled Lightning","Oddly Smooth Stone"],"potions_floor_usage":[16,16,33,33],"damage_taken":[{"damage":2,"enemies":"Cultist","floor":1,"turns":4},{"damage":3,"enemies":"Small Slimes","floor":3,"turns":4},{"damage":0,"enemies":"2 Louse","floor":4,"turns":3},{"damage":35,"enemies":"3 Sentries","floor":6,"turns":6},{"damage":6,"enemies":"Looter","floor":7,"turns":3},{"damage":6,"enemies":"3 Louse","floor":8,"turns":2},{"damage":10,"enemies":"Blue Slaver","floor":11,"turns":3},{"damage":16,"enemies":"Lagavulin","floor":13,"turns":5},{"damage":0,"enemies":"Lots of Slimes","floor":14,"turns":2},{"damage":8,"enemies":"The Guardian","floor":16,"turns":9},{"damage":13,"enemies":"Chosen","floor":18,"turns":5},{"damage":16,"enemies":"Spheric Guardian","floor":19,"turns":5},{"damage":20,"enemies":"Centurion and Healer","floor":21,"turns":6},{"damage":22,"enemies":"Gremlin Leader","floor":24,"turns":6},{"damage":36,"enemies":"Shelled Parasite and Fungi","floor":27,"turns":3},{"damage":14,"enemies":"Cultist and Chosen","floor":28,"turns":6},{"damage":27,"enemies":"Centurion and Healer","floor":31,"turns":6},{"damage":71,"enemies":"Champ","floor":33,"turns":6}],"seed_played":"1126409945241622127","potions_obtained":[{"floor":1,"key":"Weak Potion"},{"floor":3,"key":"Energy Potion"},{"floor":7,"key":"Swift Potion"},{"floor":24,"key":"SkillPotion"},{"floor":28,"key":"EssenceOfSteel"},{"floor":31,"key":"Poison Potion"}],"is_trial":false,"path_per_floor":["M","$","M","M","?","E","M","M","T","R","M","R","E","M","R","B",null,"M","M","?","M","?","R","E","R","T","M","M","R","?","M","R","B"],"character_chosen":"THE_SILENT","items_purchased":["Well Laid Plans"],"campfire_rested":7,"item_purchase_floors":[2],"current_hp_per_floor":[68,68,65,65,65,30,24,18,18,39,29,50,34,34,55,47,70,57,41,41,21,21,42,20,56,56,20,6,42,42,15,51,0],"gold":428,"neow_bonus":"BOSS_RELIC","is_prod":false,"is_daily":false,"chose_seed":false,"campfire_upgraded":0,"win_rate":0.0,"timestamp":1559161839,"path_taken":["M","$","?","M","?","E","M","?","T","R","M","R","E","?","R","BOSS","M","?","?","?","?","R","E","R","T","M","M","R","?","M","R","BOSS"],"build_version":"2019-01-23","purchased_purges":1,"victory":false,"max_hp_per_floor":[70,70,70,70,70,70,70,70,70,70,70,70,70,70,70,70,70,70,70,70,70,70,70,70,70,70,70,70,70,70,70,70,70],"card_choices":[{"not_picked":["Dash","Dagger Spray"],"picked":"Noxious Fumes","floor":1},{"not_picked":["Deflect","Flechettes"],"picked":"Prepared","floor":3},{"not_picked":["Acrobatics","Finisher"],"picked":"Dagger Spray","floor":4},{"not_picked":["Slice","Expertise"],"picked":"Dagger Spray","floor":6},{"not_picked":["Sucker Punch","Backflip"],"picked":"Poisoned Stab","floor":7},{"not_picked":["Dagger Throw","Terror"],"picked":"Deadly Poison","floor":8},{"not_picked":["Prepared","Calculated Gamble"],"picked":"Tools of the Trade+1","floor":11},{"not_picked":["Deflect","Finisher"],"picked":"Flying Knee","floor":13},{"not_picked":["Predator","Sucker Punch"],"picked":"Backflip","floor":14},{"not_picked":["Malaise","Bullet Time"],"picked":"Envenom+1","floor":16},{"not_picked":["Heel Hook+1","Deadly Poison"],"picked":"Catalyst","floor":18},{"not_picked":["Footwork+1","Dodge and Roll"],"picked":"Bane","floor":19},{"not_picked":["Slice","Quick Slash"],"picked":"PiercingWail+1","floor":21},{"not_picked":["Sucker Punch","Dodge and Roll"],"picked":"All Out Attack","floor":24},{"not_picked":["Underhanded Strike","Choke"],"picked":"Acrobatics","floor":27},{"not_picked":["Flying Knee","Dagger Spray"],"picked":"Blade Dance","floor":28},{"not_picked":["Riddle With Holes","Doppelganger"],"picked":"Poisoned Stab+1","floor":31}],"player_experience":25511,"relics_obtained":[{"floor":6,"key":"Kunai"},{"floor":9,"key":"Frozen Egg 2"},{"floor":13,"key":"Smiling Mask"},{"floor":24,"key":"Regal Pillow"},{"floor":24,"key":"Bottled Lightning"},{"floor":26,"key":"Oddly Smooth Stone"}],"event_choices":[{"cards_removed":["Defend_G"],"damage_healed":0,"gold_gain":0,"player_choice":"Purged","damage_taken":0,"max_hp_gain":0,"max_hp_loss":0,"event_name":"Purifier","floor":5,"gold_loss":0},{"damage_healed":0,"gold_gain":0,"cards_transformed":["Strike_G"],"player_choice":"Transformed","damage_taken":0,"max_hp_gain":0,"max_hp_loss":0,"event_name":"Transmorgrifier","floor":20,"gold_loss":0,"cards_obtained":["Caltrops"]},{"damage_healed":0,"gold_gain":0,"player_choice":"Opened","damage_taken":0,"relics_obtained":["Tingsha"],"max_hp_gain":0,"max_hp_loss":0,"event_name":"The Mausoleum","floor":22,"gold_loss":0,"cards_obtained":["Writhe"]},{"damage_healed":0,"gold_gain":0,"cards_transformed":["Writhe","Strike_G"],"player_choice":"Became Test Subject","damage_taken":0,"max_hp_gain":0,"max_hp_loss":0,"event_name":"Drug Dealer","floor":30,"gold_loss":0,"cards_obtained":["Injury","Infinite Blades"]}],"is_beta":false,"boss_relics":[{"not_picked":["Eternal Feather","Empty Cage"],"picked":"Black Star"}],"items_purged_floors":[2],"is_endless":false,"potions_floor_spawned":[1,3,7,8,24,28,31],"killed_by":"Champ","ascension_level":0}