{"gold_per_floor":[113,133,149,164,51,51,63,63,63,97,110,124,141,160,160,264,264,282,25,25,25,25,25,41,41,41,52,66,81,6,6,6,6],"floor_reached":33,"playtime":2779,"items_purged":["Strike_R","Strike_R"],"score":278,"play_id":"65f27c7b-86b8-4146-91fa-1d08328b789c","local_time":"20190602143110","is_ascension_mode":false,"campfire_choices":[{"data":"Shockwave","floor":6,"key":"SMITH"},{"data":"Cleave","floor":8,"key":"SMITH"},{"data":"Metallicize","floor":15,"key":"SMITH"},{"data":"Feed","floor":23,"key":"SMITH"},{"data":"Feel No Pain","floor":25,"key":"SMITH"},{"data":"Armaments","floor":32,"key":"SMITH"}],"neow_cost":"NONE","seed_source_timestamp":2143608116236,"circlet_count":0,"master_deck":["Strike_R","Defend_R","Defend_R","Defend_R","Defend_R","Bash+1","Shockwave+1","Cleave+1","Warcry","Feel No Pain+1","Carnage","Twin Strike","Metallicize+1","Burning Pact","Feed+1","Anger+1","Metallicize+1","Armaments+1","Feel No Pain+1","True Grit","Warcry+1"],"relics":["Burning Blood","Matryoshka","PreservedInsect","Mark of Pain","Anchor","Self Forming Clay","Smiling Mask"],"potions_floor_usage":[10,14,18,33,33,33],"damage_taken":[{"damage":1,"enemies":"Cultist","floor":1,"turns":3},{"damage":6,"enemies":"2 Louse","floor":2,"turns":2},{"damage":3,"enemies":"Jaw Worm","floor":3,"turns":3},{"damage":11,"enemies":"2 Fungi Beasts","floor":4,"turns":4},{"damage":9,"enemies":"Large Slime","floor":7,"turns":6},{"damage":27,"enemies":"Lagavulin","floor":10,"turns":7},{"damage":6,"enemies":"3 Louse","floor":11,"turns":3},{"damage":6,"enemies":"Blue Slaver","floor":12,"turns":3},{"damage":1,"enemies":"2 Fungi Beasts","floor":13,"turns":3},{"damage":1,"enemies":"3 Louse","floor":14,"turns":2},{"damage":64,"enemies":"Hexaghost","floor":16,"turns":14},{"damage":3,"enemies":"3 Byrds","floor":18,"turns":5},{"damage":0,"enemies":"Chosen","floor":24,"turns":4},{"damage":18,"enemies":"Sentry and Sphere","floor":27,"turns":7},{"damage":8,"enemies":"Snake Plant","floor":28,"turns":9},{"damage":4,"enemies":"Cultist and Chosen","floor":29,"turns":7},{"damage":92,"enemies":"Automaton","floor":33,"turns":12}],"seed_played":"3998380058329875202","potions_obtained":[{"floor":1,"key":"Fire Potion"},{"floor":3,"key":"Regen Potion"},{"floor":7,"key":"BloodPotion"},{"floor":12,"key":"Poison Potion"},{"floor":14,"key":"SneckoOil"},{"floor":16,"key":"GamblersBrew"},{"floor":27,"key":"AttackPotion"},{"floor":29,"key":"Strength Potion"}],"is_trial":false,"path_per_floor":["M","M","M","M","$","R","M","R","T","E","M","M","M","M","R","B",null,"M","$","?","$","?","R","M","R","T","M","M","M","?","?","R","B"],"character_chosen":"IRONCLAD","items_purchased":["Carnage","Anchor"],"campfire_rested":0,"item_purchase_floors":[5,19],"current_hp_per_floor":[80,80,80,75,75,75,72,72,72,59,59,59,64,69,69,11,80,83,83,83,83,83,83,87,87,87,75,77,83,83,83,83,0],"gold":6,"neow_bonus":"UPGRADE_CARD","is_prod":false,"is_daily":false,"chose_seed":false,"campfire_upgraded":6,"win_rate":0,"timestamp":1559478670,"path_taken":["M","M","M","M","$","R","M","R","T","E","?","M","M","M","R","BOSS","M","$","?","?","?","R","M","R","T","?","M","M","?","?","R","BOSS"],"build_version":"2019-01-23","purchased_purges":2,"victory":false,"max_hp_per_floor":[80,80,80,80,80,80,80,80,80,80,80,80,80,80,80,80,80,83,83,83,83,83,83,87,87,87,87,91,95,95,95,95,95],"card_choices":[{"not_picked":["Spot Weakness","Sword Boomerang"],"picked":"Shockwave","floor":1},{"not_picked":["Burning Pact","Sword Boomerang"],"picked":"Cleave","floor":2},{"not_picked":["Burning Pact","Pommel Strike"],"picked":"Warcry","floor":3},{"not_picked":["Heavy Blade","Flex"],"picked":"Feel No Pain","floor":4},{"not_picked":["Flame Barrier","Bludgeon","Uppercut"],"picked":"SKIP","floor":7},{"not_picked":["Uppercut","Clash"],"picked":"Twin Strike","floor":10},{"not_picked":["Fire Breathing","Sentinel","Heavy Blade"],"picked":"SKIP","floor":11},{"not_picked":["Battle Trance","Burning Pact"],"picked":"Metallicize","floor":12},{"not_picked":["Heavy Blade","Flame Barrier","Warcry"],"picked":"SKIP","floor":13},{"not_picked":["Cleave","Inflame"],"picked":"Burning Pact","floor":14},{"not_picked":["Immolate","Bludgeon"],"picked":"Feed","floor":16},{"not_picked":["Evolve","Carnage"],"picked":"Anger+1","floor":18},{"not_picked":["Flex","Evolve"],"picked":"Armaments","floor":24},{"not_picked":["Thunderclap","Headbutt+1"],"picked":"Feel No Pain+1","floor":27},{"not_picked":["Flex+1","Warcry+1"],"picked":"True Grit","floor":28},{"not_picked":["Juggernaut","Clash"],"picked":"Warcry+1","floor":29}],"player_experience":376930,"relics_obtained":[{"floor":9,"key":"Matryoshka"},{"floor":10,"key":"PreservedInsect"},{"floor":26,"key":"Self Forming Clay"},{"floor":26,"key":"Smiling Mask"}],"event_choices":[{"cards_removed":["Strike_R"],"damage_healed":0,"gold_gain":0,"player_choice":"Purged","damage_taken":0,"max_hp_gain":0,"max_hp_loss":0,"event_name":"Purifier","floor":20,"gold_loss":0},{"damage_healed":0,"gold_gain":0,"player_choice":"Copied","damage_taken":0,"max_hp_gain":0,"max_hp_loss":0,"event_name":"Duplicator","floor":22,"gold_loss":0,"cards_obtained":["Metallicize"]},{"cards_removed":["Strike_R"],"damage_healed":0,"gold_gain":0,"player_choice":"Gave Gold","damage_taken":0,"max_hp_gain":0,"max_hp_loss":0,"event_name":"Beggar","floor":30,"gold_loss":75},{"damage_healed":0,"gold_gain":0,"player_choice":"Ignored","damage_taken":0,"max_hp_gain":0,"max_hp_loss":0,"event_name":"Vampires","floor":31,"gold_loss":0}],"is_beta":false,"boss_relics":[{"not_picked":["Busted Crown","Black Blood"],"picked":"Mark of Pain"}],"items_purged_floors":[5,19],"is_endless":false,"potions_floor_spawned":[1,3,7,12,14,16,27,29],"killed_by":"Automaton","ascension_level":0}