{"gold_per_floor":[119,135,135,135,60,60,88,88,88,88,103,103,3,13,13,118,118,131,148,160,171,183,183,183,183,207,82,82,100,100,117,117,220,250,264,264,283,303,303],"floor_reached":39,"playtime":2398,"items_purged":["Strike_R","Strike_R","Defend_R"],"score":383,"play_id":"88d51d68-d8fd-40d0-9bd0-27b7a5008794","local_time":"20190602004741","is_ascension_mode":false,"campfire_choices":[{"data":"Whirlwind","floor":6,"key":"SMITH"},{"data":"Spot Weakness","floor":8,"key":"SMITH"},{"data":"Rampage","floor":12,"key":"SMITH"},{"data":"Bash","floor":15,"key":"SMITH"},{"floor":23,"key":"REST"},{"floor":25,"key":"REST"},{"data":"Shockwave","floor":30,"key":"SMITH"},{"floor":32,"key":"REST"}],"neow_cost":"NONE","seed_source_timestamp":45311090686114,"circlet_count":0,"master_deck":["Strike_R","Strike_R","Defend_R","Defend_R","Defend_R","Bash+1","Double Tap","Spot Weakness+1","Whirlwind+1","Shockwave+1","Rampage+1","Metallicize","Dropkick","Shrug It Off+1","Headbutt","Clumsy","Writhe","Normality","Forethought"],"relics":["Burning Blood","Prayer Wheel","Lantern","MutagenicStrength","Strawberry","Calling Bell","Tiny Chest","Pantograph","Thread and Needle"],"potions_floor_usage":[19,22,22,33,33],"damage_taken":[{"damage":1,"enemies":"2 Louse","floor":1,"turns":2},{"damage":0,"enemies":"Small Slimes","floor":2,"turns":3},{"damage":44,"enemies":"Lagavulin","floor":7,"turns":6},{"damage":3,"enemies":"Jaw Worm","floor":11,"turns":2},{"damage":4,"enemies":"Red Slaver","floor":14,"turns":2},{"damage":14,"enemies":"Slime Boss","floor":16,"turns":8},{"damage":20,"enemies":"Shell Parasite","floor":18,"turns":4},{"damage":21,"enemies":"Spheric Guardian","floor":19,"turns":4},{"damage":25,"enemies":"3 Cultists","floor":20,"turns":5},{"damage":25,"enemies":"Snake Plant","floor":21,"turns":4},{"damage":16,"enemies":"Snecko","floor":22,"turns":4},{"damage":10,"enemies":"Cultist and Chosen","floor":29,"turns":5},{"damage":22,"enemies":"Centurion and Healer","floor":31,"turns":4},{"damage":55,"enemies":"Champ","floor":33,"turns":9},{"damage":30,"enemies":"Orb Walker","floor":35,"turns":5},{"damage":18,"enemies":"3 Darklings","floor":37,"turns":3},{"damage":55,"enemies":"4 Shapes","floor":38,"turns":8},{"damage":9,"enemies":"Sphere and 2 Shapes","floor":39,"turns":2}],"seed_played":"-6787584172990240330","potions_obtained":[{"floor":11,"key":"Regen Potion"},{"floor":14,"key":"Poison Potion"},{"floor":21,"key":"Poison Potion"},{"floor":22,"key":"LiquidBronze"},{"floor":29,"key":"Block Potion"}],"is_trial":false,"path_per_floor":["M","M","?","?","$","R","E","R","T","?","M","R","$","M","R","B",null,"M","M","M","M","M","R","?","R","T","$","?","M","R","M","R","B",null,"M","?","M","M","M"],"character_chosen":"IRONCLAD","items_purchased":[],"campfire_rested":3,"item_purchase_floors":[],"current_hp_per_floor":[80,80,80,85,85,85,47,47,47,47,50,50,50,52,52,44,85,71,56,37,18,8,33,33,58,65,65,92,88,88,72,92,43,92,68,68,56,7,0],"gold":303,"neow_bonus":"ONE_RANDOM_RARE_CARD","is_prod":false,"is_daily":false,"chose_seed":false,"campfire_upgraded":5,"win_rate":0,"timestamp":1559429261,"path_taken":["M","M","?","?","$","R","E","R","T","?","M","R","?","?","R","BOSS","M","M","M","M","M","R","?","R","T","$","?","M","R","M","R","BOSS","M","?","M","M","M"],"build_version":"2019-01-23","purchased_purges":3,"victory":false,"max_hp_per_floor":[80,80,80,85,85,85,85,85,85,85,85,85,85,85,85,85,85,85,85,85,85,85,85,85,85,92,92,92,92,92,92,92,92,92,92,92,92,92,92],"card_choices":[{"not_picked":["Iron Wave","Shrug It Off"],"picked":"Spot Weakness","floor":1},{"not_picked":["Dual Wield","Hemokinesis"],"picked":"Whirlwind","floor":2},{"not_picked":["Sword Boomerang","Power Through","Carnage"],"picked":"SKIP","floor":7},{"not_picked":["Shrug It Off","Impervious"],"picked":"Rampage","floor":11},{"not_picked":["Clothesline","Thunderclap","Sword Boomerang"],"picked":"SKIP","floor":11},{"not_picked":["Sword Boomerang","Iron Wave"],"picked":"Metallicize","floor":14},{"not_picked":["Cleave","Perfected Strike","Corruption"],"picked":"SKIP","floor":14},{"not_picked":["Intimidate","Combust"],"picked":"Dropkick","floor":18},{"not_picked":["Clash","Fire Breathing","Combust+1"],"picked":"SKIP","floor":18},{"not_picked":["Burning Pact","Entrench"],"picked":"Shrug It Off+1","floor":19},{"not_picked":["Rampage","Warcry"],"picked":"Headbutt","floor":19},{"not_picked":["Wild Strike","Shrug It Off","Headbutt"],"picked":"SKIP","floor":20},{"not_picked":["Ghostly Armor","Anger","Thunderclap"],"picked":"SKIP","floor":20},{"not_picked":["Clothesline+1","Headbutt","Havoc"],"picked":"SKIP","floor":21},{"not_picked":["Rupture","Rage","Double Tap"],"picked":"SKIP","floor":21},{"not_picked":["Combust+1","Intimidate","Cleave"],"picked":"SKIP","floor":22},{"not_picked":["Twin Strike","Perfected Strike+1","Heavy Blade"],"picked":"SKIP","floor":22},{"not_picked":["Carnage","Wild Strike+1","Clash+1"],"picked":"SKIP","floor":29},{"not_picked":["Burning Pact","Flex","Dual Wield"],"picked":"SKIP","floor":29},{"not_picked":["Cleave","Perfected Strike+1","Flame Barrier"],"picked":"SKIP","floor":31},{"not_picked":["True Grit","Warcry","Body Slam+1"],"picked":"SKIP","floor":31},{"not_picked":["Rampage","Clothesline+1","Thunderclap+1"],"picked":"SKIP","floor":35},{"not_picked":["Dark Embrace","True Grit+1","Sentinel+1"],"picked":"SKIP","floor":35},{"not_picked":["Hemokinesis+1","Rupture","True Grit+1"],"picked":"SKIP","floor":37},{"not_picked":["Dual Wield+1","Thunderclap","Anger+1"],"picked":"SKIP","floor":37},{"not_picked":["Corruption+1","Pommel Strike","Ghostly Armor"],"picked":"SKIP","floor":38},{"not_picked":["Shrug It Off","Entrench+1","Battle Trance"],"picked":"SKIP","floor":38}],"player_experience":371144,"relics_obtained":[{"floor":7,"key":"Prayer Wheel"},{"floor":9,"key":"Lantern"},{"floor":26,"key":"Strawberry"},{"floor":34,"key":"Tiny Chest"},{"floor":34,"key":"Pantograph"},{"floor":34,"key":"Thread and Needle"}],"event_choices":[{"damage_healed":0,"gold_gain":0,"player_choice":"Ignored","damage_taken":0,"max_hp_gain":0,"max_hp_loss":0,"event_name":"Liars Game","floor":3,"gold_loss":0},{"damage_healed":0,"gold_gain":0,"player_choice":"Donut","damage_taken":0,"max_hp_gain":5,"max_hp_loss":0,"event_name":"Big Fish","floor":4,"gold_loss":0},{"damage_healed":0,"gold_gain":0,"cards_transformed":["Strike_R"],"player_choice":"Change","damage_taken":0,"max_hp_gain":0,"max_hp_loss":0,"event_name":"Living Wall","floor":10,"gold_loss":0,"cards_obtained":["Shockwave"]},{"damage_healed":0,"gold_gain":0,"player_choice":"Inject Mutagens","damage_taken":0,"relics_obtained":["MutagenicStrength"],"max_hp_gain":0,"max_hp_loss":0,"event_name":"Drug Dealer","floor":24,"gold_loss":0},{"damage_healed":30,"gold_gain":0,"player_choice":"Heal","damage_taken":0,"max_hp_gain":0,"max_hp_loss":0,"event_name":"The Library","floor":28,"gold_loss":0},{"damage_healed":0,"gold_gain":0,"player_choice":"1 cards matched","damage_taken":0,"max_hp_gain":0,"max_hp_loss":0,"event_name":"Match and Keep!","floor":36,"gold_loss":0,"cards_obtained":["Forethought"]}],"is_beta":false,"boss_relics":[{"not_picked":["Eternal Feather","Orrery","Coffee Dripper"]},{"not_picked":["Snecko Eye","Lizard Tail"],"picked":"Calling Bell"}],"items_purged_floors":[5,13,27],"is_endless":false,"potions_floor_spawned":[11,14,21,22,29],"killed_by":"Sphere and 2 Shapes","ascension_level":0}