{"gold_per_floor":[110,123,137,153,153,153,187,187,236,236,261,261,276,295,295,367,367,377,61,61,61,79,79],"floor_reached":23,"playtime":1559,"items_purged":[],"score":452,"play_id":"0d75b711-3ca0-4215-9a67-ba5de141da08","local_time":"20190309203953","is_ascension_mode":true,"campfire_choices":[{"floor":6,"key":"REST"},{"data":"True Grit","floor":8,"key":"SMITH"},{"data":"Iron Wave","floor":10,"key":"SMITH"},{"floor":15,"key":"REST"}],"neow_cost":"NONE","seed_source_timestamp":1952565685208071,"circlet_count":0,"master_deck":["AscendersBane","Strike_R","Strike_R","Strike_R","Strike_R","Defend_R","Defend_R","Defend_R+1","Defend_R","Bash+1","Dropkick","Iron Wave+1","Feel No Pain+1","True Grit+1","Impervious","Warcry","Demon Form","Body Slam"],"relics":["Burning Blood","Kunai","Centennial Puzzle","Dream Catcher","Fusion Hammer","Incense Burner"],"potions_floor_usage":[11,13,23],"damage_taken":[{"damage":2,"enemies":"2 Louse","floor":1,"turns":3},{"damage":8,"enemies":"Small Slimes","floor":2,"turns":4},{"damage":1,"enemies":"Cultist","floor":3,"turns":3},{"damage":37,"enemies":"Exordium Thugs","floor":4,"turns":6},{"damage":10,"enemies":"3 Sentries","floor":7,"turns":19},{"damage":0,"enemies":"Gremlin Nob","floor":11,"turns":3},{"damage":7,"enemies":"3 Louse","floor":13,"turns":4},{"damage":10,"enemies":"Large Slime","floor":14,"turns":8},{"damage":39,"enemies":"The Guardian","floor":16,"turns":16},{"damage":30,"enemies":"3 Byrds","floor":18,"turns":8},{"damage":22,"enemies":"2 Thieves","floor":22,"turns":5},{"damage":26,"enemies":"Slavers","floor":23,"turns":4}],"seed_played":"-885061647317396473","potions_obtained":[{"floor":4,"key":"AttackPotion"},{"floor":7,"key":"AttackPotion"},{"floor":11,"key":"GamblersBrew"},{"floor":14,"key":"SneckoOil"},{"floor":18,"key":"GamblersBrew"}],"is_trial":false,"path_per_floor":["M","M","M","M","?","R","E","R","T","R","E","?","M","M","R","B",null,"M","$","?","?","M","E"],"character_chosen":"IRONCLAD","items_purchased":["Incense Burner"],"campfire_rested":2,"item_purchase_floors":[19],"current_hp_per_floor":[72,70,75,44,21,43,39,39,39,39,45,45,44,40,62,29,64,40,40,40,40,24,0],"gold":79,"neow_bonus":"TRANSFORM_CARD","is_prod":false,"is_daily":false,"chose_seed":false,"campfire_upgraded":2,"win_rate":0,"timestamp":1552131593,"path_taken":["M","M","M","M","?","R","E","R","T","R","E","?","?","M","R","BOSS","M","$","?","?","?","E"],"build_version":"2019-01-23","purchased_purges":0,"victory":false,"max_hp_per_floor":[75,75,75,75,75,75,75,75,75,75,75,75,75,75,75,75,75,75,75,75,75,75,75],"card_choices":[{"not_picked":["Havoc","Clash"],"picked":"Iron Wave","floor":1},{"not_picked":["Havoc","Combust"],"picked":"Feel No Pain","floor":2},{"not_picked":["Dropkick","Body Slam"],"picked":"True Grit","floor":3},{"not_picked":["Feel No Pain","Headbutt","Thunderclap"],"picked":"SKIP","floor":4},{"not_picked":["Perfected Strike","Thunderclap","Twin Strike"],"picked":"SKIP","floor":7},{"not_picked":["Perfected Strike","Body Slam"],"picked":"Impervious","floor":11},{"not_picked":["Fire Breathing","Pommel Strike"],"picked":"Warcry","floor":13},{"not_picked":["Anger","Thunderclap","Rage"],"picked":"SKIP","floor":14},{"not_picked":["Limit Break","Offering"],"picked":"Demon Form","floor":16},{"not_picked":["Anger","Combust","Clothesline+1"],"picked":"SKIP","floor":18},{"not_picked":["Thunderclap","Metallicize"],"picked":"Body Slam","floor":22}],"player_experience":526717,"relics_obtained":[{"floor":7,"key":"Kunai"},{"floor":9,"key":"Centennial Puzzle"},{"floor":11,"key":"Dream Catcher"}],"event_choices":[{"damage_healed":0,"gold_gain":0,"player_choice":"Entered Light","damage_taken":23,"max_hp_gain":0,"max_hp_loss":0,"event_name":"Shining Light","floor":5,"gold_loss":0,"cards_upgraded":["Defend_R","Bash"]},{"damage_healed":0,"gold_gain":0,"player_choice":"Forge","damage_taken":0,"max_hp_gain":0,"max_hp_loss":0,"event_name":"Accursed Blacksmith","floor":12,"gold_loss":0,"cards_upgraded":["Feel No Pain"]},{"damage_healed":0,"gold_gain":0,"player_choice":"0 cards matched","damage_taken":0,"max_hp_gain":0,"max_hp_loss":0,"event_name":"Match and Keep!","floor":21,"gold_loss":0,"cards_obtained":[]}],"is_beta":false,"boss_relics":[{"not_picked":["Philosopher\u0027s Stone","Orrery"],"picked":"Fusion Hammer"}],"items_purged_floors":[],"is_endless":false,"potions_floor_spawned":[4,7,11,14,18,22],"killed_by":"Slavers","ascension_level":20}