{"gold_per_floor":[110,110,124,124,124,165,165,184,207,221,261,261,281,281,281,410,410,425,444,459,459,472,472,490,523,523,563,581,616,392,413,413,541,541,562,575,575,908,1008,1033,553,572,572,298,309,326,28,75,75,75],"floor_reached":51,"playtime":5683,"items_purged":["Defend_G","Defend_G","Defend_G","Defend_G"],"score":924,"play_id":"f19213ff-e8c3-48d1-8d2f-3ee2eb5cc5b4","local_time":"20190601131916","is_ascension_mode":false,"campfire_choices":[{"floor":7.0,"key":"REST"},{"data":"Accuracy","floor":12,"key":"SMITH"},{"floor":15,"key":"REST"},{"data":"Cloak And Dagger","floor":23,"key":"SMITH"},{"floor":32,"key":"REST"},{"data":"Infinite Blades","floor":49,"key":"SMITH"}],"neow_cost":"NONE","seed_source_timestamp":0,"circlet_count":0,"master_deck":["Defend_G","Strike_G","Strike_G+1","Strike_G+1","Strike_G","Strike_G","Survivor","Neutralize","Finesse","Noxious Fumes","Poisoned Stab","Blade Dance","Accuracy+1","Leg Sweep","Blade Dance","Finisher","Storm of Steel","Poisoned Stab","Cloak And Dagger+1","Backflip+1","Cloak And Dagger+1","Cloak And Dagger+1","Cloak And Dagger","Prepared","Blade Dance","Terror","Envenom","Backflip","Calculated Gamble+1","Well Laid Plans","Infinite Blades","Infinite Blades+1","Blur+1","Flechettes"],"special_seed":0,"relics":["Ring of the Snake","Anchor","Shuriken","Omamori","Whetstone","Blood Vial","WristBlade","FaceOfCleric","Dead Branch","Kunai","Orichalcum","Lantern","Dream Catcher","Runic Dome","Shovel","StoneCalendar","Mango","Centennial Puzzle","Boot","Happy Flower","Snake Skull"],"potions_floor_usage":[16,50,50],"damage_taken":[{"damage":1.0,"enemies":"2 Louse","floor":1.0,"turns":3.0},{"damage":0.0,"enemies":"Jaw Worm","floor":3.0,"turns":5.0},{"damage":33.0,"enemies":"Gremlin Nob","floor":6.0,"turns":5.0},{"damage":1.0,"enemies":"Cultist","floor":8.0,"turns":3.0},{"damage":0.0,"enemies":"Large Slime","floor":10.0,"turns":4.0},{"damage":9,"enemies":"3 Sentries","floor":11,"turns":6},{"damage":1,"enemies":"Lots of Slimes","floor":13,"turns":4},{"damage":10,"enemies":"Slime Boss","floor":16,"turns":9},{"damage":0,"enemies":"Spheric Guardian","floor":18,"turns":2},{"damage":0,"enemies":"Chosen","floor":19,"turns":4},{"damage":23,"enemies":"Snecko","floor":20,"turns":5},{"damage":2,"enemies":"Centurion and Healer","floor":22,"turns":5},{"damage":3,"enemies":"Cultist and Chosen","floor":24,"turns":4},{"damage":0,"enemies":"Book of Stabbing","floor":25,"turns":4},{"damage":0,"enemies":"Gremlin Leader","floor":27,"turns":3},{"damage":0,"enemies":"Shelled Parasite and Fungi","floor":28,"turns":3},{"damage":16,"enemies":"Book of Stabbing","floor":29,"turns":5},{"damage":0,"enemies":"3 Cultists","floor":31,"turns":3},{"damage":0,"enemies":"Champ","floor":33,"turns":3},{"damage":18,"enemies":"3 Darklings","floor":35,"turns":3},{"damage":0,"enemies":"Orb Walker","floor":36,"turns":2},{"damage":0,"enemies":"Mind Bloom Boss Battle","floor":39,"turns":3},{"damage":0,"enemies":"Reptomancer","floor":40,"turns":2},{"damage":3,"enemies":"Sphere and 2 Shapes","floor":42,"turns":3},{"damage":10,"enemies":"3 Darklings","floor":45,"turns":3},{"damage":0,"enemies":"Jaw Worm Horde","floor":46,"turns":3},{"damage":62,"enemies":"Time Eater","floor":50,"turns":8}],"seed_played":"-4176704624530367346","potions_obtained":[{"floor":1.0,"key":"AttackPotion"},{"floor":8.0,"key":"Block Potion"},{"floor":11,"key":"AttackPotion"},{"floor":13,"key":"Regen Potion"},{"floor":19,"key":"GhostInAJar"},{"floor":28,"key":"FearPotion"},{"floor":46,"key":"FearPotion"}],"is_trial":false,"path_per_floor":["M","?","M","?","T","E","R","M","T","M","E","R","M","?","R","B",null,"M","M","M","?","M","R","M","E","T","E","M","E","$","M","R","B",null,"M","M","?","?","?","E","$","M","T","$","M","M","$","T","R","B",null],"character_chosen":"THE_SILENT","items_purchased":["Dream Catcher","Infinite Blades","Mango","Boot","Happy Flower"],"campfire_rested":3,"item_purchase_floors":[30,41,41,44,47],"current_hp_per_floor":[69,62,62,45,45,12,33,32,32,32,23,23,24,24,45,37,70,70,70,47,47,48,48,48,51,51,54,57,44,44,47,70,73,78,61,64,64,64,67,70,84,84,84,84,77,80,80,80,80,21],"gold":75,"neow_bonus":"RANDOM_COLORLESS","is_prod":false,"is_daily":false,"chose_seed":false,"campfire_upgraded":3,"win_rate":0.0,"timestamp":1559420356,"path_taken":["M","?","M","?","?","E","R","?","T","M","E","R","M","?","R","BOSS","M","M","?","?","?","R","M","E","T","E","M","E","?","?","R","BOSS","M","M","?","?","?","E","?","M","T","$","M","M","$","?","R","BOSS"],"build_version":"2019-01-23","purchased_purges":4,"victory":true,"max_hp_per_floor":[70,70,70,70,70,70,70,70,70,70,70,70,70,70,70,70,70,70,70,70,70,71,71,72,73,73,74,75,76,76,77,77,78,78,79,80,76,76,77,78,92,93,93,93,94,95,95,95,95,96],"card_choices":[{"not_picked":["Dagger Spray","Endless Agony"],"picked":"Noxious Fumes","floor":1.0},{"not_picked":["Calculated Gamble","Sucker Punch"],"picked":"Poisoned Stab","floor":3.0},{"not_picked":["Acrobatics","Dodge and Roll"],"picked":"Blade Dance","floor":6.0},{"not_picked":["Acrobatics","Masterful Stab"],"picked":"Accuracy","floor":8.0},{"not_picked":["Heel Hook","Sucker Punch"],"picked":"Leg Sweep","floor":10},{"not_picked":["Underhanded Strike","Poisoned Stab"],"picked":"Blade Dance","floor":11},{"not_picked":["Deflect","Leg Sweep"],"picked":"Finisher","floor":13},{"not_picked":["Doppelganger","Bullet Time"],"picked":"Storm of Steel","floor":16},{"not_picked":["Underhanded Strike+1","Skewer"],"picked":"Poisoned Stab","floor":18},{"not_picked":["Well Laid Plans+1","Dodge and Roll"],"picked":"Cloak And Dagger+1","floor":19},{"not_picked":["Prepared","Calculated Gamble"],"picked":"Backflip+1","floor":20},{"not_picked":["Bane","Blade Dance"],"picked":"Cloak And Dagger","floor":22},{"not_picked":["Dagger Spray","Distraction+1"],"picked":"Cloak And Dagger+1","floor":24},{"not_picked":["Underhanded Strike","Sucker Punch","Tactician+1"],"picked":"SKIP","floor":25},{"not_picked":["Deflect","Skewer+1"],"picked":"Cloak And Dagger","floor":27},{"not_picked":["Dagger Spray","Burst"],"picked":"Prepared","floor":28},{"not_picked":["Sucker Punch+1","Night Terror","Dagger Throw"],"picked":"SKIP","floor":29},{"not_picked":["PiercingWail","Flechettes"],"picked":"Blade Dance","floor":31},{"not_picked":["Deadly Poison","Backflip"],"picked":"Terror","floor":32},{"not_picked":["Wraith Form v2","Burst"],"picked":"Envenom","floor":33},{"not_picked":["Flying Knee","PiercingWail+1"],"picked":"Backflip","floor":35},{"not_picked":["Dagger Spray+1","Expertise+1"],"picked":"Calculated Gamble+1","floor":36},{"not_picked":["Cloak And Dagger","Heel Hook+1"],"picked":"Well Laid Plans","floor":39},{"not_picked":["Dodge and Roll+1","Dagger Throw","Heel Hook+1"],"picked":"SKIP","floor":40},{"not_picked":["Accuracy","Blade Dance+1"],"picked":"Infinite Blades","floor":42},{"not_picked":["Bane+1","Noxious Fumes"],"picked":"Blur+1","floor":45},{"not_picked":["Bouncing Flask","Deflect"],"picked":"Flechettes","floor":46}],"player_experience":46991,"relics_obtained":[{"floor":5.0,"key":"Shuriken"},{"floor":6.0,"key":"Omamori"},{"floor":9.0,"key":"Whetstone"},{"floor":11,"key":"Blood Vial"},{"floor":25,"key":"Dead Branch"},{"floor":26,"key":"Kunai"},{"floor":27,"key":"Orichalcum"},{"floor":29,"key":"Lantern"},{"floor":39,"key":"Shovel"},{"floor":40,"key":"StoneCalendar"},{"floor":43,"key":"Centennial Puzzle"},{"floor":48,"key":"Snake Skull"}],"event_choices":[{"damage_healed":0.0,"max_hp_gain":0.0,"max_hp_loss":0.0,"gold_gain":0.0,"event_name":"Scrap Ooze","player_choice":"Success","floor":2.0,"gold_loss":0.0,"damage_taken":7.0,"relics_obtained":["Anchor"]},{"damage_healed":0.0,"max_hp_gain":0.0,"max_hp_loss":0.0,"gold_gain":0.0,"event_name":"Golden Idol","player_choice":"Take Damage","floor":4.0,"gold_loss":0.0,"damage_taken":17.0,"relics_obtained":["Golden Idol"]},{"damage_healed":0,"gold_gain":0,"player_choice":"Bought 0 Potions","damage_taken":0,"max_hp_gain":0,"max_hp_loss":0,"event_name":"The Woman in Blue","floor":14,"gold_loss":0},{"damage_healed":0,"gold_gain":0,"player_choice":"Trade","damage_taken":0,"relics_obtained":["FaceOfCleric"],"max_hp_gain":0,"max_hp_loss":0,"event_name":"FaceTrader","floor":21,"gold_loss":0},{"damage_healed":0,"gold_gain":0,"player_choice":"Max HP","damage_taken":0,"max_hp_gain":0,"max_hp_loss":4,"event_name":"Winding Halls","floor":37,"gold_loss":0},{"damage_healed":0,"gold_gain":333,"player_choice":"Gave Idol","damage_taken":0,"max_hp_gain":0,"max_hp_loss":0,"event_name":"The Moai Head","floor":38,"relics_lost":["Golden Idol"],"gold_loss":0},{"damage_healed":0,"gold_gain":0,"player_choice":"Fight","damage_taken":0,"max_hp_gain":0,"max_hp_loss":0,"event_name":"MindBloom","floor":39,"gold_loss":0}],"is_beta":false,"boss_relics":[{"not_picked":["Empty Cage","Snecko Eye"],"picked":"WristBlade"},{"not_picked":["Astrolabe","Runic Pyramid"],"picked":"Runic Dome"}],"items_purged_floors":[30,41,44,47],"is_endless":false,"potions_floor_spawned":[1,8,11,13,19,20,28,29,31,36,42,46],"ascension_level":0}