{"gold_per_floor":[115,115,115,134,66,66,99,99,152,169,179,179,208,227,227,322,372,384,384,396,407,419,419,452,452,452,478,494,494,494,419,419,419],"floor_reached":33,"playtime":2593,"items_purged":[],"score":336,"play_id":"9787ccf9-dba6-4654-90e6-705336fb3fb3","local_time":"20190616125232","is_ascension_mode":true,"campfire_choices":[{"floor":6.0,"key":"RECALL"},{"data":"Infinite Blades","floor":8.0,"key":"SMITH"},{"data":"Infinite Blades","floor":15,"key":"SMITH"},{"floor":23,"key":"REST"},{"floor":25,"key":"REST"},{"floor":32,"key":"REST"}],"neow_cost":"NONE","seed_source_timestamp":0,"circlet_count":0,"master_deck":["Defend_G","Defend_G","Defend_G","Defend_G","Strike_G+1","Strike_G","Strike_G+1","Survivor+1","Neutralize","Dagger Throw","Escape Plan","Infinite Blades+1","Dagger Throw","Poisoned Stab","Deadly Poison","Backstab","Infinite Blades+1","Adrenaline","Leg Sweep","Cloak And Dagger","Sucker Punch","Infinite Blades+1","Deadly Poison","Blade Dance+1","Backflip+1","Deadly Poison+1","Quick Slash+1"],"special_seed":0,"relics":["Ring of the Snake","NeowsBlessing","Regal Pillow","Happy Flower","Strawberry","Tiny House","Toxic Egg 2","Snake Skull","Oddly Smooth Stone","Enchiridion"],"potions_floor_usage":[16,16,20,22,24,33,33,33],"damage_taken":[{"damage":0.0,"enemies":"2 Louse","floor":1.0,"turns":1.0},{"damage":0.0,"enemies":"Jaw Worm","floor":4.0,"turns":1.0},{"damage":0.0,"enemies":"3 Sentries","floor":7.0,"turns":1.0},{"damage":0.0,"enemies":"Cultist","floor":10.0,"turns":3.0},{"damage":6.0,"enemies":"Blue Slaver","floor":11.0,"turns":3.0},{"damage":18.0,"enemies":"Gremlin Nob","floor":13.0,"turns":4.0},{"damage":10.0,"enemies":"Lots of Slimes","floor":14.0,"turns":2.0},{"damage":9,"enemies":"Hexaghost","floor":16,"turns":6},{"damage":6,"enemies":"Chosen","floor":18,"turns":3},{"damage":4,"enemies":"Spheric Guardian","floor":20,"turns":4},{"damage":13,"enemies":"3 Cultists","floor":21,"turns":6},{"damage":42,"enemies":"Centurion and Healer","floor":22,"turns":6},{"damage":28,"enemies":"Book of Stabbing","floor":24,"turns":5},{"damage":43,"enemies":"Gremlin Leader","floor":27,"turns":8},{"damage":15,"enemies":"Chosen and Byrds","floor":28,"turns":5},{"damage":75,"enemies":"Champ","floor":33,"turns":8}],"seed_played":"-5240976124012447864","potions_obtained":[{"floor":3.0,"key":"GamblersBrew"},{"floor":3.0,"key":"SteroidPotion"},{"floor":3.0,"key":"Swift Potion"},{"floor":4.0,"key":"Swift Potion"},{"floor":7.0,"key":"PowerPotion"},{"floor":16,"key":"Block Potion"},{"floor":17,"key":"Regen Potion"},{"floor":21,"key":"Regen Potion"},{"floor":22,"key":"PowerPotion"},{"floor":28,"key":"AttackPotion"}],"is_trial":false,"path_per_floor":["M","?","?","M","$","R","E","R","T","M","M","?","E","M","R","B",null,"M","?","M","M","M","R","E","R","T","E","M","?","?","?","R","B"],"character_chosen":"THE_SILENT","items_purchased":["Infinite Blades"],"campfire_rested":3,"item_purchase_floors":[5],"current_hp_per_floor":[70,56,56,56,56,56,56,56,56,56,50,50,39,29,29,20,82,76,76,72,59,32,71,43,82,82,39,24,24,8,8,47,0],"gold":419,"neow_bonus":"THREE_ENEMY_KILL","is_prod":false,"is_daily":false,"chose_seed":false,"campfire_upgraded":2,"win_rate":0,"timestamp":1560714752,"path_taken":["M","?","?","M","$","R","E","R","T","M","?","?","E","?","R","BOSS","M","?","M","M","?","R","E","R","T","E","M","?","?","?","R","BOSS"],"build_version":"2019-01-23","purchased_purges":0,"victory":false,"max_hp_per_floor":[70,70,70,70,70,70,70,70,70,70,70,70,77,77,77,77,82,82,82,82,82,82,82,82,82,82,82,82,82,82,82,82,82],"card_choices":[{"not_picked":["Acrobatics","Tactician"],"picked":"Dagger Throw","floor":1.0},{"not_picked":["Flying Knee","Bane"],"picked":"Escape Plan","floor":4.0},{"not_picked":["Deflect","Distraction"],"picked":"Dagger Throw","floor":7.0},{"not_picked":["Outmaneuver","Reflex"],"picked":"Poisoned Stab","floor":10.0},{"not_picked":["Poisoned Stab","Calculated Gamble"],"picked":"Deadly Poison","floor":11.0},{"not_picked":["Bouncing Flask","Doppelganger"],"picked":"Backstab","floor":13.0},{"not_picked":["Reflex","PiercingWail"],"picked":"Infinite Blades","floor":14},{"not_picked":["Burst","Storm of Steel"],"picked":"Adrenaline","floor":16},{"not_picked":["Acrobatics","Underhanded Strike"],"picked":"Leg Sweep","floor":17},{"not_picked":["Setup","Bane+1"],"picked":"Cloak And Dagger","floor":18},{"not_picked":["Poisoned Stab","Deflect"],"picked":"Infinite Blades+1","floor":20},{"not_picked":["Deflect","Sucker Punch"],"picked":"Deadly Poison","floor":21},{"not_picked":["Sucker Punch","Tactician+1"],"picked":"Blade Dance+1","floor":22},{"not_picked":["Finisher","Flying Knee+1"],"picked":"Backflip","floor":24},{"not_picked":["Setup+1","Leg Sweep+1"],"picked":"Deadly Poison+1","floor":27},{"not_picked":["Setup+1","Tactician+1"],"picked":"Quick Slash+1","floor":28}],"player_experience":89508,"relics_obtained":[{"floor":7.0,"key":"Regal Pillow"},{"floor":9.0,"key":"Happy Flower"},{"floor":13.0,"key":"Strawberry"},{"floor":24,"key":"Toxic Egg 2"},{"floor":27,"key":"Snake Skull"},{"floor":30,"key":"Enchiridion"}],"event_choices":[{"damage_healed":0.0,"max_hp_gain":0.0,"max_hp_loss":0.0,"gold_gain":0.0,"event_name":"Shining Light","player_choice":"Entered Light","floor":2.0,"gold_loss":0.0,"damage_taken":14.0,"cards_upgraded":["Strike_G","Strike_G"]},{"damage_healed":0.0,"max_hp_gain":0.0,"max_hp_loss":0.0,"gold_gain":0.0,"event_name":"Lab","player_choice":"Got Potions","floor":3.0,"gold_loss":0.0,"damage_taken":0.0},{"cards_removed":["Defend_G"],"damage_healed":0.0,"max_hp_gain":0.0,"max_hp_loss":0.0,"gold_gain":0.0,"event_name":"Purifier","player_choice":"Purged","floor":12.0,"gold_loss":0.0,"damage_taken":0.0},{"damage_healed":0,"gold_gain":0,"cards_transformed":["Strike_G"],"player_choice":"Transformed","damage_taken":0,"max_hp_gain":0,"max_hp_loss":0,"event_name":"Transmorgrifier","floor":19,"gold_loss":0,"cards_obtained":["Sucker Punch"]},{"damage_healed":0,"gold_gain":0,"player_choice":"Opened","damage_taken":0,"relics_obtained":["Oddly Smooth Stone"],"max_hp_gain":0,"max_hp_loss":0,"event_name":"The Mausoleum","floor":29,"gold_loss":0},{"damage_healed":0,"gold_gain":0,"player_choice":"Obtained Book","damage_taken":16,"max_hp_gain":0,"max_hp_loss":0,"event_name":"Cursed Tome","floor":30,"gold_loss":0},{"cards_removed":["Strike_G"],"damage_healed":0,"gold_gain":0,"player_choice":"Gave Gold","damage_taken":0,"max_hp_gain":0,"max_hp_loss":0,"event_name":"Beggar","floor":31,"gold_loss":75}],"is_beta":false,"boss_relics":[{"not_picked":["Busted Crown","Velvet Choker"],"picked":"Tiny House"}],"items_purged_floors":[],"is_endless":false,"potions_floor_spawned":[4,7,14,16,21,22,28],"killed_by":"Champ","ascension_level":1}