{"gold_per_floor":[113,123,123,298,78,107,182,217,217,231,248,263,1,15,15,120,120,136,136,150,150,150,150,179,189,189,201,213,245,283,322,334,448,460,486,498,510,35,50,82,92,92,119,130,130,130,196,231,231,231],"floor_reached":50,"playtime":4687,"items_purged":["Doubt"],"score":761,"play_id":"f5eb6a0e-9383-4303-9a80-e11ac3169b82","local_time":"20190628034055","is_ascension_mode":true,"campfire_choices":[{"floor":15,"key":"REST"},{"data":"Fiend Fire","floor":23,"key":"SMITH"},{"floor":27,"key":"REST"},{"floor":32,"key":"REST"},{"floor":46,"key":"REST"},{"floor":49,"key":"REST"}],"neow_cost":"PERCENT_DAMAGE","seed_source_timestamp":895307968713800,"circlet_count":0,"master_deck":["Strike_R","Strike_R","Strike_R","Strike_R","Strike_R","Defend_R","Defend_R","Defend_R","Defend_R","Bash","Armaments+1","Infernal Blade","Flame Barrier","Fiend Fire+1","Intimidate","Sword Boomerang","Rage","Cleave","Juggernaut+1","Uppercut+1","Fire Breathing+1","Berserk","Sword Boomerang","True Grit","Blood for Blood","Reaper","Dual Wield+1","Flame Barrier","Blood for Blood","Armaments+1","True Grit+1","Disarm+1","Reckless Charge+1","Power Through","Clothesline","Pummel+1"],"relics":["Burning Blood","Happy Flower","Mercury Hourglass","Vajra","Boot","Meat on the Bone","Mark of Pain","MutagenicStrength","Red Skull","MawBank","Omamori","Regal Pillow","Velvet Choker","Oddly Smooth Stone","Lee\u0027s Waffle","Dream Catcher","Ancient Tea Set","Lantern","SsserpentHead","Ice Cream"],"potions_floor_usage":[8,20,24,24,25,33,40,48,48],"damage_taken":[{"damage":0,"enemies":"Small Slimes","floor":1,"turns":3},{"damage":6,"enemies":"Jaw Worm","floor":2,"turns":5},{"damage":29,"enemies":"Gremlin Nob","floor":6,"turns":4},{"damage":3,"enemies":"3 Sentries","floor":8,"turns":6},{"damage":0,"enemies":"Cultist","floor":10,"turns":3},{"damage":5,"enemies":"Exordium Wildlife","floor":11,"turns":4},{"damage":0,"enemies":"Large Slime","floor":12,"turns":4},{"damage":12,"enemies":"Exordium Thugs","floor":14,"turns":4},{"damage":14,"enemies":"The Guardian","floor":16,"turns":11},{"damage":0,"enemies":"Chosen","floor":18,"turns":4},{"damage":5,"enemies":"2 Thieves","floor":20,"turns":3},{"damage":51,"enemies":"Slavers","floor":24,"turns":7},{"damage":31,"enemies":"Centurion and Healer","floor":25,"turns":4},{"damage":12,"enemies":"Chosen and Byrds","floor":29,"turns":4},{"damage":35,"enemies":"Book of Stabbing","floor":31,"turns":5},{"damage":67,"enemies":"Collector","floor":33,"turns":9},{"damage":29,"enemies":"3 Darklings","floor":35,"turns":5},{"damage":13,"enemies":"Orb Walker","floor":39,"turns":3},{"damage":56,"enemies":"Reptomancer","floor":40,"turns":6},{"damage":16,"enemies":"Sphere and 2 Shapes","floor":41,"turns":4},{"damage":53,"enemies":"Maw","floor":44,"turns":8},{"damage":54,"enemies":"Writhing Mass","floor":47,"turns":7},{"damage":60,"enemies":"Giant Head","floor":48,"turns":8},{"damage":79,"enemies":"Time Eater","floor":50,"turns":3}],"seed_played":"2562574644998035458","potions_obtained":[{"floor":1,"key":"Energy Potion"},{"floor":8,"key":"Weak Potion"},{"floor":10,"key":"SpeedPotion"},{"floor":12,"key":"SmokeBomb"},{"floor":14,"key":"GamblersBrew"},{"floor":24,"key":"LiquidBronze"},{"floor":31,"key":"Fire Potion"},{"floor":39,"key":"SteroidPotion"},{"floor":41,"key":"Strength Potion"},{"floor":47,"key":"AttackPotion"}],"is_trial":false,"path_per_floor":["M","M","?","?","$","E","?","E","T","M","M","M","$","M","R","B",null,"M","?","M","?","?","R","E","M","T","R","$","M","T","E","R","B",null,"M","?","?","$","M","E","M","T","T","M","?","R","M","E","R","B"],"character_chosen":"IRONCLAD","items_purchased":["Happy Flower","Meat on the Bone","Oddly Smooth Stone","Lee\u0027s Waffle","Flame Barrier","Blood for Blood"],"campfire_rested":5,"item_purchase_floors":[5,13,38,38,38,38],"current_hp_per_floor":[78,78,78,78,78,55,44,47,47,53,54,60,60,66,94,86,96,96,96,96,96,96,96,63,50,50,78,78,72,72,55,96,47,96,73,73,73,103,96,65,75,75,75,52,52,97,67,25,70,0],"gold":231,"neow_bonus":"TWENTY_PERCENT_HP_BONUS","is_prod":false,"is_daily":false,"chose_seed":false,"campfire_upgraded":1,"win_rate":0,"timestamp":1561686055,"path_taken":["M","M","?","?","?","E","?","E","T","M","M","?","$","M","R","BOSS","M","?","?","?","?","R","E","?","T","R","?","M","?","E","R","BOSS","M","?","?","$","M","E","?","?","T","M","?","R","?","E","R","BOSS"],"build_version":"2019-01-23","purchased_purges":1,"victory":false,"max_hp_per_floor":[96,96,96,96,96,96,96,96,96,96,96,96,96,96,96,96,96,96,96,96,96,96,96,96,96,96,96,96,96,96,96,96,96,96,96,96,96,103,103,103,103,103,103,103,103,103,103,103,103,103],"card_choices":[{"not_picked":["Hemokinesis","Pommel Strike"],"picked":"Armaments","floor":1},{"not_picked":["Hemokinesis","Clash"],"picked":"Infernal Blade","floor":2},{"not_picked":["Headbutt","Sever Soul"],"picked":"Flame Barrier","floor":6},{"not_picked":["Rage","Twin Strike"],"picked":"Fiend Fire","floor":8},{"not_picked":["Carnage","Heavy Blade"],"picked":"Intimidate","floor":10},{"not_picked":["Havoc","Iron Wave"],"picked":"Sword Boomerang","floor":11},{"not_picked":["Clash","Body Slam"],"picked":"Rage","floor":12},{"not_picked":["Body Slam","Flex"],"picked":"Cleave","floor":14},{"not_picked":["Brutality","Offering"],"picked":"Juggernaut","floor":16},{"not_picked":["Sword Boomerang","Heavy Blade"],"picked":"Uppercut+1","floor":18},{"not_picked":["Heavy Blade","Reckless Charge"],"picked":"Fire Breathing+1","floor":20},{"not_picked":["Thunderclap","True Grit+1"],"picked":"Berserk","floor":24},{"not_picked":["Havoc","Thunderclap"],"picked":"Sword Boomerang","floor":25},{"not_picked":["Clothesline+1","Heavy Blade"],"picked":"True Grit","floor":29},{"not_picked":["Headbutt+1","Pommel Strike"],"picked":"Blood for Blood","floor":31},{"not_picked":["Berserk","Limit Break"],"picked":"Reaper","floor":33},{"not_picked":["Pommel Strike+1","Iron Wave"],"picked":"Dual Wield+1","floor":35},{"not_picked":["Anger","Cleave+1"],"picked":"Armaments+1","floor":39},{"not_picked":["Sword Boomerang","Inflame"],"picked":"True Grit+1","floor":40},{"not_picked":["Warcry+1","True Grit"],"picked":"Disarm+1","floor":41},{"not_picked":["Havoc","Iron Wave","Cleave+1"],"picked":"SKIP","floor":44},{"not_picked":["Wild Strike+1","Intimidate"],"picked":"Reckless Charge+1","floor":46},{"not_picked":["Sword Boomerang","Headbutt+1"],"picked":"Power Through","floor":47},{"not_picked":["Perfected Strike+1","Flex"],"picked":"Clothesline","floor":48},{"not_picked":["Rage+1","Thunderclap"],"picked":"Pummel+1","floor":49}],"player_experience":51741,"relics_obtained":[{"floor":6,"key":"Mercury Hourglass"},{"floor":8,"key":"Vajra"},{"floor":9,"key":"Boot"},{"floor":24,"key":"Red Skull"},{"floor":26,"key":"MawBank"},{"floor":30,"key":"Omamori"},{"floor":31,"key":"Regal Pillow"},{"floor":40,"key":"Dream Catcher"},{"floor":42,"key":"Ancient Tea Set"},{"floor":43,"key":"Lantern"},{"floor":48,"key":"Ice Cream"}],"event_choices":[{"damage_healed":0,"gold_gain":0,"player_choice":"Grow","damage_taken":0,"max_hp_gain":0,"max_hp_loss":0,"event_name":"Living Wall","floor":3,"gold_loss":0,"cards_upgraded":["Armaments"]},{"damage_healed":0,"gold_gain":175,"player_choice":"AGREE","damage_taken":0,"max_hp_gain":0,"max_hp_loss":0,"event_name":"Liars Game","floor":4,"gold_loss":0,"cards_obtained":["Doubt"]},{"damage_healed":0,"gold_gain":75,"player_choice":"Gather Gold","damage_taken":11,"max_hp_gain":0,"max_hp_loss":0,"event_name":"World of Goop","floor":7,"gold_loss":0},{"damage_healed":0,"gold_gain":0,"player_choice":"Upgraded","damage_taken":0,"max_hp_gain":0,"max_hp_loss":0,"event_name":"Upgrade Shrine","floor":19,"gold_loss":0,"cards_upgraded":["Juggernaut"]},{"damage_healed":0,"gold_gain":0,"player_choice":"Ignored","damage_taken":0,"max_hp_gain":0,"max_hp_loss":0,"event_name":"Beggar","floor":21,"gold_loss":0},{"damage_healed":0,"gold_gain":0,"player_choice":"Inject Mutagens","damage_taken":0,"relics_obtained":["MutagenicStrength"],"max_hp_gain":0,"max_hp_loss":0,"event_name":"Drug Dealer","floor":22,"gold_loss":0},{"damage_healed":0,"gold_gain":0,"player_choice":"Ignored","damage_taken":0,"max_hp_gain":0,"max_hp_loss":0,"event_name":"Tomb of Lord Red Mask","floor":36,"gold_loss":0},{"damage_healed":0,"gold_gain":0,"player_choice":"Ignored","damage_taken":0,"max_hp_gain":0,"max_hp_loss":0,"event_name":"SecretPortal","floor":37,"gold_loss":0},{"damage_healed":0,"gold_gain":0,"player_choice":"Trade","damage_taken":0,"relics_obtained":["SsserpentHead"],"max_hp_gain":0,"max_hp_loss":0,"event_name":"FaceTrader","floor":45,"gold_loss":0}],"is_beta":false,"boss_relics":[{"not_picked":["Busted Crown","Snecko Eye"],"picked":"Mark of Pain"},{"not_picked":["Eternal Feather","Black Star"],"picked":"Velvet Choker"}],"items_purged_floors":[5],"is_endless":false,"potions_floor_spawned":[1,8,10,12,14,24,31,39,41,47],"killed_by":"Time Eater","ascension_level":3}