{"gold_per_floor":[112,129,145,156,174,174,174,190,270,220,230,249,249,174,174,174],"floor_reached":16,"playtime":1129,"items_purged":["Strike_R"],"score":96,"play_id":"5c11b73b-aa0d-4ad6-941b-14321864ab74","local_time":"20181220231310","is_ascension_mode":false,"campfire_choices":[{"data":"Body Slam","floor":6,"key":"SMITH"},{"data":"Body Slam","floor":13,"key":"SMITH"},{"data":"Bash","floor":15,"key":"SMITH"}],"neow_cost":"NONE","seed_source_timestamp":31033443703149,"circlet_count":0,"master_deck":["Strike_R","Strike_R","Defend_R","Defend_R","Defend_R","Defend_R","Bash+1","Cleave","Body Slam+1","Shrug It Off","Body Slam+1"],"relics":["Burning Blood","Meat on the Bone"],"potions_floor_usage":[8,16,16,16],"damage_taken":[{"damage":11,"enemies":"Jaw Worm","floor":1,"turns":4},{"damage":1,"enemies":"2 Louse","floor":2,"turns":2},{"damage":0,"enemies":"Small Slimes","floor":3,"turns":3},{"damage":15,"enemies":"Looter","floor":4,"turns":3},{"damage":0,"enemies":"Large Slime","floor":5,"turns":6},{"damage":25,"enemies":"Gremlin Gang","floor":8,"turns":5},{"damage":0,"enemies":"3 Louse","floor":11,"turns":3},{"damage":3,"enemies":"Red Slaver","floor":12,"turns":3},{"damage":86,"enemies":"Slime Boss","floor":16,"turns":12}],"seed_played":"-8219111773287792777","potions_obtained":[{"floor":4,"key":"PowerPotion"},{"floor":8,"key":"Block Potion"},{"floor":11,"key":"Regen Potion"},{"floor":12,"key":"FearPotion"}],"is_trial":false,"path_per_floor":["M","M","M","M","M","R","?","M","T","?","M","M","R","$","R","B"],"character_chosen":"IRONCLAD","items_purchased":[],"campfire_rested":0,"item_purchase_floors":[],"current_hp_per_floor":[75,80,80,71,77,77,77,58,58,58,64,67,67,67,67,0],"gold":174,"neow_bonus":"REMOVE_CARD","is_prod":false,"is_daily":false,"chose_seed":false,"campfire_upgraded":3,"win_rate":0,"timestamp":1545343990,"path_taken":["M","M","M","M","M","R","?","M","T","?","M","M","R","$","R","BOSS"],"build_version":"2018-12-13","purchased_purges":1,"victory":false,"max_hp_per_floor":[80,80,80,80,80,80,80,80,80,80,80,80,80,80,80,80],"card_choices":[{"not_picked":["Sword Boomerang","Disarm"],"picked":"Cleave","floor":1},{"not_picked":["Iron Wave","True Grit"],"picked":"Body Slam","floor":2},{"not_picked":["Thunderclap","Sever Soul","Bloodletting"],"picked":"SKIP","floor":3},{"not_picked":["Clash","Twin Strike"],"picked":"Shrug It Off","floor":4},{"not_picked":["Fiend Fire","Reckless Charge","Rage"],"picked":"SKIP","floor":5},{"not_picked":["Perfected Strike","Carnage"],"picked":"Body Slam","floor":8},{"not_picked":["Warcry","Flex","Perfected Strike"],"picked":"SKIP","floor":11},{"not_picked":["Thunderclap","Headbutt","Flex"],"picked":"SKIP","floor":12}],"player_experience":341892,"relics_obtained":[{"floor":9,"key":"Meat on the Bone"}],"event_choices":[{"damage_healed":0,"gold_gain":0,"player_choice":"Ignored","damage_taken":0,"max_hp_gain":0,"max_hp_loss":0,"event_name":"Liars Game","floor":7,"gold_loss":0},{"cards_removed":["Strike_R"],"damage_healed":0,"gold_gain":0,"player_choice":"Card Removal","damage_taken":0,"max_hp_gain":0,"max_hp_loss":0,"event_name":"The Cleric","floor":10,"gold_loss":50}],"is_beta":false,"boss_relics":[],"items_purged_floors":[14],"is_endless":false,"potions_floor_spawned":[4,8,11,12],"killed_by":"Slime Boss","ascension_level":0}