{"gold_per_floor":[113,38,53,53,53,53,88,104,104,104,117,117,173,143,143,143],"floor_reached":16,"playtime":597,"items_purged":["Strike_B"],"score":103,"play_id":"1b9fadc5-5163-40e8-829c-fa8dfe3bc587","local_time":"20190717225638","is_ascension_mode":true,"campfire_choices":[{"data":"Gash","floor":6,"key":"SMITH"},{"floor":12,"key":"REST"},{"floor":15,"key":"REST"}],"neow_cost":"PERCENT_DAMAGE","seed_source_timestamp":110049799409350,"circlet_count":0,"master_deck":["Defend_B","Defend_B","Defend_B","Defend_B","Zap","Dualcast","Gash+1","Glacier","Coolheaded"],"relics":["Cracked Core","Mummified Hand","Orichalcum","Tiny Chest"],"potions_floor_usage":[7],"damage_taken":[{"damage":3,"enemies":"Jaw Worm","floor":1,"turns":4},{"damage":6,"enemies":"Cultist","floor":3,"turns":3},{"damage":24,"enemies":"3 Sentries","floor":7,"turns":8},{"damage":0,"enemies":"Small Slimes","floor":8,"turns":5},{"damage":0,"enemies":"Exordium Wildlife","floor":11,"turns":7},{"damage":0,"enemies":"Looter","floor":14,"turns":4},{"damage":67,"enemies":"Hexaghost","floor":16,"turns":16}],"seed_played":"-4265694842454900231","potions_obtained":[{"floor":3,"key":"Explosive Potion"}],"is_trial":false,"path_per_floor":["M","$","M","?","$","R","E","M","T","?","M","R","T","M","R","B"],"character_chosen":"DEFECT","items_purchased":[],"campfire_rested":2,"item_purchase_floors":[],"current_hp_per_floor":[51,51,45,45,45,45,21,21,21,21,21,43,43,43,65,0],"gold":143,"neow_bonus":"REMOVE_TWO","is_prod":false,"is_daily":false,"chose_seed":false,"campfire_upgraded":1,"win_rate":0,"timestamp":1563422198,"path_taken":["M","$","M","?","$","R","E","?","T","?","M","R","?","M","R","BOSS"],"build_version":"2019-07-05","purchased_purges":1,"victory":false,"max_hp_per_floor":[75,75,75,75,75,75,75,75,75,75,75,75,75,75,75,75],"card_choices":[{"not_picked":["Cold Snap","Stack"],"picked":"Gash","floor":1},{"not_picked":["Stack","Leap","Go for the Eyes"],"picked":"SKIP","floor":3},{"not_picked":["Doom and Gloom","Ball Lightning"],"picked":"Glacier","floor":7},{"not_picked":["Barrage","Self Repair"],"picked":"Coolheaded","floor":8},{"not_picked":["Redo","Go for the Eyes","Stack"],"picked":"SKIP","floor":11},{"not_picked":["Cold Snap","Leap","Turbo"],"picked":"SKIP","floor":14}],"player_experience":142557,"relics_obtained":[{"floor":7,"key":"Mummified Hand"},{"floor":9,"key":"Orichalcum"},{"floor":13,"key":"Tiny Chest"}],"event_choices":[{"cards_removed":["Strike_B"],"damage_healed":0,"gold_gain":0,"player_choice":"Offered Basic","damage_taken":0,"max_hp_gain":0,"max_hp_loss":0,"event_name":"Bonfire Elementals","floor":4,"gold_loss":0},{"damage_healed":0,"gold_gain":0,"player_choice":"Ignored","damage_taken":0,"max_hp_gain":0,"max_hp_loss":0,"event_name":"Golden Idol","floor":10,"gold_loss":0}],"is_beta":false,"boss_relics":[],"items_purged_floors":[2],"is_endless":false,"potions_floor_spawned":[3],"killed_by":"Hexaghost","ascension_level":1}