{"gold_per_floor":[114,289,364,38,3,33,63,63,88,88,88,118,133,133,133,233,233,248,248,173,23,0,0,30,60,60,6,6,36,66,66],"floor_reached":31,"playtime":3170,"items_purged":["Doubt"],"score":421,"play_id":"15f38e9d-ec7b-4c15-9abe-6eb4d9f4db32","local_time":"20190626165929","daily_mods":["Heirloom","Flight","Lethality"],"is_ascension_mode":false,"campfire_choices":[{"floor":8,"key":"REST"},{"floor":10,"key":"REST"},{"floor":11,"key":"REST"},{"floor":15,"key":"REST"},{"data":"Wraith Form v2","floor":23,"key":"SMITH"},{"data":"Accuracy","floor":28,"key":"SMITH"}],"neow_cost":"","seed_source_timestamp":764801529853400,"circlet_count":0,"master_deck":["Defend_G","Defend_G+1","Defend_G+1","Defend_G","Strike_G","Strike_G","Strike_G","Strike_G","Strike_G","Survivor","Neutralize","Infinite Blades","Footwork","Backflip","Blade Dance","Infinite Blades","Choke","Infinite Blades","Expertise","Venomology","Dagger Spray","Sucker Punch","Wraith Form v2+1","Sucker Punch","Ghostly","Ghostly","Ghostly","Ghostly","Ghostly","Dash","Accuracy+1","Outmaneuver","Well Laid Plans","Well Laid Plans"],"special_seed":18073,"relics":["Ring of the Snake","Unceasing Top","Orichalcum","Centennial Puzzle","Dream Catcher","Bronze Scales","Omamori","Letter Opener","Black Star","Strawberry","Snake Skull","War Paint","Pen Nib","Ornamental Fan","Gremlin Horn","Anchor","Bottled Lightning","Tough Bandages","Molten Egg 2"],"potions_floor_usage":[16,16,16,24,24,29,29,29,30,31],"damage_taken":[{"damage":0,"enemies":"Jaw Worm","floor":1,"turns":3},{"damage":32,"enemies":"Lagavulin","floor":6,"turns":6},{"damage":14,"enemies":"3 Sentries","floor":7,"turns":6},{"damage":24,"enemies":"Lagavulin","floor":12,"turns":4},{"damage":2,"enemies":"Small Slimes","floor":13,"turns":3},{"damage":29,"enemies":"Hexaghost","floor":16,"turns":6},{"damage":23,"enemies":"2 Thieves","floor":18,"turns":3},{"damage":0,"enemies":"Slavers","floor":24,"turns":6},{"damage":0,"enemies":"Gremlin Leader","floor":25,"turns":7},{"damage":5,"enemies":"Book of Stabbing","floor":29,"turns":6},{"damage":0,"enemies":"Slavers","floor":30,"turns":6},{"damage":41,"enemies":"3 Byrds","floor":31,"turns":2}],"seed_played":"4741971329667515529","potions_obtained":[{"floor":1,"key":"Block Potion"},{"floor":7,"key":"LiquidBronze"},{"floor":12,"key":"EssenceOfSteel"},{"floor":24,"key":"Dexterity Potion"},{"floor":25,"key":"Dexterity Potion"},{"floor":29,"key":"Swift Potion"}],"is_trial":false,"path_per_floor":["M","?","?","$","?","E","E","R","T","R","R","E","M","?","R","B",null,"M","?","?","$","?","R","E","E","T","$","R","E","E","M"],"character_chosen":"THE_SILENT","items_purchased":["Orichalcum","Footwork","Backflip","Strawberry","Outmaneuver"],"campfire_rested":4,"item_purchase_floors":[4,4,4,21,27],"current_hp_per_floor":[70,70,59,59,70,38,24,45,45,66,70,46,44,32,53,24,70,47,35,35,42,42,42,42,42,42,42,42,37,37,0],"gold":66,"neow_bonus":"","is_prod":false,"is_daily":true,"chose_seed":false,"campfire_upgraded":2,"win_rate":0.0,"timestamp":1561561169,"path_taken":["M","?","?","$","?","E","E","R","T","R","R","E","?","?","R","BOSS","M","?","?","$","?","R","E","E","T","?","R","E","E","?"],"build_version":"2019-01-23","purchased_purges":1,"victory":false,"max_hp_per_floor":[70,70,70,70,70,70,70,70,70,70,70,70,70,70,70,70,70,70,35,35,42,42,42,42,42,42,42,42,42,42,42],"card_choices":[{"not_picked":["Calculated Gamble","PiercingWail"],"picked":"Infinite Blades","floor":1},{"not_picked":["Terror","Predator"],"picked":"Blade Dance","floor":6},{"not_picked":["Blur","Slice"],"picked":"Infinite Blades","floor":7},{"not_picked":["Cloak And Dagger","Backflip"],"picked":"Choke","floor":8},{"not_picked":["Quick Slash","Dodge and Roll"],"picked":"Infinite Blades","floor":10},{"not_picked":["Deflect","Poisoned Stab"],"picked":"Expertise","floor":11},{"not_picked":["Choke","Tools of the Trade"],"picked":"Venomology","floor":12},{"not_picked":["Underhanded Strike","Cloak And Dagger"],"picked":"Dagger Spray","floor":13},{"not_picked":["Backflip","Cloak And Dagger"],"picked":"Sucker Punch","floor":15},{"not_picked":["Glass Knife","After Image"],"picked":"Wraith Form v2","floor":16},{"not_picked":["Dodge and Roll","Poisoned Stab"],"picked":"Sucker Punch","floor":18},{"not_picked":["Backflip","Blur"],"picked":"Dash","floor":24},{"not_picked":["Dodge and Roll","Deflect"],"picked":"Accuracy","floor":25},{"not_picked":["Bane","Slice+1"],"picked":"Well Laid Plans","floor":29},{"not_picked":["Escape Plan","Backstab"],"picked":"Well Laid Plans","floor":30}],"player_experience":7032,"relics_obtained":[{"floor":6,"key":"Centennial Puzzle"},{"floor":7,"key":"Dream Catcher"},{"floor":9,"key":"Bronze Scales"},{"floor":12,"key":"Omamori"},{"floor":24,"key":"Snake Skull"},{"floor":24,"key":"War Paint"},{"floor":25,"key":"Pen Nib"},{"floor":25,"key":"Ornamental Fan"},{"floor":26,"key":"Gremlin Horn"},{"floor":29,"key":"Anchor"},{"floor":29,"key":"Bottled Lightning"},{"floor":30,"key":"Tough Bandages"},{"floor":30,"key":"Molten Egg 2"}],"event_choices":[{"damage_healed":0,"gold_gain":175,"player_choice":"AGREE","damage_taken":0,"max_hp_gain":0,"max_hp_loss":0,"event_name":"Liars Game","floor":2,"gold_loss":0,"cards_obtained":["Doubt"]},{"damage_healed":0,"gold_gain":75,"player_choice":"Gather Gold","damage_taken":11,"max_hp_gain":0,"max_hp_loss":0,"event_name":"World of Goop","floor":3,"gold_loss":0},{"damage_healed":17,"gold_gain":0,"player_choice":"Healed","damage_taken":0,"max_hp_gain":0,"max_hp_loss":0,"event_name":"The Cleric","floor":5,"gold_loss":35},{"damage_healed":0,"gold_gain":0,"player_choice":"Success","damage_taken":12,"relics_obtained":["Letter Opener"],"max_hp_gain":0,"max_hp_loss":0,"event_name":"Scrap Ooze","floor":14,"gold_loss":0},{"damage_healed":0,"gold_gain":0,"player_choice":"Became a Ghost","damage_taken":0,"max_hp_gain":0,"max_hp_loss":35,"event_name":"Ghosts","floor":19,"gold_loss":0,"cards_obtained":["Ghostly","Ghostly","Ghostly","Ghostly","Ghostly"]},{"cards_removed":["Defend_G"],"damage_healed":0,"gold_gain":0,"player_choice":"Gave Gold","damage_taken":0,"max_hp_gain":0,"max_hp_loss":0,"event_name":"Beggar","floor":20,"gold_loss":75},{"damage_healed":0,"gold_gain":0,"player_choice":"Paid Fearfully","damage_taken":0,"max_hp_gain":0,"max_hp_loss":0,"event_name":"Masked Bandits","floor":22,"gold_loss":23}],"is_beta":false,"boss_relics":[{"not_picked":["Sozu","White Beast Statue"],"picked":"Black Star"}],"items_purged_floors":[4],"is_endless":false,"potions_floor_spawned":[1,7,12,24,25,29],"killed_by":"3 Byrds","ascension_level":0}