{"gold_per_floor":[119,194,106,106,123,123,150,163,163,181,281,296,296,296],"floor_reached":14,"playtime":405,"items_purged":[],"score":115,"play_id":"9f982d18-8c84-49de-bd58-546db5804d7f","local_time":"20190708230628","is_ascension_mode":true,"campfire_choices":[{"data":"Zap","floor":6.0,"key":"SMITH"},{"floor":13,"key":"REST"}],"neow_cost":"NONE","seed_source_timestamp":1042426216916500,"circlet_count":0,"master_deck":["Strike_B","Strike_B","Strike_B","Defend_B","Defend_B","Defend_B","Zap+1","Dualcast","Cold Snap","Self Repair","Turbo+1","Auto Shields","Defragment","Capacitor"],"special_seed":0,"relics":["Empty Cage","Peace Pipe","WingedGreaves"],"potions_floor_usage":[7,7],"damage_taken":[{"damage":7.0,"enemies":"2 Louse","floor":1.0,"turns":3.0},{"damage":3.0,"enemies":"Cultist","floor":5.0,"turns":4.0},{"damage":37,"enemies":"Gremlin Nob","floor":7,"turns":6},{"damage":4,"enemies":"Small Slimes","floor":8,"turns":4},{"damage":26,"enemies":"Exordium Wildlife","floor":10,"turns":7},{"damage":6,"enemies":"Blue Slaver","floor":12,"turns":5},{"damage":29,"enemies":"Large Slime","floor":14,"turns":6}],"seed_played":"-6731260819808651462","potions_obtained":[{"floor":1.0,"key":"FearPotion"},{"floor":5.0,"key":"Weak Potion"},{"floor":10,"key":"FearPotion"}],"is_trial":false,"path_per_floor":["M","?","$","?","M","R","E","M","T","M","?","M","R","M"],"character_chosen":"DEFECT","items_purchased":["Self Repair","Turbo"],"campfire_rested":1,"item_purchase_floors":[3,3],"current_hp_per_floor":[68,57,57,57,61,61,31,34,34,15,15,16,38,9],"gold":296,"neow_bonus":"BOSS_RELIC","is_prod":false,"is_daily":false,"chose_seed":false,"campfire_upgraded":1,"win_rate":0,"timestamp":1562619988,"path_taken":["M","?","$","?","M","R","E","?","T","M","?","M","R","?"],"build_version":"2019-07-05","purchased_purges":0,"victory":false,"max_hp_per_floor":[75,75,75,75,75,75,75,75,75,75,75,75,75,75],"card_choices":[{"not_picked":["Doom and Gloom","Sweeping Beam"],"picked":"Cold Snap","floor":1.0},{"not_picked":["Stack","Streamline"],"picked":"Auto Shields","floor":5.0},{"not_picked":["Chill","Static Discharge"],"picked":"Defragment","floor":7},{"not_picked":["Ball Lightning","Sweeping Beam","Gash"],"picked":"SKIP","floor":8},{"not_picked":["Cold Snap","Stack"],"picked":"Capacitor","floor":10},{"not_picked":["Go for the Eyes","Streamline","Blizzard"],"picked":"SKIP","floor":12}],"player_experience":315786,"relics_obtained":[{"floor":7,"key":"Peace Pipe"},{"floor":9,"key":"WingedGreaves"}],"event_choices":[{"damage_healed":0.0,"max_hp_gain":0.0,"max_hp_loss":0.0,"gold_gain":75.0,"event_name":"World of Goop","player_choice":"Gather Gold","floor":2.0,"gold_loss":0.0,"damage_taken":11.0},{"damage_healed":0.0,"max_hp_gain":0.0,"max_hp_loss":0.0,"gold_gain":0.0,"event_name":"Upgrade Shrine","player_choice":"Upgraded","floor":4.0,"gold_loss":0.0,"damage_taken":0.0,"cards_upgraded":["Turbo"]},{"damage_healed":0,"gold_gain":100,"player_choice":"Gold","damage_taken":0,"max_hp_gain":0,"max_hp_loss":0,"event_name":"Wheel of Change","floor":11,"gold_loss":0}],"is_beta":false,"boss_relics":[],"items_purged_floors":[],"is_endless":false,"potions_floor_spawned":[1,5,10,14],"killed_by":"Large Slime","ascension_level":5}