{"gold_per_floor":[119,119,138,158,171,171,200,211,238,238,238,238,266,276,276,276],"floor_reached":16,"playtime":488,"items_purged":[],"score":179,"play_id":"33d7c6db-a2b3-4d93-8363-e3877594489b","local_time":"20190719175133","is_ascension_mode":true,"campfire_choices":[{"data":"Zap","floor":6,"key":"SMITH"},{"floor":10,"key":"REST"},{"floor":15,"key":"REST"}],"neow_cost":"NONE","seed_source_timestamp":480582400764700,"circlet_count":0,"master_deck":["AscendersBane","Strike_B","Strike_B+1","Strike_B","Defend_B","Defend_B","Defend_B","Defend_B","Zap+1","Dualcast","Conserve Battery","Glacier","Storm","Tempest+1","Genetic Algorithm"],"relics":["Cracked Core","Ancient Tea Set","Bag of Preparation","Happy Flower","Strawberry"],"potions_floor_usage":[7,13,14],"damage_taken":[{"damage":2,"enemies":"Jaw Worm","floor":1,"turns":4},{"damage":2,"enemies":"2 Louse","floor":3,"turns":3},{"damage":0,"enemies":"Cultist","floor":4,"turns":3},{"damage":1,"enemies":"Blue Slaver","floor":5,"turns":4},{"damage":44,"enemies":"Lagavulin","floor":7,"turns":7},{"damage":0,"enemies":"Exordium Wildlife","floor":8,"turns":4},{"damage":2,"enemies":"3 Sentries","floor":13,"turns":6},{"damage":15,"enemies":"Lots of Slimes","floor":14,"turns":4},{"damage":46,"enemies":"Slime Boss","floor":16,"turns":6}],"seed_played":"7337166402817293628","potions_obtained":[{"floor":3,"key":"Explosive Potion"},{"floor":5,"key":"Weak Potion"},{"floor":13,"key":"Poison Potion"},{"floor":14,"key":"Swift Potion"}],"is_trial":false,"path_per_floor":["M","$","M","M","M","R","E","M","T","R","?","?","E","M","R","B"],"character_chosen":"DEFECT","items_purchased":[],"campfire_rested":2,"item_purchase_floors":[],"current_hp_per_floor":[66,66,64,64,63,63,19,19,19,41,26,26,31,16,40,0],"gold":276,"neow_bonus":"RANDOM_COMMON_RELIC","is_prod":false,"is_daily":false,"chose_seed":false,"campfire_upgraded":1,"win_rate":0,"timestamp":1563551493,"path_taken":["M","$","M","M","M","R","E","M","T","R","?","?","E","?","R","BOSS"],"build_version":"2019-07-17","purchased_purges":0,"victory":false,"max_hp_per_floor":[75,75,75,75,75,75,75,75,75,75,75,75,82,82,82,82],"card_choices":[{"not_picked":["Barrage","Streamline"],"picked":"Conserve Battery","floor":1},{"not_picked":["Stack","Reprogram","Redo"],"picked":"SKIP","floor":3},{"not_picked":["Force Field","Consume"],"picked":"Glacier","floor":4},{"not_picked":["Gash","Streamline"],"picked":"Storm","floor":5},{"not_picked":["Chaos","Gash"],"picked":"Tempest","floor":7},{"not_picked":["Stack","Turbo","Streamline"],"picked":"SKIP","floor":8},{"not_picked":["Rebound","Tempest","Hello World"],"picked":"SKIP","floor":13},{"not_picked":["Conserve Battery","Rip and Tear","Steam"],"picked":"SKIP","floor":14}],"player_experience":346720,"relics_obtained":[{"floor":7,"key":"Bag of Preparation"},{"floor":9,"key":"Happy Flower"},{"floor":13,"key":"Strawberry"}],"event_choices":[{"damage_healed":0,"gold_gain":0,"player_choice":"Entered Light","damage_taken":15,"max_hp_gain":0,"max_hp_loss":0,"event_name":"Shining Light","floor":11,"gold_loss":0,"cards_upgraded":["Tempest","Strike_B"]},{"damage_healed":0,"gold_gain":0,"cards_transformed":["Strike_B"],"player_choice":"Transformed","damage_taken":0,"max_hp_gain":0,"max_hp_loss":0,"event_name":"Transmorgrifier","floor":12,"gold_loss":0,"cards_obtained":["Genetic Algorithm"]}],"is_beta":false,"boss_relics":[],"items_purged_floors":[],"is_endless":false,"potions_floor_spawned":[3,5,13,14],"killed_by":"Slime Boss","ascension_level":12}