{"gold_per_floor":[117,130,57,73,93,122,122,153,177,127,144,124,134,161,161,161],"floor_reached":16,"playtime":682,"items_purged":["Strike_R"],"score":214,"play_id":"b3f0208b-f9f8-46c6-b519-19b44ceaa644","local_time":"20190217062133","is_ascension_mode":true,"campfire_choices":[{"data":"Whirlwind","floor":7,"key":"SMITH"},{"data":"Flame Barrier","floor":15,"key":"SMITH"}],"neow_cost":"NONE","seed_source_timestamp":173942102713591,"circlet_count":0,"master_deck":["AscendersBane","Strike_R","Strike_R","Strike_R","Strike_R","Defend_R","Defend_R","Defend_R","Defend_R","Bash","Headbutt","Whirlwind+1","Iron Wave","Shockwave","Flame Barrier+1"],"relics":["Burning Blood","StoneCalendar","Smiling Mask","Regal Pillow","Art of War"],"potions_floor_usage":[13,16,16],"damage_taken":[{"damage":8,"enemies":"Jaw Worm","floor":1,"turns":4},{"damage":1,"enemies":"Cultist","floor":2,"turns":3},{"damage":9,"enemies":"2 Louse","floor":4,"turns":3},{"damage":11,"enemies":"Red Slaver","floor":5,"turns":5},{"damage":30,"enemies":"3 Sentries","floor":6,"turns":5},{"damage":15,"enemies":"Gremlin Nob","floor":8,"turns":4},{"damage":0,"enemies":"3 Louse","floor":11,"turns":1},{"damage":12,"enemies":"Exordium Wildlife","floor":13,"turns":2},{"damage":20,"enemies":"3 Sentries","floor":14,"turns":3},{"damage":17,"enemies":"Hexaghost","floor":16,"turns":9}],"seed_played":"399456962586212527","potions_obtained":[{"floor":1,"key":"Weak Potion"},{"floor":2,"key":"GamblersBrew"},{"floor":12,"key":"Explosive Potion"},{"floor":14,"key":"Dexterity Potion"}],"is_trial":false,"path_per_floor":["M","M","$","M","M","E","R","E","T","$","M","?","M","E","R","B"],"character_chosen":"IRONCLAD","items_purchased":["Shockwave"],"campfire_rested":0,"item_purchase_floors":[3],"current_hp_per_floor":[66,71,71,68,63,39,39,30,30,30,36,36,30,16,16,0],"gold":161,"neow_bonus":"THREE_CARDS","is_prod":false,"is_daily":false,"chose_seed":false,"campfire_upgraded":2,"win_rate":0,"timestamp":1550352093,"path_taken":["M","M","$","M","M","E","R","E","T","$","M","?","?","E","R","BOSS"],"build_version":"2019-01-23","purchased_purges":1,"victory":false,"max_hp_per_floor":[75,75,75,75,75,75,75,75,75,75,75,75,75,75,75,75],"card_choices":[{"not_picked":["Body Slam","Thunderclap"],"picked":"Headbutt","floor":0},{"not_picked":["Perfected Strike","Headbutt"],"picked":"Whirlwind","floor":1},{"not_picked":["Wild Strike","Sword Boomerang"],"picked":"Iron Wave","floor":2},{"not_picked":["Wild Strike","Thunderclap","Perfected Strike"],"picked":"SKIP","floor":4},{"not_picked":["Wild Strike","Thunderclap","Perfected Strike"],"picked":"SKIP","floor":4},{"not_picked":["Rage","Iron Wave","Cleave"],"picked":"SKIP","floor":5},{"not_picked":["Blood for Blood","Flex","Entrench"],"picked":"SKIP","floor":6},{"not_picked":["Entrench","Heavy Blade","Berserk"],"picked":"SKIP","floor":8},{"not_picked":["Anger","Clothesline","Perfected Strike"],"picked":"SKIP","floor":11},{"not_picked":["Headbutt","Twin Strike"],"picked":"Flame Barrier","floor":13},{"not_picked":["Clash","Cleave","Combust"],"picked":"SKIP","floor":14}],"player_experience":500752,"relics_obtained":[{"floor":6,"key":"StoneCalendar"},{"floor":8,"key":"Smiling Mask"},{"floor":9,"key":"Regal Pillow"},{"floor":14,"key":"Art of War"}],"event_choices":[{"damage_healed":0,"gold_gain":0,"player_choice":"Bought 1 Potion","damage_taken":0,"max_hp_gain":0,"max_hp_loss":0,"event_name":"The Woman in Blue","floor":12,"gold_loss":0}],"is_beta":false,"boss_relics":[],"items_purged_floors":[10],"is_endless":false,"potions_floor_spawned":[1,2,4,14],"killed_by":"Hexaghost","ascension_level":15}