{"path_per_floor":["M","M","M","M","?","E","R","?","T","?","M","?","E","$","R","B",null,"M","M","?","?","$","E","$","R","T","?","M","$","T","M","R"],"character_chosen":"THE_SILENT","items_purchased":["Gambling Chip","Ancient Tea Set","Noxious Fumes"],"gold_per_floor":[110,130,142,158,158,188,188,188,258,258,282,357,388,8,8,131,131,155,148,148,198,42,78,3,3,3,3,18,18,18,36,36],"floor_reached":33,"campfire_rested":4,"playtime":3687,"current_hp_per_floor":[70,70,67,62,67,34,56,38,38,38,33,22,17,17,39,10,75,68,52,52,52,52,25,25,47,47,47,34,34,34,19,41],"items_purged":["Strike_G"],"gold":36,"score":273,"play_id":"162f616e-a3ff-4983-b020-7a246d4ccb73","is_prod":false,"is_daily":false,"is_ascension_mode":false,"campfire_upgraded":0,"path_taken":["M","M","?","M","?","E","R","?","T","?","?","?","E","$","R","BOSS","M","M","?","?","$","E","$","R","T","?","?","?","?","M","R","BOSS"],"build_version":"2018-02-15-PROD1","purchased_purges":2,"victory":false,"master_deck":["Defend_G","Defend_G","Defend_G","Defend_G","Defend_G","Strike_G","Strike_G","Strike_G","Strike_G","Survivor","Neutralize","Deadly Poison","Footwork","Dagger Throw","Calculated Gamble","Adrenaline","Crippling Poison","Malaise","Night Terror","Deadly Poison+1","Distraction+1","Adrenaline","Night Terror","Noxious Fumes","Flying Knee","Bouncing Flask"],"max_hp_per_floor":[70,70,70,70,75,75,75,75,75,75,75,75,75,75,75,75,75,75,75,75,75,75,75,75,75,75,75,75,75,75,75,75],"relics":["Ring of the Snake","Bottled Lightning","Golden Idol","Paper Crane","Prayer Wheel","Gambling Chip","The Specimen","Ancient Tea Set","Tough Bandages","Calipers","Bottled Flame"],"card_choices":[{"not_picked":["Backflip","Sucker Punch"],"picked":"Deadly Poison"},{"not_picked":["PiercingWail","Predator"],"picked":"Footwork"},{"not_picked":["Choke","Backflip"],"picked":"Dagger Throw"},{"not_picked":["PiercingWail","Prepared"],"picked":"Calculated Gamble"},{"not_picked":["Outmaneuver","Infinite Blades"],"picked":"Adrenaline"},{"not_picked":["Poisoned Stab","PiercingWail"],"picked":"Crippling Poison"},{"not_picked":["Expertise","Prepared"],"picked":"Malaise"},{"not_picked":["Bullet Time","Wraith Form"],"picked":"Night Terror"},{"not_picked":["Acrobatics","Dagger Spray"],"picked":"Deadly Poison"},{"not_picked":["Outmaneuver","Dodge and Roll"],"picked":"Distraction"},{"not_picked":["Dagger Spray","Finisher"],"picked":"Night Terror"},{"not_picked":["Dodge and Roll","Prepared"],"picked":"Flying Knee"},{"not_picked":["Dagger Throw","Riddle With Holes"],"picked":"Bouncing Flask"}],"player_experience":14189,"potions_floor_usage":[23,23,31],"damage_taken":[{"damage":0,"enemies":"Cultist","floor":1,"turns":4},{"damage":0,"enemies":"2 Louse","floor":2,"turns":3},{"damage":3,"enemies":"Small Slimes","floor":3,"turns":5},{"damage":5,"enemies":"3 Louse","floor":4,"turns":4},{"damage":33,"enemies":"3 Sentries","floor":6,"turns":12},{"damage":5,"enemies":"Exordium Thugs","floor":11,"turns":6},{"damage":5,"enemies":"Lagavulin","floor":13,"turns":7},{"damage":29,"enemies":"The Guardian","floor":16,"turns":14},{"damage":7,"enemies":"Spheric Guardian","floor":18,"turns":5},{"damage":16,"enemies":"2 Thieves","floor":19,"turns":5},{"damage":27,"enemies":"Slavers","floor":23,"turns":9},{"damage":13,"enemies":"Centurion and Healer","floor":28,"turns":5},{"damage":15,"enemies":"3 Cultists","floor":31,"turns":6},{"damage":51,"enemies":"Collector","floor":33,"turns":5}],"event_choices":[{"event_name":"Big Fish","player_choice":"Donut","floor":5,"damage_taken":0},{"event_name":"Golden Idol","player_choice":"Take Damage","floor":8,"damage_taken":0},{"event_name":"The Lab","player_choice":"Got Potions","floor":10,"damage_taken":0},{"event_name":"World of Goop","player_choice":"Gather Gold","floor":12,"damage_taken":0},{"event_name":"Duplicator","player_choice":"One dupe","floor":20,"damage_taken":0},{"event_name":"The Joust","player_choice":"Bet on Murderer","floor":21,"damage_taken":0},{"event_name":"Drug Dealer","player_choice":"Ignored","floor":27,"damage_taken":0}],"boss_relics":[{"not_picked":["White Beast Statue","Black Star"],"picked":"The Specimen"}],"potions_floor_spawned":[2,11,13,18,19],"seed_played":"1680589918813095308","killed_by":"Collector","ascension_level":0,"is_trial":false}