{"gold_per_floor":[116,116,173,173,191,191,227,255,282,282,335,371,371,385,385,385],"floor_reached":16,"playtime":829,"items_purged":[],"score":131,"play_id":"ddccb376-7658-447e-98aa-1d1911b09433","local_time":"20190529151103","is_ascension_mode":false,"campfire_choices":[{"data":"Zap","floor":6,"key":"SMITH"},{"floor":10,"key":"REST"},{"floor":15,"key":"REST"}],"neow_cost":"NONE","seed_source_timestamp":1000185206146288,"circlet_count":0,"master_deck":["Strike_B","Strike_B","Strike_B","Defend_B","Defend_B","Defend_B","Defend_B","Zap+1","Dualcast","Streamline","Melter","Darkness","Ball Lightning","Compile Driver","Fusion"],"relics":["Cracked Core","NeowsBlessing","Golden Idol","Boot","Darkstone Periapt","Odd Mushroom","Strawberry","Smiling Mask","Pen Nib"],"potions_floor_usage":[],"damage_taken":[{"damage":0,"enemies":"Cultist","floor":1,"turns":1},{"damage":0,"enemies":"2 Louse","floor":5,"turns":1},{"damage":0,"enemies":"Gremlin Nob","floor":7,"turns":1},{"damage":26,"enemies":"The Mushroom Lair","floor":8,"turns":4},{"damage":20,"enemies":"3 Sentries","floor":12,"turns":6},{"damage":2,"enemies":"Small Slimes","floor":14,"turns":2},{"damage":53,"enemies":"The Guardian","floor":16,"turns":9}],"seed_played":"1298816806219922284","potions_obtained":[{"floor":1,"key":"SpeedPotion"},{"floor":5,"key":"Dexterity Potion"},{"floor":8,"key":"SmokeBomb"}],"is_trial":false,"path_per_floor":["M","?","?","?","M","R","E","?","T","R","T","E","?","M","R","B"],"character_chosen":"DEFECT","items_purchased":[],"campfire_rested":2,"item_purchase_floors":[],"current_hp_per_floor":[75,57,57,45,45,45,45,19,26,50,50,30,30,28,52,0],"gold":385,"neow_bonus":"THREE_ENEMY_KILL","is_prod":false,"is_daily":false,"chose_seed":false,"campfire_upgraded":1,"win_rate":0.0,"timestamp":1559167863,"path_taken":["M","?","?","?","M","R","E","?","T","R","?","E","?","M","R","BOSS"],"build_version":"2019-01-23","purchased_purges":0,"victory":false,"max_hp_per_floor":[75,75,75,75,75,75,75,75,82,82,82,82,82,82,82,82],"card_choices":[{"not_picked":["Glacier","Auto Shields"],"picked":"Streamline","floor":1},{"not_picked":["Hologram","Lockon"],"picked":"Melter","floor":5},{"not_picked":["FTL","Amplify"],"picked":"Darkness","floor":7},{"not_picked":["Gash","Beam Cell"],"picked":"Ball Lightning","floor":8},{"not_picked":["Auto Shields","Redo"],"picked":"Compile Driver","floor":12},{"not_picked":["Cold Snap","Capacitor"],"picked":"Fusion","floor":14}],"player_experience":33336,"relics_obtained":[{"floor":7,"key":"Darkstone Periapt"},{"floor":8,"key":"Odd Mushroom"},{"floor":9,"key":"Strawberry"},{"floor":11,"key":"Smiling Mask"},{"floor":12,"key":"Pen Nib"}],"event_choices":[{"damage_healed":0,"gold_gain":0,"player_choice":"Take Damage","damage_taken":18,"relics_obtained":["Golden Idol"],"max_hp_gain":0,"max_hp_loss":0,"event_name":"Golden Idol","floor":2,"gold_loss":0},{"damage_healed":0,"gold_gain":57,"player_choice":"Gained Gold","damage_taken":0,"max_hp_gain":0,"max_hp_loss":0,"event_name":"Golden Wing","floor":3,"gold_loss":0},{"damage_healed":0,"gold_gain":0,"player_choice":"Success","damage_taken":12,"relics_obtained":["Boot"],"max_hp_gain":0,"max_hp_loss":0,"event_name":"Scrap Ooze","floor":4,"gold_loss":0},{"damage_healed":0,"gold_gain":0,"player_choice":"Fought Mushrooms","damage_taken":0,"max_hp_gain":0,"max_hp_loss":0,"event_name":"Mushrooms","floor":8,"gold_loss":0},{"cards_removed":["Strike_B"],"damage_healed":0,"gold_gain":0,"player_choice":"Purged","damage_taken":0,"max_hp_gain":0,"max_hp_loss":0,"event_name":"Purifier","floor":13,"gold_loss":0}],"is_beta":false,"boss_relics":[],"items_purged_floors":[],"is_endless":false,"potions_floor_spawned":[1,5,8,12],"killed_by":"The Guardian","ascension_level":0}