{"gold_per_floor":[117,6,6,6,17,51,111,111,135,151,151,174,205,28,28,133,133,151,171,171,36,36],"floor_reached":22,"playtime":817,"items_purged":["Strike_B","Strike_B"],"score":200,"play_id":"5681c475-08c0-4d71-8171-1087543420fd","local_time":"20190717231039","is_ascension_mode":true,"campfire_choices":[{"floor":8,"key":"REST"},{"floor":11,"key":"REST"},{"floor":15,"key":"REST"}],"neow_cost":"NONE","seed_source_timestamp":110668111553655,"circlet_count":0,"master_deck":["Strike_B","Defend_B","Defend_B","Defend_B","Defend_B","Zap","Dualcast","Consume","Loop","Skim","Lockon","Turbo","Tempest","Defragment","Loop","Capacitor","Echo Form","Force Field","Ball Lightning","Double Energy"],"relics":["Cracked Core","Centennial Puzzle","The Courier","Omamori","PreservedInsect","Regal Pillow","Busted Crown"],"potions_floor_usage":[6,22],"damage_taken":[{"damage":6,"enemies":"Jaw Worm","floor":1,"turns":3},{"damage":8,"enemies":"Small Slimes","floor":5,"turns":4},{"damage":17,"enemies":"3 Sentries","floor":6,"turns":4},{"damage":28,"enemies":"Gremlin Nob","floor":7,"turns":4},{"damage":10,"enemies":"Cultist","floor":10,"turns":4},{"damage":26,"enemies":"Lagavulin","floor":13,"turns":4},{"damage":35,"enemies":"Slime Boss","floor":16,"turns":6},{"damage":10,"enemies":"Spheric Guardian","floor":18,"turns":3},{"damage":14,"enemies":"Shell Parasite","floor":19,"turns":5},{"damage":55,"enemies":"Cultist and Chosen","floor":22,"turns":4}],"seed_played":"1188578781375311695","potions_obtained":[{"floor":1,"key":"AttackPotion"},{"floor":4,"key":"Strength Potion"},{"floor":4,"key":"Energy Potion"},{"floor":13,"key":"SpeedPotion"}],"is_trial":false,"path_per_floor":["M","$","?","?","M","E","?","R","T","M","R","T","E","$","R","B",null,"M","M","?","$","M"],"character_chosen":"DEFECT","items_purchased":["Loop","Defragment","Loop","Capacitor","Double Energy"],"campfire_rested":3,"item_purchase_floors":[2,14,14,14,21],"current_hp_per_floor":[69,69,69,69,61,44,16,38,38,28,50,50,24,24,61,26,75,65,51,51,51,0],"gold":36,"neow_bonus":"REMOVE_CARD","is_prod":false,"is_daily":false,"chose_seed":false,"campfire_upgraded":0,"win_rate":0,"timestamp":1563423039,"path_taken":["M","$","?","?","?","E","?","R","T","M","R","?","E","$","R","BOSS","M","M","?","$","M"],"build_version":"2019-07-05","purchased_purges":2,"victory":false,"max_hp_per_floor":[75,75,75,75,75,75,75,75,75,75,75,75,75,75,75,75,75,75,75,75,75,75],"card_choices":[{"not_picked":["Auto Shields","Leap"],"picked":"Consume","floor":1},{"not_picked":["Hello World","Reprogram"],"picked":"Skim","floor":5},{"not_picked":["Aggregate","Force Field"],"picked":"Lockon","floor":6},{"not_picked":["Redo","Conserve Battery"],"picked":"Turbo","floor":10},{"not_picked":["Biased Cognition","Auto Shields"],"picked":"Tempest","floor":13},{"not_picked":["Hyperbeam","Creative AI"],"picked":"Echo Form","floor":16},{"not_picked":[],"picked":"Force Field","floor":18},{"not_picked":[],"picked":"Ball Lightning","floor":19}],"player_experience":143154,"relics_obtained":[{"floor":6,"key":"Centennial Puzzle"},{"floor":7,"key":"The Courier"},{"floor":9,"key":"Omamori"},{"floor":12,"key":"PreservedInsect"},{"floor":13,"key":"Regal Pillow"}],"event_choices":[{"damage_healed":0,"gold_gain":0,"player_choice":"Ignored","damage_taken":0,"max_hp_gain":0,"max_hp_loss":0,"event_name":"Liars Game","floor":3,"gold_loss":0},{"damage_healed":0,"gold_gain":0,"player_choice":"Got Potions","damage_taken":0,"max_hp_gain":0,"max_hp_loss":0,"event_name":"Lab","floor":4,"gold_loss":0},{"damage_healed":0,"gold_gain":0,"player_choice":"Searched \u00271\u0027 times","damage_taken":0,"max_hp_gain":0,"max_hp_loss":0,"event_name":"Dead Adventurer","floor":7,"gold_loss":0},{"damage_healed":0,"gold_gain":0,"player_choice":"Smashed Altar","damage_taken":0,"max_hp_gain":0,"max_hp_loss":0,"event_name":"Forgotten Altar","floor":20,"gold_loss":0,"cards_obtained":["Decay"]}],"is_beta":false,"boss_relics":[{"not_picked":["FrozenCore","Empty Cage"],"picked":"Busted Crown"}],"items_purged_floors":[2,21],"is_endless":false,"potions_floor_spawned":[1,13,16,18],"killed_by":"Cultist and Chosen","ascension_level":1}