{"gold_per_floor":[214,20,32,46,60,60,91,91,91,91,91,125,13,31,31,31],"floor_reached":16,"playtime":671,"items_purged":["Strike_R"],"score":110,"play_id":"dca45ad5-9302-4066-be89-f5904d342822","local_time":"20190120224234","is_ascension_mode":false,"campfire_choices":[{"data":"Bash","floor":6,"key":"SMITH"},{"data":"Iron Wave","floor":8,"key":"SMITH"},{"floor":15,"key":"REST"}],"neow_cost":"NONE","seed_source_timestamp":2297147699299504,"circlet_count":0,"master_deck":["Strike_R","Strike_R","Strike_R+1","Defend_R","Defend_R","Defend_R","Defend_R","Bash+1","Iron Wave+1","Offering"],"relics":["Burning Blood","Membership Card","Pantograph","Frozen Egg 2","Question Card"],"potions_floor_usage":[7,12,16],"damage_taken":[{"damage":0,"enemies":"Small Slimes","floor":1,"turns":3},{"damage":6,"enemies":"Cultist","floor":3,"turns":4},{"damage":1,"enemies":"Jaw Worm","floor":4,"turns":3},{"damage":4,"enemies":"3 Louse","floor":5,"turns":4},{"damage":45,"enemies":"Lagavulin","floor":7,"turns":7},{"damage":41,"enemies":"3 Sentries","floor":12,"turns":13},{"damage":6,"enemies":"Blue Slaver","floor":14,"turns":2},{"damage":66,"enemies":"Slime Boss","floor":16,"turns":7}],"seed_played":"14737774695989759","potions_obtained":[{"floor":4,"key":"Weak Potion"},{"floor":7,"key":"Regen Potion"},{"floor":12,"key":"Weak Potion"}],"is_trial":false,"path_per_floor":["M","$","M","M","M","R","E","R","T","?","?","E","$","M","R","B"],"character_chosen":"IRONCLAD","items_purchased":["Membership Card","Offering"],"campfire_rested":1,"item_purchase_floors":[2,13],"current_hp_per_floor":[80,80,80,80,80,80,41,41,41,34,34,14,14,14,38,0],"gold":31,"neow_bonus":"HUNDRED_GOLD","is_prod":false,"is_daily":false,"chose_seed":false,"campfire_upgraded":2,"win_rate":0,"timestamp":1547991754,"path_taken":["M","$","M","M","M","R","E","R","T","?","?","E","$","M","R","BOSS"],"build_version":"2019-01-17v2","purchased_purges":1,"victory":false,"max_hp_per_floor":[80,80,80,80,80,80,80,80,80,80,80,80,80,80,80,80],"card_choices":[{"not_picked":["Thunderclap","Pummel","Pommel Strike"],"picked":"SKIP","floor":1},{"not_picked":["Combust","Wild Strike","Shockwave"],"picked":"SKIP","floor":3},{"not_picked":["Pommel Strike","Flex"],"picked":"Iron Wave","floor":4},{"not_picked":["Warcry","Dark Embrace","Cleave"],"picked":"SKIP","floor":5},{"not_picked":["Clothesline","Cleave","Havoc"],"picked":"SKIP","floor":7},{"not_picked":["Heavy Blade","Second Wind","Clash"],"picked":"SKIP","floor":12},{"not_picked":["Feel No Pain+1","Heavy Blade","Anger","Dual Wield"],"picked":"SKIP","floor":14}],"player_experience":471880,"relics_obtained":[{"floor":7,"key":"Pantograph"},{"floor":9,"key":"Frozen Egg 2"},{"floor":12,"key":"Question Card"}],"event_choices":[{"cards_removed":["Strike_R"],"damage_healed":0,"gold_gain":0,"player_choice":"Card Removal","damage_taken":7,"max_hp_gain":0,"max_hp_loss":0,"event_name":"Golden Wing","floor":10,"gold_loss":0},{"damage_healed":0,"gold_gain":0,"player_choice":"Upgraded","damage_taken":0,"max_hp_gain":0,"max_hp_loss":0,"event_name":"Upgrade Shrine","floor":11,"gold_loss":0,"cards_upgraded":["Strike_R"]}],"is_beta":false,"boss_relics":[],"items_purged_floors":[13],"is_endless":false,"potions_floor_spawned":[4,7,12],"killed_by":"Slime Boss","ascension_level":0}