{"gold_per_floor":[109,126,142,67,84,97,97,132,155,55,66,66,66,81,81,81],"floor_reached":16,"playtime":1056,"items_purged":["Strike_R","Strike_R"],"score":104,"play_id":"6b8780df-4b0d-4a3e-9392-0f95f2ac8838","local_time":"20181220233058","is_ascension_mode":false,"campfire_choices":[{"data":"Body Slam","floor":7,"key":"SMITH"},{"data":"Body Slam","floor":12,"key":"SMITH"},{"data":"Shrug It Off","floor":15,"key":"SMITH"}],"neow_cost":"NONE","seed_source_timestamp":32176331369586,"circlet_count":0,"master_deck":["Strike_R","Strike_R","Defend_R","Defend_R","Defend_R","Defend_R","Bash","Shrug It Off+1","Body Slam+1","Body Slam+1","Armaments"],"relics":["Burning Blood","PreservedInsect","Happy Flower"],"potions_floor_usage":[16],"damage_taken":[{"damage":6,"enemies":"2 Louse","floor":1,"turns":3},{"damage":5,"enemies":"Cultist","floor":2,"turns":4},{"damage":3,"enemies":"Jaw Worm","floor":3,"turns":5},{"damage":12,"enemies":"Exordium Wildlife","floor":5,"turns":6},{"damage":15,"enemies":"Looter","floor":6,"turns":3},{"damage":17,"enemies":"3 Sentries","floor":8,"turns":12},{"damage":14,"enemies":"Large Slime","floor":11,"turns":7},{"damage":0,"enemies":"Blue Slaver","floor":14,"turns":3},{"damage":62,"enemies":"Slime Boss","floor":16,"turns":13}],"seed_played":"-5247602508038532942","potions_obtained":[{"floor":2,"key":"SpeedPotion"},{"floor":11,"key":"SmokeBomb"},{"floor":14,"key":"Energy Potion"}],"is_trial":false,"path_per_floor":["M","M","M","$","M","M","R","E","T","$","M","R","?","M","R","B"],"character_chosen":"IRONCLAD","items_purchased":[],"campfire_rested":0,"item_purchase_floors":[],"current_hp_per_floor":[88,88,88,88,82,73,73,62,62,62,54,54,54,60,60,0],"gold":81,"neow_bonus":"TEN_PERCENT_HP_BONUS","is_prod":false,"is_daily":false,"chose_seed":false,"campfire_upgraded":3,"win_rate":0,"timestamp":1545345058,"path_taken":["M","M","M","$","M","M","R","E","T","$","M","R","?","M","R","BOSS"],"build_version":"2018-12-13","purchased_purges":2,"victory":false,"max_hp_per_floor":[88,88,88,88,88,88,88,88,88,88,88,88,88,88,88,88],"card_choices":[{"not_picked":["Sever Soul","Pommel Strike"],"picked":"Shrug It Off","floor":1},{"not_picked":["Infernal Blade","Anger"],"picked":"Body Slam","floor":2},{"not_picked":["Power Through","Pommel Strike","Sentinel"],"picked":"SKIP","floor":3},{"not_picked":["True Grit","Cleave"],"picked":"Body Slam","floor":5},{"not_picked":["Battle Trance","Fire Breathing","Metallicize"],"picked":"SKIP","floor":6},{"not_picked":["Perfected Strike","Searing Blow","Whirlwind"],"picked":"SKIP","floor":8},{"not_picked":["Heavy Blade","Inflame"],"picked":"Armaments","floor":11},{"not_picked":["Warcry","Limit Break","Disarm"],"picked":"SKIP","floor":14}],"player_experience":343021,"relics_obtained":[{"floor":8,"key":"PreservedInsect"},{"floor":9,"key":"Happy Flower"}],"event_choices":[{"cards_removed":["Strike_R"],"damage_healed":0,"gold_gain":0,"player_choice":"Offered Basic","damage_taken":0,"max_hp_gain":0,"max_hp_loss":0,"event_name":"Bonfire Elementals","floor":13,"gold_loss":0}],"is_beta":false,"boss_relics":[],"items_purged_floors":[4,10],"is_endless":false,"potions_floor_spawned":[2,11,14],"killed_by":"Slime Boss","ascension_level":0}