{"path_per_floor":["M","M","?","?","M","M","E","R","T","?","M","?","R","$","R","B",null,"M","?","?","M","?","R","?","T","T","E","$","R"],"character_chosen":"THE_SILENT","items_purchased":["Shuriken"],"gold_per_floor":[145,163,113,113,133,149,182,182,236,236,250,250,250,175,175,294,294,315,240,240,260,260,260,260,287,360,385,34,34],"floor_reached":30,"campfire_rested":3,"playtime":2660,"current_hp_per_floor":[75,74,74,79,77,72,63,63,63,43,42,42,66,66,66,51,80,66,66,66,26,10,34,60,65,70,12,12,36],"items_purged":["Strike_G","Strike_G"],"gold":34,"score":244,"play_id":"561fcd75-32cd-4094-a298-de8e37735372","is_prod":false,"is_daily":false,"is_ascension_mode":false,"campfire_upgraded":2,"path_taken":["M","M","?","?","?","M","E","R","T","?","M","?","R","?","R","BOSS","M","?","?","M","?","R","?","?","T","E","$","R","E"],"build_version":"2018-02-15-PROD1","purchased_purges":2,"victory":false,"master_deck":["Defend_G","Defend_G","Defend_G+1","Defend_G","Defend_G","Strike_G+1","Survivor","Neutralize","Outmaneuver+1","Crippling Poison+1","Dash","Footwork+1","Acrobatics","Infinite Blades","Wraith Form","Flying Knee","Well Laid Plans"],"max_hp_per_floor":[75,75,75,80,80,80,80,80,80,80,80,80,80,80,80,80,80,80,80,80,80,80,80,80,80,80,80,80,80],"relics":["Tiny House","Prayer Wheel","Juzu Bracelet","Bloody Idol","Black Star","Nilry\u0027s Codex","Bag of Preparation","Ornamental Fan","War Paint","Pen Nib","Shuriken"],"card_choices":[{"not_picked":["Dagger Throw","Deflect"],"picked":"Outmaneuver"},{"not_picked":["Malaise","Expertise"],"picked":"Crippling Poison"},{"not_picked":["Outmaneuver","Riddle With Holes"],"picked":"Dash"},{"not_picked":["Catalyst","Quick Slash"],"picked":"Footwork"},{"not_picked":["Quick Slash","Dagger Spray"],"picked":"Acrobatics"},{"not_picked":["Backstab","Bane"],"picked":"Infinite Blades"},{"not_picked":["Tools of the Trade","Bullet Time"],"picked":"Wraith Form"},{"not_picked":["Poisoned Stab","PiercingWail"],"picked":"Flying Knee"},{"not_picked":["Sucker Punch","Flechettes"],"picked":"Well Laid Plans"}],"player_experience":37808,"potions_floor_usage":[6,7,16,16,16,27,27,30],"damage_taken":[{"damage":0,"enemies":"2 Louse","floor":1,"turns":4},{"damage":1,"enemies":"Cultist","floor":2,"turns":5},{"damage":2,"enemies":"Small Slimes","floor":5,"turns":5},{"damage":5,"enemies":"Exordium Wildlife","floor":6,"turns":6},{"damage":9,"enemies":"Lagavulin","floor":7,"turns":14},{"damage":1,"enemies":"Looter","floor":11,"turns":5},{"damage":15,"enemies":"The Guardian","floor":16,"turns":14},{"damage":14,"enemies":"Shell Parasite","floor":18,"turns":11},{"damage":45,"enemies":"3 Byrds","floor":21,"turns":10},{"damage":63,"enemies":"Slavers","floor":27,"turns":9},{"damage":42,"enemies":"Gremlin Leader","floor":30,"turns":4}],"event_choices":[{"event_name":"The Cleric","player_choice":"Card Removal","floor":3,"damage_taken":0},{"event_name":"Big Fish","player_choice":"Donut","floor":4,"damage_taken":0},{"event_name":"Golden Idol","player_choice":"Take Damage","floor":10,"damage_taken":0},{"event_name":"The Lab","player_choice":"Got Potions","floor":12,"damage_taken":0},{"event_name":"Beggar","player_choice":"Gave Gold","floor":19,"damage_taken":0},{"event_name":"Forgotten Altar","player_choice":"Gave Idol","floor":20,"damage_taken":0},{"event_name":"Cursed Tome","player_choice":"Obtained Book","floor":22,"damage_taken":0},{"event_name":"The Library","player_choice":"Heal","floor":24,"damage_taken":0}],"boss_relics":[{"not_picked":["Runic Dome","Eternal Feather"],"picked":"Black Star"}],"potions_floor_spawned":[2,5,6,18,21],"seed_played":"-8273906982931680945","killed_by":"Gremlin Leader","ascension_level":0,"is_trial":false}