{"gold_per_floor":[111,121,121,134,134,134,159,159,204,50,66,66,83,98,98,200,200,218,218,231,146,46,46,56,67,117,135,10,10,27,27,27,130,130,145,160,173,23,23,54,54,74,97,109,221,251,263,3,3,3],"floor_reached":51,"playtime":2201,"items_purged":["Strike_R","Exhume","Rupture","Brutality+1","Burning Pact"],"score":829,"play_id":"03f885c3-83c6-474f-a37e-590c8fce1e3f","local_time":"20190120123506","is_ascension_mode":false,"campfire_choices":[{"data":"Strike_R","floor":6,"key":"SMITH"},{"data":"Strike_R","floor":8,"key":"SMITH"},{"data":"Rampage","floor":15,"key":"SMITH"},{"data":"Brutality","floor":23,"key":"SMITH"},{"floor":32,"key":"REST"},{"floor":41,"key":"REST"},{"floor":44,"key":"REST"},{"floor":49,"key":"REST"}],"neow_cost":"NONE","seed_source_timestamp":2259155541893738,"circlet_count":0,"master_deck":["Bash+1","Rampage+1","Battle Trance","True Grit","Burning Pact"],"relics":["Burning Blood","Art of War","Potion Belt","War Paint","Pandora\u0027s Box","Oddly Smooth Stone","Anchor","Orichalcum","Busted Crown","Bag of Marbles","MawBank","Pocketwatch","Champion Belt"],"potions_floor_usage":[7,16,20,33,33,50,50,50,50],"damage_taken":[{"damage":1,"enemies":"Cultist","floor":1,"turns":4},{"damage":0,"enemies":"2 Louse","floor":2,"turns":4},{"damage":0,"enemies":"Small Slimes","floor":4,"turns":3},{"damage":14,"enemies":"Gremlin Nob","floor":7,"turns":3},{"damage":4,"enemies":"2 Fungi Beasts","floor":11,"turns":3},{"damage":22,"enemies":"Exordium Wildlife","floor":13,"turns":5},{"damage":18,"enemies":"Gremlin Gang","floor":14,"turns":6},{"damage":11,"enemies":"Slime Boss","floor":16,"turns":6},{"damage":20,"enemies":"2 Thieves","floor":18,"turns":4},{"damage":3,"enemies":"3 Byrds","floor":20,"turns":3},{"damage":26,"enemies":"Shelled Parasite and Fungi","floor":24,"turns":5},{"damage":15,"enemies":"Snake Plant","floor":25,"turns":3},{"damage":4,"enemies":"Centurion and Healer","floor":27,"turns":4},{"damage":12,"enemies":"Sentry and Sphere","floor":30,"turns":3},{"damage":57,"enemies":"Collector","floor":33,"turns":5},{"damage":20,"enemies":"3 Darklings","floor":35,"turns":3},{"damage":1,"enemies":"Orb Walker","floor":36,"turns":2},{"damage":16,"enemies":"Sphere and 2 Shapes","floor":37,"turns":3},{"damage":57,"enemies":"Nemesis","floor":40,"turns":5},{"damage":20,"enemies":"Spire Growth","floor":42,"turns":3},{"damage":12,"enemies":"Mind Bloom Boss Battle","floor":45,"turns":4},{"damage":4,"enemies":"Jaw Worm Horde","floor":46,"turns":2},{"damage":9,"enemies":"Time Eater","floor":50,"turns":4}],"seed_played":"3374243228896673633","potions_obtained":[{"floor":1,"key":"PowerPotion"},{"floor":2,"key":"Strength Potion"},{"floor":11,"key":"BloodPotion"},{"floor":13,"key":"LiquidBronze"},{"floor":24,"key":"Strength Potion"},{"floor":25,"key":"BloodPotion"},{"floor":37,"key":"EssenceOfSteel"},{"floor":42,"key":"Fire Potion"}],"is_trial":false,"path_per_floor":["M","M","$","M","?","R","E","R","T","$","M","?","M","M","R","B",null,"M","?","M","?","$","R","M","M","T","M","$","?","M","?","R","B",null,"M","M","M","$","?","E","R","M","T","R","?","M","T","$","R","B",null],"character_chosen":"IRONCLAD","items_purchased":["Rampage","Block Potion","Dexterity Potion"],"campfire_rested":4,"item_purchase_floors":[10,48,48],"current_hp_per_floor":[80,80,80,80,77,77,69,69,69,69,71,71,55,43,43,38,80,66,51,54,54,54,54,34,25,25,27,27,27,21,21,46,11,85,71,76,66,66,66,15,40,26,26,51,45,47,47,47,72,69],"gold":3,"neow_bonus":"UPGRADE_CARD","is_prod":false,"is_daily":false,"chose_seed":false,"campfire_upgraded":4,"win_rate":0,"timestamp":1547955306,"path_taken":["M","M","$","?","?","R","E","R","T","$","M","?","M","M","R","BOSS","M","?","M","?","?","R","?","M","T","M","$","?","M","?","R","BOSS","M","M","?","$","?","E","R","M","T","R","?","M","?","$","R","BOSS"],"build_version":"2019-01-17v2","purchased_purges":5,"victory":true,"max_hp_per_floor":[80,80,80,80,80,80,80,80,80,80,80,80,80,80,80,80,80,80,85,85,85,85,85,85,85,85,85,85,85,85,85,85,85,85,85,85,85,85,85,85,85,85,85,85,85,85,85,85,85,85],"card_choices":[{"not_picked":["Combust","Iron Wave","Wild Strike"],"picked":"SKIP","floor":1},{"not_picked":["Heavy Blade","Cleave","Iron Wave"],"picked":"SKIP","floor":2},{"not_picked":["Body Slam","Thunderclap","Shockwave"],"picked":"SKIP","floor":4},{"not_picked":["Dual Wield","Sever Soul","Metallicize"],"picked":"SKIP","floor":7},{"not_picked":["Body Slam","Warcry","Pommel Strike"],"picked":"SKIP","floor":11},{"not_picked":["Body Slam","Power Through","Havoc"],"picked":"SKIP","floor":13},{"not_picked":["Sentinel","Anger","True Grit"],"picked":"SKIP","floor":14},{"not_picked":["True Grit","Body Slam","Flame Barrier"],"picked":"SKIP","floor":18},{"not_picked":["Sever Soul","Metallicize","Shrug It Off"],"picked":"SKIP","floor":20},{"not_picked":["Shrug It Off","Fire Breathing","Anger"],"picked":"SKIP","floor":24},{"not_picked":["Perfected Strike+1","Sword Boomerang","Pommel Strike"],"picked":"SKIP","floor":25},{"not_picked":["Second Wind+1","Carnage","Sever Soul"],"picked":"SKIP","floor":27},{"not_picked":["Headbutt","Thunderclap","Clash+1"],"picked":"SKIP","floor":30},{"not_picked":["Sentinel+1"],"picked":"SKIP","floor":35},{"not_picked":["Flex"],"picked":"SKIP","floor":36},{"not_picked":["Fire Breathing+1"],"picked":"SKIP","floor":37},{"not_picked":["Whirlwind"],"picked":"SKIP","floor":40},{"not_picked":["Second Wind"],"picked":"SKIP","floor":42},{"not_picked":["Perfected Strike"],"picked":"SKIP","floor":46}],"player_experience":469679,"relics_obtained":[{"floor":7,"key":"Potion Belt"},{"floor":9,"key":"War Paint"},{"floor":26,"key":"Anchor"},{"floor":40,"key":"Bag of Marbles"},{"floor":43,"key":"MawBank"},{"floor":45,"key":"Pocketwatch"},{"floor":47,"key":"Champion Belt"}],"event_choices":[{"damage_healed":0,"gold_gain":0,"player_choice":"Success","damage_taken":3,"relics_obtained":["Art of War"],"max_hp_gain":0,"max_hp_loss":0,"event_name":"Scrap Ooze","floor":5,"gold_loss":0},{"damage_healed":0,"gold_gain":0,"player_choice":"Ignored","damage_taken":0,"max_hp_gain":0,"max_hp_loss":0,"event_name":"Liars Game","floor":12,"gold_loss":0},{"damage_healed":0,"gold_gain":0,"player_choice":"Shed Blood","damage_taken":20,"max_hp_gain":5,"max_hp_loss":0,"event_name":"Forgotten Altar","floor":19,"gold_loss":0},{"damage_healed":0,"gold_gain":0,"player_choice":"Obtained Relic","damage_taken":0,"relics_obtained":["Oddly Smooth Stone"],"max_hp_gain":0,"max_hp_loss":0,"event_name":"Addict","floor":21,"gold_loss":85},{"damage_healed":0,"gold_gain":0,"player_choice":"Ignored","damage_taken":0,"max_hp_gain":0,"max_hp_loss":0,"event_name":"Ghosts","floor":29,"gold_loss":0},{"cards_removed":["Armaments"],"damage_healed":0,"gold_gain":0,"player_choice":"Gave Card","damage_taken":0,"relics_obtained":["Orichalcum"],"max_hp_gain":0,"max_hp_loss":0,"event_name":"WeMeetAgain","floor":31,"gold_loss":0},{"damage_healed":0,"gold_gain":0,"player_choice":"Ignored","damage_taken":0,"max_hp_gain":0,"max_hp_loss":0,"event_name":"Mysterious Sphere","floor":39,"gold_loss":0},{"damage_healed":0,"gold_gain":0,"player_choice":"Fight","damage_taken":0,"max_hp_gain":0,"max_hp_loss":0,"event_name":"MindBloom","floor":45,"gold_loss":0}],"is_beta":false,"boss_relics":[{"not_picked":["Orrery","Runic Pyramid"],"picked":"Pandora\u0027s Box"},{"not_picked":["Velvet Choker","Mark of Pain"],"picked":"Busted Crown"}],"items_purged_floors":[10,22,28,38,48],"is_endless":false,"potions_floor_spawned":[1,2,11,13,24,25,37,42],"ascension_level":0}