{"gold_per_floor":[109,11,11,26,26,55,55,74,74,24,24,43,55,80,80,177,177,195,206,206,231,245,245,245,245,245,265,290,290],"floor_reached":29,"playtime":1857,"items_purged":[],"score":278,"play_id":"e1e543b1-79fc-43f0-9ae1-aab9de122dc5","local_time":"20190529141314","is_ascension_mode":false,"campfire_choices":[{"data":"Noxious Fumes","floor":7,"key":"SMITH"},{"data":"Strike_G","floor":15,"key":"PURGE"},{"floor":23,"key":"REST"},{"floor":25,"key":"REST"}],"neow_cost":"NONE","seed_source_timestamp":995688612813190,"circlet_count":0,"master_deck":["Defend_G","Defend_G","Defend_G","Strike_G","Strike_G","Strike_G","Strike_G","Survivor","Neutralize","Noxious Fumes+1","Blade Dance","Backflip","Backflip","Iron Wave","Deadly Poison","PiercingWail","Bane","Prepared","Catalyst","Adrenaline","Riddle With Holes","Deadly Poison","Catalyst","Catalyst","Deadly Poison","Bouncing Flask","Flechettes+1","Well Laid Plans","Crippling Poison","Crippling Poison"],"relics":["Ring of the Snake","NeowsBlessing","Dodecahedron","Pen Nib","PreservedInsect","Peace Pipe","Orrery","MutagenicStrength","Dream Catcher","Mummified Hand","Question Card"],"potions_floor_usage":[16],"damage_taken":[{"damage":0,"enemies":"Cultist","floor":1,"turns":1},{"damage":0,"enemies":"Jaw Worm","floor":4,"turns":1},{"damage":0,"enemies":"Gremlin Nob","floor":6,"turns":1},{"damage":2,"enemies":"Small Slimes","floor":8,"turns":3},{"damage":6,"enemies":"2 Fungi Beasts","floor":12,"turns":3},{"damage":3,"enemies":"Red Slaver","floor":13,"turns":3},{"damage":9,"enemies":"3 Sentries","floor":14,"turns":6},{"damage":12,"enemies":"Slime Boss","floor":16,"turns":8},{"damage":25,"enemies":"2 Thieves","floor":18,"turns":4},{"damage":5,"enemies":"3 Byrds","floor":19,"turns":4},{"damage":37,"enemies":"Shelled Parasite and Fungi","floor":22,"turns":3},{"damage":25,"enemies":"Centurion and Healer","floor":27,"turns":3},{"damage":13,"enemies":"Gremlin Leader","floor":28,"turns":4},{"damage":32,"enemies":"Cultist and Chosen","floor":29,"turns":4}],"seed_played":"3943706954848390576","potions_obtained":[{"floor":1,"key":"Poison Potion"},{"floor":6,"key":"FairyPotion"},{"floor":11,"key":"FairyPotion"},{"floor":16,"key":"SpeedPotion"},{"floor":19,"key":"Fire Potion"},{"floor":27,"key":"GhostInAJar"}],"is_trial":false,"path_per_floor":["M","$","?","M","?","E","R","M","T","?","?","M","M","E","R","B",null,"M","M","?","T","M","R","?","R","T","M","E","M"],"character_chosen":"THE_SILENT","items_purchased":["Blade Dance","Backflip"],"campfire_rested":2,"item_purchase_floors":[2,2],"current_hp_per_floor":[70,70,63,63,63,63,63,61,61,61,61,55,52,43,43,31,70,45,40,40,40,3,24,24,45,45,20,7,0],"gold":290,"neow_bonus":"THREE_ENEMY_KILL","is_prod":false,"is_daily":false,"chose_seed":false,"campfire_upgraded":1,"win_rate":0.0,"timestamp":1559164394,"path_taken":["M","$","?","M","?","E","R","?","T","?","?","M","M","E","R","BOSS","M","M","?","?","M","R","?","R","T","M","E","M"],"build_version":"2019-01-23","purchased_purges":0,"victory":false,"max_hp_per_floor":[70,70,70,70,70,70,70,70,70,70,70,70,70,70,70,70,70,70,70,70,70,70,70,70,70,70,70,70,70],"card_choices":[{"not_picked":["Blade Dance","Dash"],"picked":"Noxious Fumes","floor":1},{"not_picked":["Flying Knee","Underhanded Strike"],"picked":"Backflip","floor":4},{"not_picked":["Blur","Calculated Gamble"],"picked":"Deadly Poison","floor":6},{"not_picked":["Dash","Dagger Throw"],"picked":"PiercingWail","floor":8},{"not_picked":["Outmaneuver","Predator"],"picked":"Bane","floor":12},{"not_picked":["Reflex","Leg Sweep"],"picked":"Prepared","floor":13},{"not_picked":["Doppelganger","Dagger Spray"],"picked":"Catalyst","floor":14},{"not_picked":["Unload","Wraith Form v2"],"picked":"Adrenaline","floor":16},{"not_picked":["Slice","Deflect"],"picked":"Riddle With Holes","floor":17},{"not_picked":["Eviscerate","Dagger Throw"],"picked":"Deadly Poison","floor":17},{"not_picked":["Dagger Spray","Slice"],"picked":"Catalyst","floor":17},{"not_picked":["Finisher","Flying Knee"],"picked":"Catalyst","floor":17},{"not_picked":["Heel Hook","Finisher"],"picked":"Deadly Poison","floor":17},{"not_picked":["Wraith Form v2","Deflect+1"],"picked":"Bouncing Flask","floor":18},{"not_picked":["Flying Knee","Calculated Gamble+1"],"picked":"Flechettes+1","floor":19},{"not_picked":["Choke","Quick Slash","Expertise+1"],"picked":"SKIP","floor":22},{"not_picked":["Riddle With Holes","Slice"],"picked":"Well Laid Plans","floor":23},{"not_picked":["Acrobatics+1","Dagger Spray+1"],"picked":"Crippling Poison","floor":25},{"not_picked":["Outmaneuver","Prepared","Dash"],"picked":"SKIP","floor":27},{"not_picked":["Backstab","Prepared"],"picked":"Crippling Poison","floor":28}],"player_experience":28924,"relics_obtained":[{"floor":6,"key":"Pen Nib"},{"floor":9,"key":"PreservedInsect"},{"floor":14,"key":"Peace Pipe"},{"floor":21,"key":"Dream Catcher"},{"floor":26,"key":"Mummified Hand"},{"floor":28,"key":"Question Card"}],"event_choices":[{"damage_healed":0,"gold_gain":0,"player_choice":"Success","damage_taken":7,"relics_obtained":["Dodecahedron"],"max_hp_gain":0,"max_hp_loss":0,"event_name":"Scrap Ooze","floor":3,"gold_loss":0},{"cards_removed":["Defend_G"],"damage_healed":0,"gold_gain":0,"player_choice":"Took Card","damage_taken":0,"max_hp_gain":0,"max_hp_loss":0,"event_name":"NoteForYourself","floor":5,"gold_loss":0,"cards_obtained":["Iron Wave"]},{"cards_removed":["Defend_G"],"damage_healed":0,"gold_gain":0,"player_choice":"Card Removal","damage_taken":0,"max_hp_gain":0,"max_hp_loss":0,"event_name":"The Cleric","floor":10,"gold_loss":50},{"damage_healed":0,"gold_gain":0,"player_choice":"Got Potions","damage_taken":0,"max_hp_gain":0,"max_hp_loss":0,"event_name":"Lab","floor":11,"gold_loss":0},{"damage_healed":0,"gold_gain":0,"player_choice":"Inject Mutagens","damage_taken":0,"relics_obtained":["MutagenicStrength"],"max_hp_gain":0,"max_hp_loss":0,"event_name":"Drug Dealer","floor":20,"gold_loss":0},{"damage_healed":0,"gold_gain":0,"player_choice":"Bought 0 Potions","damage_taken":0,"max_hp_gain":0,"max_hp_loss":0,"event_name":"The Woman in Blue","floor":24,"gold_loss":0}],"is_beta":false,"boss_relics":[{"not_picked":["Snecko Eye","Velvet Choker"],"picked":"Orrery"}],"items_purged_floors":[],"is_endless":false,"potions_floor_spawned":[1,6,14,16,19,27,28],"killed_by":"Cultist and Chosen","ascension_level":0}