{"gold_per_floor":[114,114,127,57,75,75,75,75,75,98,125,135,145,145,145,249,249,267,267,267,286,301,301,316,316,316,316,316,335,250,20,20,20],"floor_reached":33,"playtime":1680,"items_purged":["Decay"],"score":245,"play_id":"572e5401-c946-4db7-8045-c71d6f220049","local_time":"20190920225117","is_ascension_mode":false,"campfire_choices":[{"data":"Bash","floor":6,"key":"SMITH"},{"data":"Armaments","floor":8,"key":"SMITH"},{"data":"Clothesline","floor":15,"key":"SMITH"},{"floor":23,"key":"REST"},{"floor":25,"key":"REST"},{"data":"True Grit","floor":27,"key":"SMITH"},{"floor":32,"key":"REST"}],"neow_cost":"NONE","seed_source_timestamp":1714162128400,"circlet_count":0,"master_deck":["Strike_R","Strike_R","Strike_R","Strike_R","Strike_R","Defend_R","Defend_R","Defend_R","Defend_R","Bash+1","Power Through","Dual Wield","Armaments+1","Evolve","Wild Strike","Clothesline+1","True Grit","Juggernaut","Reckless Charge","Rampage","True Grit+1","Carnage","Immolate"],"relics":["Burning Blood","Sundial","Regal Pillow","Red Skull","Runic Cube","Enchiridion","Peace Pipe","Omamori"],"potions_floor_usage":[13,16,22,33,33],"damage_taken":[{"damage":4,"enemies":"Cultist","floor":1,"turns":4},{"damage":13,"enemies":"Jaw Worm","floor":3,"turns":7},{"damage":1,"enemies":"2 Louse","floor":5,"turns":4},{"damage":23,"enemies":"3 Sentries","floor":11,"turns":9},{"damage":18,"enemies":"Red Slaver","floor":12,"turns":7},{"damage":5,"enemies":"3 Louse","floor":13,"turns":4},{"damage":47,"enemies":"Hexaghost","floor":16,"turns":11},{"damage":38,"enemies":"3 Byrds","floor":18,"turns":8},{"damage":26,"enemies":"Spheric Guardian","floor":21,"turns":6},{"damage":24,"enemies":"Chosen and Byrds","floor":22,"turns":8},{"damage":44,"enemies":"3 Cultists","floor":24,"turns":7},{"damage":36,"enemies":"Snake Plant","floor":29,"turns":5},{"damage":85,"enemies":"Collector","floor":33,"turns":5}],"seed_played":"-5645672830043852922","potions_obtained":[{"floor":1,"key":"BloodPotion"},{"floor":12,"key":"SteroidPotion"},{"floor":18,"key":"GamblersBrew"},{"floor":21,"key":"PowerPotion"},{"floor":22,"key":"Ancient Potion"}],"is_trial":false,"path_per_floor":["M","?","M","$","M","R","$","R","T","T","E","M","M","?","R","B",null,"M","?","?","M","M","R","M","R","T","R","?","M","?","$","R","B"],"character_chosen":"IRONCLAD","items_purchased":["Evolve","Immolate"],"campfire_rested":3,"item_purchase_floors":[4,31],"current_hp_per_floor":[88,88,81,81,86,86,86,86,86,86,69,57,58,58,58,39,88,56,85,69,49,31,72,34,75,75,75,67,37,37,37,78,0],"gold":20,"neow_bonus":"TEN_PERCENT_HP_BONUS","is_prod":false,"is_daily":false,"chose_seed":false,"campfire_upgraded":4,"win_rate":0,"timestamp":1568991077,"path_taken":["M","?","M","$","M","R","?","R","T","?","E","M","M","?","R","BOSS","M","?","?","M","M","R","M","R","T","R","?","?","?","$","R","BOSS"],"build_version":"2019-07-17","purchased_purges":1,"victory":false,"max_hp_per_floor":[88,88,88,88,88,88,88,88,88,88,88,88,88,88,88,88,88,88,88,88,88,88,88,88,88,88,88,88,88,88,88,88,88],"card_choices":[{"not_picked":["Feel No Pain","Wild Strike"],"picked":"Power Through","floor":1},{"not_picked":["True Grit","Clash"],"picked":"Armaments","floor":3},{"not_picked":["Anger","Iron Wave"],"picked":"Wild Strike","floor":5},{"not_picked":["Evolve","Combust","Sword Boomerang"],"picked":"SKIP","floor":11},{"not_picked":["Burning Pact","Havoc"],"picked":"Clothesline","floor":12},{"not_picked":["Sword Boomerang","Berserk"],"picked":"True Grit","floor":13},{"not_picked":["Exhume","Limit Break"],"picked":"Juggernaut","floor":16},{"not_picked":["Clash","Clothesline"],"picked":"Reckless Charge","floor":18},{"not_picked":["Sword Boomerang+1","Battle Trance"],"picked":"Rampage","floor":21},{"not_picked":["Sword Boomerang","Heavy Blade"],"picked":"True Grit","floor":22},{"not_picked":["Clothesline","Havoc"],"picked":"Carnage","floor":24},{"not_picked":["Thunderclap","True Grit+1","Heavy Blade+1"],"picked":"SKIP","floor":29}],"player_experience":392519,"relics_obtained":[{"floor":9,"key":"Sundial"},{"floor":10,"key":"Regal Pillow"},{"floor":11,"key":"Red Skull"},{"floor":20,"key":"Enchiridion"},{"floor":26,"key":"Peace Pipe"}],"event_choices":[{"damage_healed":0,"gold_gain":0,"player_choice":"1 cards matched","damage_taken":0,"max_hp_gain":0,"max_hp_loss":0,"event_name":"Match and Keep!","floor":2,"gold_loss":0,"cards_obtained":["Dual Wield"]},{"damage_healed":0,"gold_gain":0,"player_choice":"Cursed","damage_taken":0,"max_hp_gain":0,"max_hp_loss":0,"event_name":"Wheel of Change","floor":14,"gold_loss":0,"cards_obtained":["Decay"]},{"damage_healed":29,"gold_gain":0,"player_choice":"Heal","damage_taken":0,"max_hp_gain":0,"max_hp_loss":0,"event_name":"The Library","floor":19,"gold_loss":0},{"damage_healed":0,"gold_gain":0,"player_choice":"Obtained Book","damage_taken":16,"max_hp_gain":0,"max_hp_loss":0,"event_name":"Cursed Tome","floor":20,"gold_loss":0},{"damage_healed":0,"gold_gain":0,"player_choice":"","damage_taken":8,"max_hp_gain":0,"max_hp_loss":0,"event_name":"Knowing Skull","floor":28,"potions_obtained":[],"gold_loss":0,"cards_obtained":[]},{"damage_healed":0,"gold_gain":0,"player_choice":"Obtained Relic","damage_taken":0,"relics_obtained":["Omamori"],"max_hp_gain":0,"max_hp_loss":0,"event_name":"Addict","floor":30,"gold_loss":85}],"is_beta":false,"boss_relics":[{"not_picked":["White Beast Statue","Runic Pyramid"],"picked":"Runic Cube"}],"items_purged_floors":[31],"is_endless":false,"potions_floor_spawned":[1,12,18,21,22],"killed_by":"Collector","ascension_level":0}