{"gold_per_floor":[112,112,132,150,38,71,89,100,149,161,173,216,248,276,288,397,409,434,446,81,93,17,17],"floor_reached":23,"playtime":1945,"items_purged":[],"score":203,"play_id":"1331dd77-8abc-42ac-83eb-8e3214f2f341","local_time":"20190805093440","is_ascension_mode":false,"campfire_choices":[{"floor":11.0,"key":"REST"},{"floor":15.0,"key":"REST"}],"neow_cost":"NONE","seed_source_timestamp":0,"circlet_count":0,"master_deck":["Strike_B","Strike_B","Defend_B","Defend_B","Defend_B","Defend_B","Zap","Dualcast","Compile Driver","Undo","Gash","BootSequence","Steam","Capacitor","Melter","Ball Lightning","Glacier","Coolheaded","Parasite","Leap","Lockon","Aggregate","Electrodynamics","Cold Snap","Melter","Coolheaded","Streamline","Stack","Beam Cell"],"special_seed":0,"relics":["Cracked Core","Sundial","MawBank","Question Card","White Beast Statue","Matryoshka"],"potions_floor_usage":[23,23],"damage_taken":[{"damage":5.0,"enemies":"Cultist","floor":1.0,"turns":4.0},{"damage":0.0,"enemies":"2 Louse","floor":3.0,"turns":3.0},{"damage":0.0,"enemies":"Small Slimes","floor":4.0,"turns":3.0},{"damage":39.0,"enemies":"Gremlin Nob","floor":6.0,"turns":5.0},{"damage":2.0,"enemies":"Blue Slaver","floor":7.0,"turns":3.0},{"damage":1.0,"enemies":"Exordium Wildlife","floor":8.0,"turns":4.0},{"damage":7.0,"enemies":"3 Sentries","floor":12.0,"turns":7.0},{"damage":8.0,"enemies":"Looter","floor":13.0,"turns":4.0},{"damage":33.0,"enemies":"Gremlin Gang","floor":14.0,"turns":5.0},{"damage":6.0,"enemies":"The Guardian","floor":16.0,"turns":10.0},{"damage":9.0,"enemies":"Shell Parasite","floor":18.0,"turns":5.0},{"damage":28,"enemies":"Chosen","floor":21,"turns":7},{"damage":39,"enemies":"Slavers","floor":23,"turns":2}],"seed_played":"5435616694779177695","potions_obtained":[{"floor":1.0,"key":"Dexterity Potion"},{"floor":12.0,"key":"AttackPotion"},{"floor":13.0,"key":"PowerPotion"},{"floor":18.0,"key":"Energy Potion"},{"floor":21,"key":"FearPotion"}],"is_trial":false,"path_per_floor":["M","?","M","M","$","E","M","M","T","?","R","E","M","M","R","B",null,"M","?","$","M","$","E"],"character_chosen":"DEFECT","items_purchased":["Capacitor","Melter","Matryoshka","Melter","Poison Potion","Coolheaded","Stack","Beam Cell"],"campfire_rested":2,"item_purchase_floors":[5,5,20,20,20,20,22,22],"current_hp_per_floor":[70,70,70,70,70,31,29,28,28,46,68,61,53,20,42,36,75,66,66,66,38,38,0],"gold":17,"neow_bonus":"TRANSFORM_CARD","is_prod":false,"is_daily":false,"chose_seed":false,"campfire_upgraded":0,"win_rate":0.0,"timestamp":1565022880,"path_taken":["M","?","M","M","$","E","?","M","T","?","R","E","M","M","R","BOSS","M","?","$","M","$","E"],"build_version":"2019-07-17","purchased_purges":0,"victory":false,"max_hp_per_floor":[75,75,75,75,75,75,75,75,75,75,75,75,75,75,75,75,75,75,75,75,75,75,75],"card_choices":[{"not_picked":["Force Field","Turbo"],"picked":"Undo","floor":1.0},{"not_picked":["Hologram","Reinforced Body"],"picked":"BootSequence","floor":3.0},{"not_picked":["Go for the Eyes","Sunder"],"picked":"Steam","floor":4.0},{"not_picked":["Sweeping Beam","Machine Learning"],"picked":"Ball Lightning","floor":6.0},{"not_picked":["Consume","Streamline"],"picked":"Glacier","floor":7.0},{"not_picked":["Consume","Compile Driver"],"picked":"Coolheaded","floor":8.0},{"not_picked":["Sweeping Beam","Hologram"],"picked":"Leap","floor":12.0},{"not_picked":["Rainbow","Compile Driver","Steam"],"picked":"Lockon","floor":13.0},{"not_picked":["Redo","Rebound","Hologram"],"picked":"Aggregate","floor":14.0},{"not_picked":["Seek","All For One","Creative AI"],"picked":"Electrodynamics","floor":16.0},{"not_picked":["Steam","Ball Lightning","Compile Driver"],"picked":"Cold Snap","floor":18.0},{"not_picked":["Steam Power","Redo+1","Rebound"],"picked":"Streamline","floor":21}],"player_experience":322216,"relics_obtained":[{"floor":6.0,"key":"Sundial"},{"floor":9.0,"key":"MawBank"},{"floor":12.0,"key":"Question Card"}],"event_choices":[{"damage_healed":0.0,"max_hp_gain":0.0,"max_hp_loss":0.0,"gold_gain":0.0,"cards_transformed":["Strike_B"],"event_name":"Transmorgrifier","player_choice":"Transformed","floor":2.0,"gold_loss":0.0,"damage_taken":0.0,"cards_obtained":["Gash"]},{"damage_healed":18.0,"max_hp_gain":0.0,"max_hp_loss":0.0,"gold_gain":0.0,"event_name":"Mushrooms","player_choice":"Healed and dodged fight","floor":10.0,"gold_loss":0.0,"damage_taken":0.0,"cards_obtained":["Parasite"]},{"damage_healed":0.0,"max_hp_gain":0.0,"max_hp_loss":0.0,"gold_gain":0.0,"event_name":"The Mausoleum","player_choice":"Ignored","floor":19.0,"gold_loss":0.0,"damage_taken":0.0}],"is_beta":false,"boss_relics":[{"not_picked":["Empty Cage","Coffee Dripper"],"picked":"White Beast Statue"}],"items_purged_floors":[],"is_endless":false,"potions_floor_spawned":[1,12,13,18,21],"killed_by":"Slavers","ascension_level":0}