{"gold_per_floor":[114,133,146,157,26,26,26,51,103,103],"floor_reached":10,"playtime":325,"items_purged":["Strike_R"],"score":136,"play_id":"2ee7c463-47c6-462a-a3a8-7ab5557b2dac","local_time":"20190319225627","is_ascension_mode":true,"campfire_choices":[{"data":"Armaments","floor":6.0,"key":"SMITH"}],"neow_cost":"NONE","seed_source_timestamp":545781525721305,"circlet_count":0,"master_deck":["AscendersBane","Strike_R","Strike_R","Strike_R","Strike_R","Defend_R","Defend_R","Defend_R","Defend_R","Bash","Whirlwind","Feel No Pain","Armaments+1","True Grit","Shrug It Off"],"special_seed":0,"relics":["Runic Cube","Bottled Tornado","Art of War"],"potions_floor_usage":[10],"damage_taken":[{"damage":2.0,"enemies":"Cultist","floor":1.0,"turns":4.0},{"damage":4.0,"enemies":"2 Louse","floor":2.0,"turns":2.0},{"damage":12.0,"enemies":"Jaw Worm","floor":3.0,"turns":3.0},{"damage":11.0,"enemies":"Looter","floor":4.0,"turns":5.0},{"damage":18.0,"enemies":"Lagavulin","floor":8.0,"turns":8.0},{"damage":52,"enemies":"Gremlin Nob","floor":10,"turns":4}],"seed_played":"-127579378965307380","potions_obtained":[{"floor":1.0,"key":"Swift Potion"},{"floor":2.0,"key":"Swift Potion"},{"floor":4.0,"key":"Energy Potion"}],"is_trial":false,"path_per_floor":["M","M","M","M","$","R","?","E","T","E"],"character_chosen":"IRONCLAD","items_purchased":["True Grit"],"campfire_rested":0,"item_purchase_floors":[5],"current_hp_per_floor":[66,62,50,39,39,39,64,46,46,0],"gold":103,"neow_bonus":"BOSS_RELIC","is_prod":false,"is_daily":false,"chose_seed":false,"campfire_upgraded":1,"win_rate":0,"timestamp":1553007387,"path_taken":["M","?","M","?","$","R","?","E","T","E"],"build_version":"2019-03-15","purchased_purges":1,"victory":false,"max_hp_per_floor":[75,75,75,75,75,75,75,75,75,75],"card_choices":[{"not_picked":["Disarm","Entrench"],"picked":"Whirlwind","floor":1.0},{"not_picked":["Body Slam","Headbutt"],"picked":"Feel No Pain","floor":2.0},{"not_picked":["Perfected Strike","Hemokinesis","Fire Breathing"],"picked":"SKIP","floor":3.0},{"not_picked":["Iron Wave","Wild Strike"],"picked":"Armaments","floor":4.0},{"not_picked":["Wild Strike","Rage"],"picked":"Shrug It Off","floor":8.0}],"player_experience":2946864,"relics_obtained":[{"floor":8.0,"key":"Bottled Tornado"},{"floor":9.0,"key":"Art of War"}],"event_choices":[{"damage_healed":25.0,"max_hp_gain":0.0,"max_hp_loss":0.0,"gold_gain":0.0,"event_name":"Big Fish","player_choice":"Banana","floor":7.0,"gold_loss":0.0,"damage_taken":0.0}],"is_beta":true,"boss_relics":[],"items_purged_floors":[5],"is_endless":false,"potions_floor_spawned":[1,2,4],"killed_by":"Gremlin Nob","ascension_level":20}