{"gold_per_floor":[119,44,44,56,56,56,13,13,37,51,68,83,111,131,131,204,254,272,304,229,229,247,247,247,247,247,265,281,281],"floor_reached":29,"playtime":1044,"items_purged":[],"score":450,"play_id":"4d727a7c-096d-477b-897e-2a95496c4209","local_time":"20190817130305","is_ascension_mode":true,"campfire_choices":[{"data":"Neutralize","floor":6.0,"key":"SMITH"},{"data":"Tools of the Trade","floor":8.0,"key":"SMITH"},{"data":"Storm of Steel","floor":15.0,"key":"SMITH"},{"floor":23.0,"key":"REST"},{"data":"Flechettes","floor":25.0,"key":"SMITH"}],"neow_cost":"NONE","seed_source_timestamp":206303335517673,"circlet_count":0,"master_deck":["AscendersBane","Strike_G","Strike_G","Defend_G","Defend_G","Defend_G","Defend_G+1","Defend_G","Survivor","Neutralize+1","Tools of the Trade+1","Terror","Tactician","Escape Plan","Choke","Dagger Throw","Storm of Steel+1","Flechettes+1","Adrenaline","Well Laid Plans","PiercingWail","Calculated Gamble"],"special_seed":0,"relics":["Ring of the Snake","Sundial","Smiling Mask","Potion Belt","Tiny House","Red Mask","Nilry\u0027s Codex","Orichalcum","Pantograph"],"potions_floor_usage":[],"damage_taken":[{"damage":0.0,"enemies":"2 Louse","floor":1.0,"turns":4.0},{"damage":2.0,"enemies":"Jaw Worm","floor":4.0,"turns":6.0},{"damage":0.0,"enemies":"Small Slimes","floor":10.0,"turns":5.0},{"damage":2.0,"enemies":"2 Fungi Beasts","floor":11.0,"turns":5.0},{"damage":6.0,"enemies":"Looter","floor":12.0,"turns":4.0},{"damage":12.0,"enemies":"Lagavulin","floor":13.0,"turns":7.0},{"damage":8.0,"enemies":"Exordium Wildlife","floor":14.0,"turns":9.0},{"damage":36.0,"enemies":"Slime Boss","floor":16.0,"turns":12.0},{"damage":6.0,"enemies":"Shell Parasite","floor":18.0,"turns":5.0},{"damage":16.0,"enemies":"Masked Bandits","floor":19.0,"turns":6.0},{"damage":4.0,"enemies":"2 Thieves","floor":22.0,"turns":4.0},{"damage":15.0,"enemies":"3 Cultists","floor":27.0,"turns":5.0},{"damage":13.0,"enemies":"Snake Plant","floor":28.0,"turns":4.0},{"damage":0,"enemies":"Chosen and Byrds","floor":29,"turns":2}],"seed_played":"3892915754101158143","potions_obtained":[{"floor":11.0,"key":"Explosive Potion"},{"floor":12.0,"key":"Dexterity Potion"},{"floor":14.0,"key":"FairyPotion"},{"floor":16.0,"key":"PowerPotion"},{"floor":17.0,"key":"AttackPotion"},{"floor":18.0,"key":"GhostInAJar"},{"floor":27.0,"key":"LiquidBronze"}],"is_trial":false,"path_per_floor":["M","?","T","M","?","R","$","R","T","M","M","M","E","M","R","B",null,"M","?","?","?","M","R","T","R","T","M","M","M"],"character_chosen":"THE_SILENT","items_purchased":["Escape Plan"],"campfire_rested":1,"item_purchase_floors":[7],"current_hp_per_floor":[59,59,59,57,50,50,50,50,50,50,48,42,30,22,22,6,56,50,34,34,13,9,30,30,30,30,15,2,2],"gold":281,"neow_bonus":"ONE_RANDOM_RARE_CARD","is_prod":false,"is_daily":false,"chose_seed":false,"campfire_upgraded":4,"win_rate":0,"timestamp":1566014585,"path_taken":["M","?","?","M","?","R","$","R","T","M","M","M","E","M","R","BOSS","M","?","?","?","?","R","?","R","T","M","M","M"],"build_version":"2019-07-17","purchased_purges":0,"victory":false,"max_hp_per_floor":[66,66,66,66,66,66,66,66,66,66,66,66,66,66,66,66,71,71,71,71,71,71,71,71,71,71,71,71,71],"card_choices":[{"not_picked":["PiercingWail","Outmaneuver"],"picked":"Terror","floor":1.0},{"not_picked":["Infinite Blades","Deflect"],"picked":"Tactician","floor":4.0},{"not_picked":["Dagger Spray","Terror"],"picked":"Choke","floor":10.0},{"not_picked":["Dagger Throw","Accuracy","Riddle With Holes"],"picked":"SKIP","floor":11.0},{"not_picked":["Accuracy","Riddle With Holes"],"picked":"Dagger Throw","floor":11.0},{"not_picked":["Prepared","Dagger Throw"],"picked":"Storm of Steel","floor":12.0},{"not_picked":["All Out Attack","Quick Slash","Blade Dance"],"picked":"SKIP","floor":13.0},{"not_picked":["Accuracy","Crippling Poison"],"picked":"Flechettes","floor":14.0},{"not_picked":["Burst","Die Die Die"],"picked":"Adrenaline","floor":16.0},{"not_picked":["Outmaneuver","Accuracy","Terror+1"],"picked":"SKIP","floor":18.0},{"not_picked":["Cloak And Dagger","Dash"],"picked":"Well Laid Plans","floor":19.0},{"not_picked":["Dash","Slice"],"picked":"PiercingWail","floor":22.0},{"not_picked":["Blade Dance","Underhanded Strike+1","Quick Slash"],"picked":"SKIP","floor":27.0},{"not_picked":["Bane","Terror"],"picked":"Calculated Gamble","floor":28.0}],"player_experience":915489,"relics_obtained":[{"floor":3.0,"key":"Sundial"},{"floor":9.0,"key":"Smiling Mask"},{"floor":13.0,"key":"Potion Belt"},{"floor":19.0,"key":"Red Mask"},{"floor":21.0,"key":"Nilry\u0027s Codex"},{"floor":24.0,"key":"Orichalcum"},{"floor":26.0,"key":"Pantograph"}],"event_choices":[{"cards_removed":["Strike_G"],"damage_healed":0.0,"max_hp_gain":0.0,"max_hp_loss":0.0,"gold_gain":0.0,"event_name":"The Cleric","player_choice":"Card Removal","floor":2.0,"gold_loss":75.0,"damage_taken":0.0},{"cards_removed":["Strike_G"],"damage_healed":0.0,"max_hp_gain":0.0,"max_hp_loss":0.0,"gold_gain":0.0,"event_name":"Golden Wing","player_choice":"Card Removal","floor":5.0,"gold_loss":0.0,"damage_taken":7.0},{"damage_healed":0.0,"max_hp_gain":0.0,"max_hp_loss":0.0,"gold_gain":0.0,"event_name":"Masked Bandits","player_choice":"Fought Bandits","floor":19.0,"gold_loss":0.0,"damage_taken":0.0},{"cards_removed":["Strike_G"],"damage_healed":0.0,"max_hp_gain":0.0,"max_hp_loss":0.0,"gold_gain":0.0,"event_name":"Beggar","player_choice":"Gave Gold","floor":20.0,"gold_loss":75.0,"damage_taken":0.0},{"damage_healed":0.0,"max_hp_gain":0.0,"max_hp_loss":0.0,"gold_gain":0.0,"event_name":"Cursed Tome","player_choice":"Obtained Book","floor":21.0,"gold_loss":0.0,"damage_taken":21.0}],"is_beta":false,"boss_relics":[{"not_picked":["Fusion Hammer","Busted Crown"],"picked":"Tiny House"}],"items_purged_floors":[],"is_endless":false,"potions_floor_spawned":[11,12,14,16,18,27],"killed_by":"Chosen and Byrds","ascension_level":20}