{"path_per_floor":["M","?","?","M","$","E","R","E","T","R","M","M","R","M","R","B",null,"M","?","?","?","M","R","M","E","T","T","M","$","?"],"character_chosen":"DEFECT","items_purchased":["Thread and Needle","Heatsinks","Cables","Loop"],"gold_per_floor":[368,368,368,383,24,50,50,84,107,107,117,129,129,145,145,247,247,259,259,259,259,276,276,295,320,344,370,390,27,27,27],"floor_reached":31,"campfire_rested":0,"playtime":1536,"item_purchase_floors":[5,5,29,29],"current_hp_per_floor":[67,67,67,67,67,35,35,24,24,24,24,24,24,24,24,22,68,66,66,66,53,53,53,39,16,16,16,14,14,14,0],"items_purged":["Strike_B"],"gold":27,"score":316,"play_id":"beb60d52-008c-45d9-b87a-4e167b3b7253","local_time":"20180606155506","is_prod":false,"is_daily":false,"chose_seed":false,"is_ascension_mode":true,"campfire_upgraded":5,"win_rate":0,"timestamp":1528293306,"campfire_choices":[{"data":"Dualcast","floor":7,"key":"SMITH"},{"data":"Defragment","floor":10,"key":"SMITH"},{"data":"Zap","floor":13,"key":"SMITH"},{"data":"Biased Cognition","floor":15,"key":"SMITH"},{"data":"Machine Learning","floor":23,"key":"SMITH"}],"path_taken":["M","?","?","?","$","E","R","E","T","R","M","M","R","M","R","BOSS","M","?","?","?","M","R","M","E","T","?","M","$","?","M"],"build_version":"2018-05-31","seed_source_timestamp":197160740878585,"purchased_purges":1,"victory":false,"master_deck":["Strike_B","Strike_B","Strike_B","Defend_B","Defend_B","Defend_B+1","Defend_B","Zap+1","Dualcast+1","Defragment+1","Zap+1","Glacier","Heatsinks","Electrodynamics","Capacitor","Hologram","Hologram+1","Biased Cognition+1","Machine Learning+1","White Noise","Defragment+1","Buffer","Loop"],"max_hp_per_floor":[68,68,68,68,68,68,68,68,68,68,68,68,68,68,68,68,68,70,70,70,75,75,75,75,77,77,77,77,77,77,77],"relics":["Cracked Core","Thread and Needle","Juzu Bracelet","Singing Bowl","Bronze Scales","Inserter","Blue Candle","Regal Pillow","War Paint","Cables"],"card_choices":[{"not_picked":["Compile Driver","Go for the Eyes"],"picked":"Defragment","floor":1},{"not_picked":["Fusion","Coolheaded","Redo"],"picked":"SKIP","floor":4},{"not_picked":["Go for the Eyes","Steam"],"picked":"Electrodynamics","floor":6},{"not_picked":["Conserve Battery","Barrage"],"picked":"Capacitor","floor":8},{"not_picked":["Leap","White Noise"],"picked":"Hologram","floor":11},{"not_picked":["Aggregate","Compile Driver"],"picked":"Hologram","floor":12},{"not_picked":["Static Discharge","Barrage"],"picked":"Biased Cognition","floor":14},{"not_picked":["Meteor Strike","Buffer"],"picked":"Machine Learning","floor":16},{"not_picked":["Hologram","Gash","FTL"],"picked":"Singing Bowl","floor":18},{"not_picked":["Force Field","Sweeping Beam"],"picked":"White Noise","floor":22},{"not_picked":["Go for the Eyes","Rebound+1"],"picked":"Defragment+1","floor":24},{"not_picked":["Machine Learning","Leap","Cold Snap"],"picked":"Singing Bowl","floor":25},{"not_picked":["Ball Lightning","Sweeping Beam+1"],"picked":"Buffer","floor":28}],"player_experience":774229,"potions_floor_usage":[16,22,28],"damage_taken":[{"damage":1,"enemies":"Cultist","floor":1,"turns":3},{"damage":0,"enemies":"2 Louse","floor":4,"turns":1},{"damage":32,"enemies":"Gremlin Nob","floor":6,"turns":5},{"damage":11,"enemies":"Lagavulin","floor":8,"turns":6},{"damage":0,"enemies":"Small Slimes","floor":11,"turns":2},{"damage":0,"enemies":"Red Slaver","floor":12,"turns":3},{"damage":0,"enemies":"Looter","floor":14,"turns":2},{"damage":2,"enemies":"Hexaghost","floor":16,"turns":6},{"damage":4,"enemies":"3 Byrds","floor":18,"turns":3},{"damage":0,"enemies":"Chosen","floor":22,"turns":4},{"damage":14,"enemies":"Snake Plant","floor":24,"turns":3},{"damage":25,"enemies":"Gremlin Leader","floor":25,"turns":4},{"damage":2,"enemies":"Snecko","floor":28,"turns":6},{"damage":16,"enemies":"Centurion and Healer","floor":31,"turns":2}],"relics_obtained":[{"floor":6,"key":"Juzu Bracelet"},{"floor":8,"key":"Singing Bowl"},{"floor":9,"key":"Bronze Scales"},{"floor":25,"key":"Blue Candle"},{"floor":26,"key":"Regal Pillow"},{"floor":27,"key":"War Paint"}],"event_choices":[{"event_name":"Accursed Blacksmith","player_choice":"Forge","floor":2,"damage_taken":0},{"event_name":"Match and Keep!","player_choice":"2 cards matched","floor":3,"damage_taken":0},{"event_name":"Vampires","player_choice":"Ignored","floor":19,"damage_taken":0},{"event_name":"The Woman in Blue","player_choice":"Bought 0 Potions","floor":20,"damage_taken":0},{"event_name":"Forgotten Altar","player_choice":"Shed Blood","floor":21,"damage_taken":0},{"event_name":"Drug Dealer","player_choice":"Ignored","floor":30,"damage_taken":0}],"boss_relics":[{"not_picked":["Tiny House","Runic Pyramid"],"picked":"Inserter"}],"items_purged_floors":[29],"potions_floor_spawned":[8,11,12,14,18],"seed_played":"-2459506168956986592","killed_by":"Centurion and Healer","ascension_level":4,"potions_obtained":[{"floor":8,"key":"EssenceOfSteel"},{"floor":11,"key":"Fire Potion"},{"floor":12,"key":"SneckoOil"},{"floor":14,"key":"Strength Potion"},{"floor":18,"key":"PowerPotion"}],"is_trial":false}