{"gold_per_floor":[110,121,121,132,40,53,24,34,34,45,73,73,73,101,101,200,200,217,217,217],"floor_reached":20,"playtime":2990,"items_purged":[],"score":184,"play_id":"cd3bf4e2-97ac-410a-8ab9-ff52fa10e26d","local_time":"20190122123746","is_ascension_mode":false,"campfire_choices":[{"data":"Clothesline","floor":13,"key":"SMITH"},{"floor":15,"key":"REST"}],"neow_cost":"NONE","seed_source_timestamp":67766447011301,"circlet_count":0,"master_deck":["Strike_R","Strike_R","Strike_R","Strike_R","Strike_R","Defend_R","Defend_R","Defend_R","Defend_R","Bash","Thunderclap","Shrug It Off","Pommel Strike","Dramatic Entrance","Clothesline+1","Warcry","Carnage","Inflame","Limit Break","Armaments","Offering","Metallicize"],"relics":["Burning Blood","Letter Opener","Ornamental Fan","Dream Catcher","Eternal Feather"],"potions_floor_usage":[11,14,14,16],"damage_taken":[{"damage":11,"enemies":"Jaw Worm","floor":1,"turns":4},{"damage":12,"enemies":"Small Slimes","floor":2,"turns":3},{"damage":5,"enemies":"2 Louse","floor":4,"turns":4},{"damage":8,"enemies":"Exordium Wildlife","floor":6,"turns":5},{"damage":4,"enemies":"Blue Slaver","floor":8,"turns":4},{"damage":13,"enemies":"Red Slaver","floor":10,"turns":2},{"damage":27,"enemies":"Gremlin Nob","floor":11,"turns":5},{"damage":23,"enemies":"3 Sentries","floor":14,"turns":6},{"damage":64,"enemies":"The Guardian","floor":16,"turns":13},{"damage":21,"enemies":"2 Thieves","floor":18,"turns":4},{"damage":74,"enemies":"Masked Bandits","floor":20,"turns":6}],"seed_played":"-1748333620681322154","potions_obtained":[{"floor":2,"key":"Swift Potion"},{"floor":4,"key":"BloodPotion"},{"floor":8,"key":"PowerPotion"},{"floor":11,"key":"Fire Potion"},{"floor":18,"key":"SpeedPotion"}],"is_trial":false,"path_per_floor":["M","M","?","M","$","M","?","M","T","M","E","$","R","E","R","B",null,"M","?","?"],"character_chosen":"IRONCLAD","items_purchased":["Dramatic Entrance"],"campfire_rested":1,"item_purchase_floors":[5],"current_hp_per_floor":[83,77,77,78,78,76,76,78,78,71,50,50,50,41,67,9,88,73,73,0],"gold":217,"neow_bonus":"TEN_PERCENT_HP_BONUS","is_prod":false,"is_daily":false,"chose_seed":false,"campfire_upgraded":1,"win_rate":0.0,"timestamp":1548189466,"path_taken":["M","M","?","M","$","M","?","M","T","?","E","$","R","E","R","BOSS","M","?","?"],"build_version":"2019-01-17v2","purchased_purges":0,"victory":false,"max_hp_per_floor":[88,88,88,88,88,88,88,88,88,88,88,88,88,88,88,88,88,88,88,88],"card_choices":[{"not_picked":["Sword Boomerang","Iron Wave"],"picked":"Thunderclap","floor":1},{"not_picked":["Metallicize","Heavy Blade"],"picked":"Shrug It Off","floor":2},{"not_picked":["Power Through","Havoc"],"picked":"Pommel Strike","floor":4},{"not_picked":["Sever Soul","Heavy Blade"],"picked":"Clothesline","floor":6},{"not_picked":["Searing Blow","Flex"],"picked":"Warcry","floor":8},{"not_picked":["Dual Wield","Clash"],"picked":"Carnage","floor":10},{"not_picked":["Wild Strike","Thunderclap"],"picked":"Inflame","floor":11},{"not_picked":["Blood for Blood","Fire Breathing"],"picked":"Limit Break","floor":14},{"not_picked":["Anger","Clothesline"],"picked":"Armaments","floor":15},{"not_picked":["Exhume","Feed"],"picked":"Offering","floor":16},{"not_picked":["Thunderclap","Pummel"],"picked":"Metallicize","floor":18}],"player_experience":268929,"relics_obtained":[{"floor":9,"key":"Letter Opener"},{"floor":11,"key":"Ornamental Fan"},{"floor":14,"key":"Dream Catcher"}],"event_choices":[{"damage_healed":0,"gold_gain":0,"player_choice":"Leave","damage_taken":0,"max_hp_gain":0,"max_hp_loss":0,"event_name":"The Cleric","floor":3,"gold_loss":0},{"damage_healed":0,"gold_gain":0,"player_choice":"Left Gold","damage_taken":0,"max_hp_gain":0,"max_hp_loss":0,"event_name":"World of Goop","floor":7,"gold_loss":29},{"damage_healed":0,"gold_gain":0,"player_choice":"Ignored","damage_taken":0,"max_hp_gain":0,"max_hp_loss":0,"event_name":"Ghosts","floor":19,"gold_loss":0},{"damage_healed":0,"gold_gain":0,"player_choice":"Fought Bandits","damage_taken":0,"max_hp_gain":0,"max_hp_loss":0,"event_name":"Masked Bandits","floor":20,"gold_loss":0}],"is_beta":false,"boss_relics":[{"not_picked":["Empty Cage","Sozu"],"picked":"Eternal Feather"}],"items_purged_floors":[],"is_endless":false,"potions_floor_spawned":[2,4,8,11,18],"killed_by":"Masked Bandits","ascension_level":0}