{"gold_per_floor":[110,120,134,152,152,152,213,213,213,213,30,50,82,97,97,200,200,215,215,196,33,33,33,68,268,268,285,285,285],"floor_reached":29,"playtime":3519,"items_purged":[],"score":253,"play_id":"fa452cef-ce59-43f0-84ac-cf383efa713a","local_time":"20190108125326","is_ascension_mode":false,"campfire_choices":[{"floor":6,"key":"REST"},{"floor":8,"key":"REST"},{"floor":15,"key":"REST"},{"data":"Blind","floor":23,"key":"SMITH"},{"floor":28,"key":"REST"}],"neow_cost":"NONE","seed_source_timestamp":229316287097220,"circlet_count":0,"master_deck":["Strike_B","Strike_B","Strike_B","Strike_B","Defend_B","Defend_B","Defend_B","Defend_B+1","Zap","Dualcast","Undo","Capacitor","Streamline+1","Redo","BootSequence","Auto Shields","Static Discharge+1","Ball Lightning","Blind+1","Auto Shields","Lockon","Loop+1","Buffer+1","BootSequence+1","Barrage","Melter","Capacitor+1","Steam","Steam","Glacier+1"],"relics":["Cracked Core","Tiny Chest","Frozen Egg 2","Bottled Flame","Runic Pyramid","MutagenicStrength","Kunai","Sundial"],"potions_floor_usage":[13,16,24,24,27],"damage_taken":[{"damage":6,"enemies":"Jaw Worm","floor":1,"turns":4},{"damage":0,"enemies":"2 Louse","floor":2,"turns":4},{"damage":1,"enemies":"Small Slimes","floor":3,"turns":3},{"damage":12,"enemies":"2 Fungi Beasts","floor":4,"turns":5},{"damage":34,"enemies":"Lagavulin","floor":7,"turns":7},{"damage":0,"enemies":"Looter","floor":12,"turns":3},{"damage":15,"enemies":"3 Sentries","floor":13,"turns":7},{"damage":13,"enemies":"Lots of Slimes","floor":14,"turns":5},{"damage":25,"enemies":"Slime Boss","floor":16,"turns":9},{"damage":3,"enemies":"3 Byrds","floor":18,"turns":3},{"damage":0,"enemies":"2 Thieves","floor":20,"turns":5},{"damage":23,"enemies":"Book of Stabbing","floor":24,"turns":7},{"damage":15,"enemies":"Snake Plant","floor":27,"turns":4},{"damage":67,"enemies":"Gremlin Leader","floor":29,"turns":9}],"seed_played":"-2462746574865864848","potions_obtained":[{"floor":3,"key":"SpeedPotion"},{"floor":4,"key":"GamblersBrew"},{"floor":13,"key":"Strength Potion"},{"floor":14,"key":"GamblersBrew"},{"floor":16,"key":"Dexterity Potion"},{"floor":20,"key":"Fruit Juice"},{"floor":24,"key":"Strength Potion"},{"floor":27,"key":"AttackPotion"}],"is_trial":false,"path_per_floor":["M","M","M","M","?","R","E","R","T","?","$","M","E","M","R","B",null,"M","?","M","$","?","R","E","?","T","M","R","E"],"character_chosen":"DEFECT","items_purchased":["Static Discharge+1","Ball Lightning","Blind","Melter","Capacitor+1","Steam"],"campfire_rested":4,"item_purchase_floors":[11,11,11,21,21,21],"current_hp_per_floor":[69,69,68,56,41,63,29,51,51,48,48,48,33,20,42,17,75,72,72,72,72,72,72,54,54,54,39,63,0],"gold":285,"neow_bonus":"THREE_CARDS","is_prod":false,"is_daily":false,"chose_seed":false,"campfire_upgraded":1,"win_rate":0.0,"timestamp":1546980806,"path_taken":["M","M","M","M","?","R","E","R","T","?","$","M","E","M","R","BOSS","M","?","M","$","?","R","E","?","T","M","R","E"],"build_version":"2019-01-03v4","purchased_purges":0,"victory":false,"max_hp_per_floor":[75,75,75,75,75,75,75,75,75,75,75,75,75,75,75,75,75,75,75,75,75,75,75,80,80,80,80,80,80],"card_choices":[{"not_picked":["Coolheaded","Streamline"],"picked":"Undo","floor":0},{"not_picked":["Redo","Cold Snap"],"picked":"Capacitor","floor":1},{"not_picked":["Gash","Loop"],"picked":"Streamline","floor":2},{"not_picked":["Streamline","Compile Driver"],"picked":"Redo","floor":3},{"not_picked":["Streamline","Ball Lightning"],"picked":"BootSequence","floor":4},{"not_picked":["Rip and Tear","Redo"],"picked":"Auto Shields","floor":7},{"not_picked":["Redo","Force Field"],"picked":"Auto Shields","floor":12},{"not_picked":["White Noise","Consume"],"picked":"Lockon","floor":13},{"not_picked":["Skim","Heatsinks+1"],"picked":"Loop+1","floor":14},{"not_picked":["Seek","Amplify"],"picked":"Buffer+1","floor":16},{"not_picked":["Steam","Rip and Tear"],"picked":"BootSequence+1","floor":18},{"not_picked":["Blizzard","Beam Cell"],"picked":"Barrage","floor":20},{"not_picked":["Lockon","Go for the Eyes"],"picked":"Steam","floor":24},{"not_picked":["Go for the Eyes+1","Beam Cell"],"picked":"Glacier+1","floor":27}],"player_experience":115387,"relics_obtained":[{"floor":7,"key":"Tiny Chest"},{"floor":9,"key":"Frozen Egg 2"},{"floor":13,"key":"Bottled Flame"},{"floor":24,"key":"Kunai"},{"floor":26,"key":"Sundial"}],"event_choices":[{"damage_healed":0,"gold_gain":0,"player_choice":"Entered Light","damage_taken":15,"max_hp_gain":0,"max_hp_loss":0,"event_name":"Shining Light","floor":5,"gold_loss":0,"cards_upgraded":["Streamline","Defend_B"]},{"damage_healed":0,"gold_gain":0,"player_choice":"Fled","damage_taken":3,"max_hp_gain":0,"max_hp_loss":0,"event_name":"Scrap Ooze","floor":10,"gold_loss":0},{"damage_healed":0,"gold_gain":0,"player_choice":"Ignored","damage_taken":0,"max_hp_gain":0,"max_hp_loss":0,"event_name":"Beggar","floor":19,"gold_loss":0},{"damage_healed":0,"gold_gain":0,"player_choice":"Inject Mutagens","damage_taken":0,"relics_obtained":["MutagenicStrength"],"max_hp_gain":0,"max_hp_loss":0,"event_name":"Drug Dealer","floor":22,"gold_loss":0},{"damage_healed":0,"gold_gain":200,"player_choice":"Gold","damage_taken":0,"max_hp_gain":0,"max_hp_loss":0,"event_name":"Wheel of Change","floor":25,"gold_loss":0}],"is_beta":false,"boss_relics":[{"not_picked":["Sozu","Lizard Tail"],"picked":"Runic Pyramid"}],"items_purged_floors":[],"is_endless":false,"potions_floor_spawned":[3,4,13,14,16,20,24,27],"killed_by":"Gremlin Leader","ascension_level":0}