{"gold_per_floor":[114,128,53,153,164,164,178,190,190,190,59,59,90,109,109,185,185,141,161,161,174,74,74,20,20,44,44,78,78,104,124,124,124],"floor_reached":33,"playtime":1159,"items_purged":["Strike_G","Strike_G"],"score":720,"play_id":"47caf30e-5640-4e6a-a954-9e93fb62fac2","local_time":"20190822191717","is_ascension_mode":true,"campfire_choices":[{"data":"Flechettes","floor":6.0,"key":"SMITH"},{"data":"Noxious Fumes","floor":10.0,"key":"SMITH"},{"data":"Neutralize","floor":12.0,"key":"SMITH"},{"data":"Tactician","floor":15.0,"key":"SMITH"},{"data":"Catalyst","floor":23.0,"key":"SMITH"},{"data":"Wraith Form v2","floor":25.0,"key":"SMITH"},{"floor":29.0,"key":"RECALL"},{"data":"Backflip","floor":32,"key":"SMITH"}],"neow_cost":"NONE","seed_source_timestamp":0,"circlet_count":0,"master_deck":["AscendersBane","Strike_G","Strike_G","Defend_G","Defend_G","Defend_G","Defend_G","Defend_G","Survivor","Neutralize+1","Flechettes+1","Noxious Fumes+1","Backflip+1","Tactician+1","Catalyst+1","Night Terror+1","Wraith Form v2+1","Prepared+1"],"special_seed":0,"relics":["Ring of the Snake","NeowsBlessing","Kunai","Runic Dome","Orichalcum","Ninja Scroll","The Courier"],"potions_floor_usage":[],"damage_taken":[{"damage":0.0,"enemies":"Jaw Worm","floor":1.0,"turns":1.0},{"damage":0.0,"enemies":"Cultist","floor":2.0,"turns":1.0},{"damage":0.0,"enemies":"2 Louse","floor":5.0,"turns":1.0},{"damage":11.0,"enemies":"Exordium Wildlife","floor":7.0,"turns":5.0},{"damage":12.0,"enemies":"Red Slaver","floor":8.0,"turns":7.0},{"damage":29.0,"enemies":"3 Sentries","floor":13.0,"turns":7.0},{"damage":0.0,"enemies":"Large Slime","floor":14.0,"turns":7.0},{"damage":0.0,"enemies":"Hexaghost","floor":16.0,"turns":8.0},{"damage":10.0,"enemies":"2 Thieves","floor":18.0,"turns":5.0},{"damage":10.0,"enemies":"Shell Parasite","floor":19.0,"turns":6.0},{"damage":10.0,"enemies":"Snake Plant","floor":21.0,"turns":6.0},{"damage":0.0,"enemies":"Gremlin Leader","floor":28.0,"turns":9.0},{"damage":16.0,"enemies":"Slavers","floor":30.0,"turns":6.0},{"damage":2,"enemies":"Centurion and Healer","floor":31,"turns":5},{"damage":6,"enemies":"Champ","floor":33,"turns":1}],"seed_played":"-7328020426339576548","potions_obtained":[{"floor":2.0,"key":"PowerPotion"},{"floor":28.0,"key":"Ancient Potion"}],"is_trial":false,"path_per_floor":["M","M","?","?","M","R","M","M","T","R","$","R","E","M","R","B",null,"M","M","?","M","$","R","$","R","T","?","E","R","E","M","R","B"],"character_chosen":"THE_SILENT","items_purchased":["Fire Potion","SkillPotion"],"campfire_rested":0,"item_purchase_floors":[11,24],"current_hp_per_floor":[59,59,59,59,59,59,48,36,36,36,36,36,7,7,7,7,51,41,31,31,21,21,21,21,21,21,21,21,21,5,3,3,0],"gold":124,"neow_bonus":"THREE_ENEMY_KILL","is_prod":false,"is_daily":false,"chose_seed":false,"campfire_upgraded":7,"win_rate":0,"timestamp":1566469037,"path_taken":["M","M","?","?","?","R","M","M","T","R","$","R","E","M","R","BOSS","M","M","?","M","?","R","$","R","T","?","E","R","E","M","R","BOSS"],"build_version":"2019-07-17","purchased_purges":2,"victory":false,"max_hp_per_floor":[66,66,66,66,66,66,66,66,66,66,66,66,66,66,66,66,66,66,66,66,66,66,66,66,66,66,66,66,66,66,66,66,66],"card_choices":[{"not_picked":["Bane","Dodge and Roll"],"picked":"Flechettes","floor":1.0},{"not_picked":["Predator","Dagger Spray"],"picked":"Noxious Fumes","floor":2.0},{"not_picked":["Bane","Infinite Blades","Dagger Spray"],"picked":"SKIP","floor":5.0},{"not_picked":["Slice","Deflect"],"picked":"Backflip","floor":7.0},{"not_picked":["Outmaneuver","Endless Agony"],"picked":"Tactician","floor":8.0},{"not_picked":["Deflect","Poisoned Stab"],"picked":"Catalyst","floor":13.0},{"not_picked":["Setup","Dagger Spray","Glass Knife"],"picked":"SKIP","floor":14.0},{"not_picked":["Glass Knife","After Image"],"picked":"Night Terror","floor":16.0},{"not_picked":["Bane","Masterful Stab","Leg Sweep+1"],"picked":"SKIP","floor":18.0},{"not_picked":["Poisoned Stab","Quick Slash","Flying Knee"],"picked":"SKIP","floor":19.0},{"not_picked":["Deadly Poison","Bouncing Flask","Wraith Form v2"],"picked":"SKIP","floor":21.0},{"not_picked":["Deadly Poison","Bouncing Flask"],"picked":"Wraith Form v2","floor":21.0},{"not_picked":["Deadly Poison","Eviscerate","Sucker Punch+1"],"picked":"SKIP","floor":28.0},{"not_picked":["Unload","Quick Slash","Prepared+1"],"picked":"SKIP","floor":30.0},{"not_picked":["Unload","Quick Slash"],"picked":"Prepared+1","floor":30.0},{"not_picked":["PiercingWail","Concentrate","All Out Attack"],"picked":"SKIP","floor":31}],"player_experience":969805,"relics_obtained":[{"floor":13.0,"key":"Kunai"},{"floor":26.0,"key":"Orichalcum"},{"floor":28.0,"key":"Ninja Scroll"},{"floor":30.0,"key":"The Courier"}],"event_choices":[{"cards_removed":["Strike_G"],"damage_healed":0.0,"max_hp_gain":0.0,"max_hp_loss":0.0,"gold_gain":0.0,"event_name":"The Cleric","player_choice":"Card Removal","floor":3.0,"gold_loss":75.0,"damage_taken":0.0},{"damage_healed":0.0,"max_hp_gain":0.0,"max_hp_loss":0.0,"gold_gain":100.0,"event_name":"Wheel of Change","player_choice":"Gold","floor":4.0,"gold_loss":0.0,"damage_taken":0.0},{"damage_healed":0.0,"max_hp_gain":0.0,"max_hp_loss":0.0,"gold_gain":0.0,"event_name":"Upgrade Shrine","player_choice":"Upgraded","floor":20.0,"gold_loss":0.0,"damage_taken":0.0,"cards_upgraded":["Night Terror"]}],"is_beta":false,"boss_relics":[{"not_picked":["Tiny House","Sozu"],"picked":"Runic Dome"}],"items_purged_floors":[11,22],"is_endless":false,"potions_floor_spawned":[2,13,14,28],"killed_by":"Champ","ascension_level":20}