{"gold_per_floor":[115,115,115,134,87,87,107,124,124,136,146,165,197,210,210,308,308,321,321,356,323,58,58],"floor_reached":23,"playtime":2410,"items_purged":[],"score":195,"play_id":"d9279490-7cc4-4fff-a93e-6d01490d7599","local_time":"20181226201810","is_ascension_mode":false,"campfire_choices":[{"floor":6,"key":"REST"},{"floor":15,"key":"REST"}],"neow_cost":"NONE","seed_source_timestamp":2340175557638,"circlet_count":0,"master_deck":["Strike_B","Strike_B","Strike_B+1","Strike_B","Defend_B","Defend_B","Defend_B","Defend_B","Zap+1","Dualcast","Seek","Sweeping Beam","Leap","Coolheaded","Chill","Conserve Battery","Barrage","Rebound","Ball Lightning","Beam Cell","Steam","Amplify","Redo","RitualDagger","Steam","Barrage","Good Instincts","Chaos","Self Repair","Rebound"],"relics":["Cracked Core","StoneCalendar","Letter Opener","Inserter","Red Mask"],"potions_floor_usage":[18],"damage_taken":[{"damage":15,"enemies":"Jaw Worm","floor":1,"turns":4},{"damage":2,"enemies":"2 Louse","floor":4,"turns":2},{"damage":0,"enemies":"Cultist","floor":7,"turns":3},{"damage":1,"enemies":"Large Slime","floor":8,"turns":8},{"damage":3,"enemies":"Looter","floor":10,"turns":3},{"damage":11,"enemies":"Exordium Thugs","floor":11,"turns":6},{"damage":5,"enemies":"Blue Slaver","floor":12,"turns":3},{"damage":4,"enemies":"3 Sentries","floor":13,"turns":6},{"damage":10,"enemies":"Lots of Slimes","floor":14,"turns":2},{"damage":29,"enemies":"Slime Boss","floor":16,"turns":7},{"damage":17,"enemies":"Shell Parasite","floor":18,"turns":6},{"damage":41,"enemies":"Masked Bandits","floor":20,"turns":5},{"damage":5,"enemies":"2 Thieves","floor":21,"turns":5},{"damage":9,"enemies":"Gremlin Leader","floor":23,"turns":1}],"seed_played":"7213696601754912489","potions_obtained":[{"floor":1,"key":"AttackPotion"},{"floor":10,"key":"SteroidPotion"},{"floor":12,"key":"EntropicBrew"},{"floor":16,"key":"SpeedPotion"},{"floor":20,"key":"Energy Potion"}],"is_trial":false,"path_per_floor":["M","?","?","M","$","R","M","M","T","M","M","M","E","M","R","B",null,"M","?","?","M","$","E"],"character_chosen":"DEFECT","items_purchased":["Coolheaded","Good Instincts","Chaos","Self Repair","Rebound"],"campfire_rested":2,"item_purchase_floors":[5,22,22,22,22],"current_hp_per_floor":[60,60,45,43,43,65,65,64,64,61,50,45,41,31,53,24,75,58,52,11,6,6,0],"gold":58,"neow_bonus":"ONE_RANDOM_RARE_CARD","is_prod":false,"is_daily":false,"chose_seed":false,"campfire_upgraded":0,"win_rate":0.0,"timestamp":1545884290,"path_taken":["M","?","?","M","$","R","M","?","T","M","?","M","E","M","R","BOSS","M","?","?","M","$","E"],"build_version":"2018-12-20","purchased_purges":0,"victory":false,"max_hp_per_floor":[75,75,75,75,75,75,75,75,75,75,75,75,75,75,75,75,75,75,75,75,75,75,75],"card_choices":[{"not_picked":["Loop","Gash"],"picked":"Sweeping Beam","floor":1},{"not_picked":["Steam Power","Go for the Eyes"],"picked":"Leap","floor":4},{"not_picked":["Genetic Algorithm","Streamline"],"picked":"Chill","floor":7},{"not_picked":["Hologram","Leap"],"picked":"Conserve Battery","floor":8},{"not_picked":["Reboot","Leap"],"picked":"Barrage","floor":10},{"not_picked":["Genetic Algorithm","Conserve Battery"],"picked":"Rebound","floor":11},{"not_picked":["Rebound","Chill"],"picked":"Ball Lightning","floor":12},{"not_picked":["Streamline","Tempest"],"picked":"Beam Cell","floor":13},{"not_picked":["Leap","Streamline"],"picked":"Steam","floor":14},{"not_picked":["Biased Cognition","Fission"],"picked":"Amplify","floor":16},{"not_picked":["Gash+1","Streamline+1"],"picked":"Redo","floor":18},{"not_picked":["Doom and Gloom","Go for the Eyes"],"picked":"Steam","floor":20},{"not_picked":["Hologram","Coolheaded+1"],"picked":"Barrage","floor":21}],"player_experience":19053,"relics_obtained":[{"floor":9,"key":"StoneCalendar"},{"floor":13,"key":"Letter Opener"},{"floor":20,"key":"Red Mask"}],"event_choices":[{"damage_healed":0,"gold_gain":0,"player_choice":"Leave","damage_taken":0,"max_hp_gain":0,"max_hp_loss":0,"event_name":"The Cleric","floor":2,"gold_loss":0},{"damage_healed":0,"gold_gain":0,"player_choice":"Entered Light","damage_taken":15,"max_hp_gain":0,"max_hp_loss":0,"event_name":"Shining Light","floor":3,"gold_loss":0,"cards_upgraded":["Strike_B","Zap"]},{"damage_healed":0,"gold_gain":0,"player_choice":"Joined the Cult","damage_taken":6,"max_hp_gain":0,"max_hp_loss":0,"event_name":"Nest","floor":19,"gold_loss":0,"cards_obtained":["RitualDagger"]},{"damage_healed":0,"gold_gain":0,"player_choice":"Fought Bandits","damage_taken":0,"max_hp_gain":0,"max_hp_loss":0,"event_name":"Masked Bandits","floor":20,"gold_loss":0}],"is_beta":false,"boss_relics":[{"not_picked":["Busted Crown","Sozu"],"picked":"Inserter"}],"items_purged_floors":[],"is_endless":false,"potions_floor_spawned":[1,10,12,16,20,21],"killed_by":"Gremlin Leader","ascension_level":0}