{"gold_per_floor":[119,135,154,43,43,53,83,100,100,145,115,131,131,142,142,237,237,147,147],"floor_reached":19,"playtime":2533,"items_purged":[],"score":169,"play_id":"19b2dfc5-953a-423a-a13d-fb26f55c77ec","local_time":"20190123191613","is_ascension_mode":false,"campfire_choices":[{"floor":13,"key":"REST"},{"floor":15,"key":"REST"}],"neow_cost":"NONE","seed_source_timestamp":143893749256674,"circlet_count":0,"master_deck":["Strike_B","Strike_B","Strike_B","Strike_B","Defend_B","Defend_B","Defend_B","Defend_B","Zap","Dualcast","Leap","Glacier","Conserve Battery","Capacitor","Tempest","Madness","Steam Power","Meteor Strike","Auto Shields","Cold Snap","Go for the Eyes","Self Repair","Coolheaded","Echo Form","Hologram","Biased Cognition","Genetic Algorithm"],"relics":["Cracked Core","Dream Catcher","Lantern","Boot","Orichalcum","Lizard Tail"],"potions_floor_usage":[6,6,7,16],"damage_taken":[{"damage":8,"enemies":"Small Slimes","floor":1,"turns":3},{"damage":0,"enemies":"Cultist","floor":2,"turns":3},{"damage":0,"enemies":"2 Louse","floor":3,"turns":3},{"damage":16,"enemies":"Gremlin Gang","floor":6,"turns":7},{"damage":5,"enemies":"Lagavulin","floor":7,"turns":9},{"damage":13,"enemies":"Large Slime","floor":8,"turns":6},{"damage":0,"enemies":"Looter","floor":11,"turns":4},{"damage":0,"enemies":"Gremlin Gang","floor":12,"turns":5},{"damage":3,"enemies":"Exordium Wildlife","floor":14,"turns":8},{"damage":31,"enemies":"The Guardian","floor":16,"turns":19},{"damage":5,"enemies":"2 Thieves","floor":18,"turns":5},{"damage":118,"enemies":"Spheric Guardian","floor":19,"turns":29}],"seed_played":"2345206454310164638","potions_obtained":[{"floor":1,"key":"Dexterity Potion"},{"floor":2,"key":"Poison Potion"},{"floor":3,"key":"SpeedPotion"},{"floor":14,"key":"Block Potion"}],"is_trial":false,"path_per_floor":["M","M","M","$","?","M","E","M","T","T","M","M","R","M","R","B",null,"M","M"],"character_chosen":"DEFECT","items_purchased":["Capacitor","Tempest"],"campfire_rested":2,"item_purchase_floors":[4,4],"current_hp_per_floor":[67,67,67,67,67,51,46,33,33,33,33,40,62,66,75,51,75,70,0],"gold":147,"neow_bonus":"RANDOM_COMMON_RELIC","is_prod":false,"is_daily":false,"chose_seed":false,"campfire_upgraded":0,"win_rate":0.0,"timestamp":1548299773,"path_taken":["M","M","M","$","?","?","E","M","T","?","M","M","R","M","R","BOSS","M","M"],"build_version":"2019-01-23","purchased_purges":0,"victory":false,"max_hp_per_floor":[75,75,75,75,75,75,75,75,75,75,75,75,75,75,75,75,75,75,75],"card_choices":[{"not_picked":["Stack","Gash"],"picked":"Leap","floor":1},{"not_picked":["Leap","Chaos"],"picked":"Glacier","floor":2},{"not_picked":["Sweeping Beam","Rebound"],"picked":"Conserve Battery","floor":3},{"not_picked":["Turbo","Static Discharge"],"picked":"Auto Shields","floor":6},{"not_picked":["Rip and Tear","Coolheaded"],"picked":"Cold Snap","floor":7},{"not_picked":["White Noise","Storm"],"picked":"Go for the Eyes","floor":8},{"not_picked":["Defragment","Darkness"],"picked":"Self Repair","floor":11},{"not_picked":["Gash","Blizzard"],"picked":"Coolheaded","floor":12},{"not_picked":["Blizzard","Barrage"],"picked":"Echo Form","floor":13},{"not_picked":["Auto Shields","Leap"],"picked":"Hologram","floor":14},{"not_picked":["Multi-Cast","Reboot"],"picked":"Biased Cognition","floor":16},{"not_picked":["Conserve Battery+1","Go for the Eyes"],"picked":"Genetic Algorithm","floor":18}],"player_experience":274569,"relics_obtained":[{"floor":7,"key":"Lantern"},{"floor":9,"key":"Boot"},{"floor":10,"key":"Orichalcum"}],"event_choices":[{"damage_healed":0,"gold_gain":0,"player_choice":"3 cards matched","damage_taken":0,"max_hp_gain":0,"max_hp_loss":0,"event_name":"Match and Keep!","floor":5,"gold_loss":0,"cards_obtained":["Madness","Steam Power","Meteor Strike"]}],"is_beta":false,"boss_relics":[{"not_picked":["White Beast Statue","Calling Bell"],"picked":"Lizard Tail"}],"items_purged_floors":[],"is_endless":false,"potions_floor_spawned":[1,2,3,14],"killed_by":"Spheric Guardian","ascension_level":0}