{"path_per_floor":["M","M","?","?","M","E","R","E","T","M","$","E","$","M","R","B",null,"M","?","M","$","M","R","$","E","T","M","R","?","R","M","R","B",null,"M","?","M","M","$","R","E","T","T","$","E","M","M","?","R","B"],"character_chosen":"DEFECT","items_purchased":["Defragment","Go for the Eyes","Coolheaded","FocusPotion","Anchor","Blizzard"],"gold_per_floor":[113,123,123,123,141,169,169,203,257,267,192,227,2,12,12,111,111,123,123,134,84,97,97,19,54,54,69,69,69,69,80,80,184,184,202,202,213,230,8,8,35,35,58,58,85,102,120,120,120,120],"floor_reached":51,"campfire_rested":1,"playtime":3135,"item_purchase_floors":[],"current_hp_per_floor":[67,67,72,69,69,36,36,32,32,23,23,13,13,13,13,13,63,63,55,55,55,41,41,41,29,29,29,29,29,29,29,29,54,74,70,70,70,70,70,70,59,59,59,59,59,59,57,57,57,57],"items_purged":["Strike_B","Strike_B"],"gold":120,"score":1348,"play_id":"8638e9aa-75eb-4fa8-a0d7-7e2bd3229228","local_time":"20180610113706","is_prod":false,"is_daily":false,"chose_seed":false,"is_ascension_mode":true,"campfire_upgraded":7,"win_rate":0,"timestamp":1528623426,"campfire_choices":[{"data":"Zap","floor":7.0,"key":"SMITH"},{"data":"Defragment","floor":15.0,"key":"SMITH"},{"data":"Seek","floor":23.0,"key":"SMITH"},{"data":"Blizzard","floor":28.0,"key":"SMITH"},{"data":"Reboot","floor":30.0,"key":"SMITH"},{"data":"Go for the Eyes","floor":32.0,"key":"SMITH"},{"data":"Blizzard","floor":40,"key":"SMITH"},{"floor":49,"key":"REST"}],"path_taken":["M","M","?","?","?","E","R","E","T","M","?","E","$","M","R","BOSS","M","?","M","$","M","R","$","E","T","M","R","?","R","?","R","BOSS","M","?","M","M","?","R","E","?","T","$","E","M","M","?","R","BOSS"],"build_version":"2018-06-07v3","seed_source_timestamp":44338175204708,"purchased_purges":2,"victory":true,"master_deck":["Defend_B+1","Defend_B+1","Defend_B+1","Zap+1","Dualcast+1","Reboot+1","Turbo+1","Genetic Algorithm+1","Cold Snap+1","Glacier+1","Cold Snap+1","Chill+1","Defragment+1","Go for the Eyes+1","Seek+1","Barrage+1","Creative AI+1","FTL+1","Coolheaded+1","Coolheaded+1","Blizzard+1","Machine Learning+1","Compile Driver+1","Blizzard+1"],"max_hp_per_floor":[75,75,80,80,80,80,80,80,80,80,80,80,80,80,80,80,80,80,80,80,80,80,80,80,80,80,80,80,80,80,80,80,80,80,80,80,80,80,80,80,80,80,80,80,80,80,80,80,80,80],"relics":["Cracked Core","Oddly Smooth Stone","Ancient Tea Set","Symbiotic Virus","Tiny Chest","Omamori","Astrolabe","Bottled Lightning","Shuriken","Pantograph","Inserter","Anchor","Pen Nib","Orichalcum","DataDisk","Du-Vu Doll","Mark of the Bloom"],"card_choices":[{"not_picked":["Darkness","Auto Shields"],"picked":"Turbo","floor":1.0},{"not_picked":["Leap","Doom and Gloom"],"picked":"Genetic Algorithm","floor":2.0},{"not_picked":["Heatsinks","Ball Lightning"],"picked":"Cold Snap","floor":5.0},{"not_picked":["Coolheaded","Storm"],"picked":"Glacier","floor":6.0},{"not_picked":["Beam Cell","Aggregate","Hyperbeam"],"picked":"SKIP","floor":8.0},{"not_picked":["Turbo","Rebound"],"picked":"Cold Snap","floor":10.0},{"not_picked":["Scrape","Leap"],"picked":"Chill","floor":12.0},{"not_picked":["Leap","Beam Cell","Streamline"],"picked":"SKIP","floor":14.0},{"not_picked":["Thunder Strike","Electrodynamics"],"picked":"Seek","floor":16.0},{"not_picked":["Hologram+1","Static Discharge","Recycle"],"picked":"SKIP","floor":18.0},{"not_picked":["Streamline","Hologram","Double Energy+1"],"picked":"SKIP","floor":20.0},{"not_picked":["Stack","Steam","Auto Shields"],"picked":"SKIP","floor":22.0},{"not_picked":["Leap","Sunder+1"],"picked":"Coolheaded","floor":25.0},{"not_picked":["Echo Form","Coolheaded"],"picked":"Blizzard","floor":27.0},{"not_picked":["Reprogram","Cold Snap","Self Repair+1"],"picked":"SKIP","floor":31.0},{"not_picked":["Hyperbeam","Creative AI"],"picked":"Machine Learning","floor":33},{"not_picked":["Double Energy","Rebound+1"],"picked":"Compile Driver+1","floor":35},{"not_picked":["Heatsinks","Hologram","Aggregate+1"],"picked":"SKIP","floor":37},{"not_picked":["Heatsinks","Hologram","Aggregate+1"],"picked":"SKIP","floor":37},{"not_picked":["Reprogram+1","Darkness","Self Repair"],"picked":"SKIP","floor":38},{"not_picked":["Sunder+1","Tempest","Chill"],"picked":"SKIP","floor":41},{"not_picked":["Storm+1","Reprogram+1","Sunder+1"],"picked":"SKIP","floor":45},{"not_picked":["Ball Lightning+1","Hologram","Stack+1"],"picked":"SKIP","floor":46},{"not_picked":["Beam Cell+1","Conserve Battery","Rebound"],"picked":"SKIP","floor":47}],"player_experience":840662,"potions_floor_usage":[33,50,50,50],"damage_taken":[{"damage":1.0,"enemies":"Cultist","floor":1.0,"turns":3.0},{"damage":0.0,"enemies":"Small Slimes","floor":2.0,"turns":3.0},{"damage":0.0,"enemies":"Jaw Worm","floor":5.0,"turns":3.0},{"damage":33.0,"enemies":"Lagavulin","floor":6.0,"turns":9.0},{"damage":4.0,"enemies":"3 Sentries","floor":8.0,"turns":11.0},{"damage":9.0,"enemies":"Exordium Thugs","floor":10.0,"turns":5.0},{"damage":10.0,"enemies":"Gremlin Nob","floor":12.0,"turns":4.0},{"damage":0.0,"enemies":"Looter","floor":14.0,"turns":3.0},{"damage":0.0,"enemies":"Slime Boss","floor":16.0,"turns":15.0},{"damage":0.0,"enemies":"3 Byrds","floor":18.0,"turns":4.0},{"damage":0.0,"enemies":"Spheric Guardian","floor":20.0,"turns":6.0},{"damage":14.0,"enemies":"Cultist and Chosen","floor":22.0,"turns":7.0},{"damage":12.0,"enemies":"Gremlin Leader","floor":25.0,"turns":10.0},{"damage":0.0,"enemies":"Centurion and Healer","floor":27.0,"turns":7.0},{"damage":0.0,"enemies":"Snake Plant","floor":31.0,"turns":4.0},{"damage":0,"enemies":"Automaton","floor":33,"turns":11},{"damage":4,"enemies":"Orb Walker","floor":35,"turns":4},{"damage":0,"enemies":"3 Darklings","floor":37,"turns":5},{"damage":0,"enemies":"Maw","floor":38,"turns":7},{"damage":11,"enemies":"Nemesis","floor":41,"turns":11},{"damage":0,"enemies":"Giant Head","floor":45,"turns":10},{"damage":0,"enemies":"Sphere and 2 Shapes","floor":46,"turns":4},{"damage":2,"enemies":"4 Shapes","floor":47,"turns":3},{"damage":0,"enemies":"Awakened One","floor":50,"turns":11}],"relics_obtained":[{"floor":6.0,"key":"Ancient Tea Set"},{"floor":8.0,"key":"Symbiotic Virus"},{"floor":9.0,"key":"Tiny Chest"},{"floor":12.0,"key":"Omamori"},{"floor":25.0,"key":"Bottled Lightning"},{"floor":26.0,"key":"Shuriken"},{"floor":41,"key":"Pen Nib"},{"floor":42,"key":"Orichalcum"},{"floor":43,"key":"DataDisk"},{"floor":45,"key":"Du-Vu Doll"}],"event_choices":[{"event_name":"Big Fish","player_choice":"Donut","floor":3.0,"damage_taken":0.0},{"event_name":"Scrap Ooze","player_choice":"success","floor":4.0,"damage_taken":3.0},{"event_name":"Knowing Skull","player_choice":"","floor":19.0,"damage_taken":0.0},{"event_name":"The Mausoleum","player_choice":"Yes","floor":29.0,"damage_taken":0.0},{"event_name":"The Lab","player_choice":"Got Potions","floor":36,"damage_taken":0},{"event_name":"MindBloom","player_choice":"Upgrade","floor":48,"damage_taken":0}],"boss_relics":[{"not_picked":["Tiny House","White Beast Statue"],"picked":"Astrolabe"},{"not_picked":["Lizard Tail","Nuclear Battery"],"picked":"Inserter"}],"items_purged_floors":[],"potions_floor_spawned":[1,2,8,12,20,27,31,33,41,46,47],"seed_played":"8549055889391935622","ascension_level":8,"potions_obtained":[{"floor":1.0,"key":"Block Potion"},{"floor":2.0,"key":"Ancient Potion"},{"floor":8.0,"key":"GamblersBrew"},{"floor":12.0,"key":"Block Potion"},{"floor":20.0,"key":"FearPotion"},{"floor":27.0,"key":"Weak Potion"},{"floor":31.0,"key":"SkillPotion"},{"floor":33,"key":"Strength Potion"},{"floor":36,"key":"EssenceOfSteel"},{"floor":46,"key":"EssenceOfSteel"}],"is_trial":false}