{"gold_per_floor":[363,363,122,122,143,143,181,181,181,181,214,214,228,228,228,324,324,337,337,252,271,18,18,54,75,75,88,111,161,181,206,206,305,305,323,218,238,261,286,321,321,387,457,457,473,473,473],"floor_reached":47,"playtime":2210,"items_purged":["Writhe","Bash","Uppercut"],"score":1091,"play_id":"835d6123-7758-4793-9630-2eee6dd42a50","local_time":"20190916165714","is_ascension_mode":true,"campfire_choices":[{"data":"Armaments","floor":6.0,"key":"SMITH"},{"data":"Carnage","floor":8.0,"key":"SMITH"},{"floor":10.0,"key":"REST"},{"data":"Barricade","floor":12.0,"key":"SMITH"},{"floor":15.0,"key":"REST"},{"data":"Power Through","floor":23.0,"key":"SMITH"},{"data":"Entrench","floor":32.0,"key":"SMITH"},{"data":"True Grit","floor":41.0,"key":"SMITH"},{"floor":46.0,"key":"REST"}],"neow_cost":"CURSE","seed_source_timestamp":513047736037474,"circlet_count":0,"master_deck":["AscendersBane","Power Through+1","Barricade+1","Armaments+1","Seeing Red","Carnage+1","Second Wind","Shrug It Off","Dark Embrace+1","Corruption+1","Disarm","Evolve+1","Entrench+1","Juggernaut+1","Reckless Charge","Berserk+1","Fire Breathing+1","Bludgeon","True Grit+1","Rampage+1","Body Slam+1"],"special_seed":0,"relics":["Burning Blood","Golden Idol","Orrery","Frozen Egg 2","HornCleat","Omamori","Empty Cage","TungstenRod","Membership Card","Kunai","PreservedInsect","Pandora\u0027s Box","CloakClasp","Du-Vu Doll","The Courier"],"potions_floor_usage":[47],"damage_taken":[{"damage":26.0,"enemies":"Jaw Worm","floor":1.0,"turns":5.0},{"damage":4.0,"enemies":"Small Slimes","floor":5.0,"turns":3.0},{"damage":45.0,"enemies":"Gremlin Nob","floor":7.0,"turns":6.0},{"damage":7.0,"enemies":"Lagavulin","floor":11.0,"turns":8.0},{"damage":4.0,"enemies":"Cultist","floor":13.0,"turns":6.0},{"damage":20.0,"enemies":"The Guardian","floor":16.0,"turns":14.0},{"damage":12.0,"enemies":"Shell Parasite","floor":18.0,"turns":9.0},{"damage":3.0,"enemies":"3 Byrds","floor":21.0,"turns":11.0},{"damage":12.0,"enemies":"Book of Stabbing","floor":24.0,"turns":11.0},{"damage":16.0,"enemies":"Snake Plant","floor":25.0,"turns":7.0},{"damage":0.0,"enemies":"Sentry and Sphere","floor":27.0,"turns":12.0},{"damage":22.0,"enemies":"Chosen and Byrds","floor":30.0,"turns":10.0},{"damage":13.0,"enemies":"Centurion and Healer","floor":31.0,"turns":17.0},{"damage":0.0,"enemies":"Collector","floor":33.0,"turns":21.0},{"damage":13.0,"enemies":"Orb Walker","floor":35.0,"turns":4.0},{"damage":0.0,"enemies":"3 Darklings","floor":37.0,"turns":3.0},{"damage":0.0,"enemies":"Maw","floor":38.0,"turns":8.0},{"damage":27.0,"enemies":"Jaw Worm Horde","floor":39.0,"turns":5.0},{"damage":12.0,"enemies":"Giant Head","floor":40.0,"turns":10.0},{"damage":19.0,"enemies":"2 Orb Walkers","floor":42.0,"turns":3.0},{"damage":15.0,"enemies":"Transient","floor":45.0,"turns":6.0},{"damage":57,"enemies":"Reptomancer","floor":47,"turns":3}],"seed_played":"-4483161442579514124","potions_obtained":[{"floor":11.0,"key":"Dexterity Potion"},{"floor":16.0,"key":"Energy Potion"},{"floor":24.0,"key":"PowerPotion"},{"floor":25.0,"key":"Fire Potion"},{"floor":31.0,"key":"Swift Potion"},{"floor":42.0,"key":"Swift Potion"},{"floor":45.0,"key":"Weak Potion"}],"is_trial":false,"path_per_floor":["M","?","$","?","M","R","E","R","T","R","E","R","M","?","R","B",null,"M","?","?","M","$","R","E","M","T","M","T","?","M","M","R","B",null,"M","$","M","M","M","E","R","?","T","?","M","R","E"],"character_chosen":"IRONCLAD","items_purchased":["Orrery","Evolve+1","Membership Card","Ancient Potion"],"campfire_rested":3,"item_purchase_floors":[3,22,22,36],"current_hp_per_floor":[48,48,48,48,50,50,11,11,11,31,30,30,32,12,32,18,56,50,50,50,53,53,53,47,37,37,43,43,43,27,20,20,26,58,51,51,57,63,42,36,36,23,23,37,28,48,0],"gold":473,"neow_bonus":"TWO_FIFTY_GOLD","is_prod":false,"is_daily":false,"chose_seed":false,"campfire_upgraded":6,"win_rate":0,"timestamp":1568624234,"path_taken":["M","?","$","?","M","R","E","R","T","R","E","R","?","?","R","BOSS","M","?","?","M","$","R","E","?","T","M","?","?","M","M","R","BOSS","M","$","M","M","M","E","R","?","T","?","M","R","E"],"build_version":"2019-09-12","purchased_purges":3,"victory":false,"max_hp_per_floor":[75,68,68,68,68,68,68,68,68,68,68,68,68,68,68,68,68,68,68,68,68,68,68,68,68,68,68,68,68,68,68,68,68,68,68,68,68,68,68,68,68,68,68,68,68,68,68],"card_choices":[{"not_picked":["Pommel Strike","Armaments"],"picked":"Power Through","floor":1.0},{"not_picked":["Clash","Iron Wave"],"picked":"Barricade","floor":3.0},{"not_picked":["Sentinel","Clash"],"picked":"Armaments","floor":3.0},{"not_picked":["Iron Wave","Anger"],"picked":"Seeing Red","floor":3.0},{"not_picked":["Perfected Strike","Twin Strike"],"picked":"Carnage","floor":3.0},{"not_picked":["Power Through","Evolve"],"picked":"Second Wind","floor":5.0},{"not_picked":["Sword Boomerang","Combust"],"picked":"Shrug It Off","floor":7.0},{"not_picked":["Iron Wave","Second Wind","Limit Break"],"picked":"SKIP","floor":11.0},{"not_picked":["Warcry","Havoc","Corruption+1"],"picked":"SKIP","floor":13.0},{"not_picked":["Impervious","Berserk+1"],"picked":"Dark Embrace+1","floor":16.0},{"not_picked":["Warcry","Clash+1"],"picked":"Corruption+1","floor":18.0},{"not_picked":["Rage","Rampage+1"],"picked":"Disarm","floor":21.0},{"not_picked":["Warcry","Whirlwind","Havoc"],"picked":"SKIP","floor":24.0},{"not_picked":["Second Wind","Heavy Blade"],"picked":"Entrench","floor":25.0},{"not_picked":["Flex+1","Clothesline","Spot Weakness"],"picked":"SKIP","floor":27.0},{"not_picked":["Perfected Strike","Reckless Charge"],"picked":"Juggernaut+1","floor":30.0},{"not_picked":["Perfected Strike","Iron Wave","Heavy Blade"],"picked":"SKIP","floor":31.0},{"not_picked":["Wild Strike","Anger"],"picked":"True Grit","floor":35.0},{"not_picked":["Entrench+1","Wild Strike","Headbutt"],"picked":"SKIP","floor":37.0},{"not_picked":["Bludgeon","Pommel Strike","Whirlwind"],"picked":"SKIP","floor":38.0},{"not_picked":["Sword Boomerang","Headbutt","Clothesline+1"],"picked":"SKIP","floor":39.0},{"not_picked":["Intimidate+1","Sword Boomerang"],"picked":"Rampage+1","floor":40.0},{"not_picked":["Shockwave","Pommel Strike"],"picked":"Body Slam+1","floor":45.0}],"player_experience":798520,"relics_obtained":[{"floor":7.0,"key":"Frozen Egg 2"},{"floor":9.0,"key":"HornCleat"},{"floor":11.0,"key":"Omamori"},{"floor":24.0,"key":"Kunai"},{"floor":26.0,"key":"PreservedInsect"},{"floor":40.0,"key":"CloakClasp"},{"floor":42.0,"key":"Du-Vu Doll"},{"floor":43.0,"key":"The Courier"}],"event_choices":[{"damage_healed":0.0,"max_hp_gain":0.0,"max_hp_loss":7.0,"gold_gain":0.0,"event_name":"Golden Idol","player_choice":"Lose Max HP","floor":2.0,"gold_loss":0.0,"damage_taken":0.0,"relics_obtained":["Golden Idol"]},{"cards_removed":["Strike_R"],"damage_healed":0.0,"max_hp_gain":0.0,"max_hp_loss":0.0,"gold_gain":0.0,"event_name":"Purifier","player_choice":"Purged","floor":4.0,"gold_loss":0.0,"damage_taken":0.0},{"damage_healed":0.0,"max_hp_gain":0.0,"max_hp_loss":0.0,"gold_gain":0.0,"event_name":"Shining Light","player_choice":"Entered Light","floor":14.0,"gold_loss":0.0,"damage_taken":20.0,"cards_upgraded":["Strike_R","Defend_R"]},{"cards_removed":["Strike_R"],"damage_healed":0.0,"max_hp_gain":0.0,"max_hp_loss":0.0,"gold_gain":0.0,"event_name":"Back to Basics","player_choice":"Elegance","floor":19.0,"gold_loss":0.0,"damage_taken":0.0},{"damage_healed":0.0,"max_hp_gain":0.0,"max_hp_loss":0.0,"gold_gain":0.0,"event_name":"Addict","player_choice":"Obtained Relic","floor":20.0,"gold_loss":85.0,"damage_taken":0.0,"relics_obtained":["TungstenRod"]},{"damage_healed":0.0,"max_hp_gain":0.0,"max_hp_loss":0.0,"gold_gain":50.0,"event_name":"Nest","player_choice":"Stole From Cult","floor":29.0,"gold_loss":0.0,"damage_taken":0.0},{"damage_healed":0.0,"max_hp_gain":0.0,"max_hp_loss":0.0,"gold_gain":0.0,"event_name":"Mysterious Sphere","player_choice":"Fight","floor":42.0,"gold_loss":0.0,"damage_taken":0.0},{"damage_healed":14.0,"max_hp_gain":0.0,"max_hp_loss":0.0,"gold_gain":0.0,"event_name":"Winding Halls","player_choice":"Writhe","floor":44.0,"gold_loss":0.0,"damage_taken":0.0,"cards_obtained":["Writhe"]}],"is_beta":true,"boss_relics":[{"not_picked":["Snecko Eye","Fusion Hammer"],"picked":"Empty Cage"},{"not_picked":["SlaversCollar","Black Star"],"picked":"Pandora\u0027s Box"}],"items_purged_floors":[3,22,36],"is_endless":false,"potions_floor_spawned":[11,16,24,25,31,42,45],"killed_by":"Reptomancer","ascension_level":20}