{"gold_per_floor":[118,132,152,18,18,50,50,88,88,88,88,123,123,123,123,214,214,227,246,45,45,66,107,121,121],"floor_reached":25,"playtime":719,"items_purged":["Strike_G"],"score":578,"play_id":"91cd0a01-2828-43d2-b167-cbff6a8c8c97","local_time":"20190810120016","is_ascension_mode":true,"campfire_choices":[{"data":"Well Laid Plans","floor":13.0,"key":"SMITH"},{"data":"Blade Dance","floor":15.0,"key":"SMITH"}],"neow_cost":"NONE","seed_source_timestamp":343571374551317,"circlet_count":0,"master_deck":["AscendersBane","Defend_G+1","Defend_G","Defend_G","Defend_G","Survivor","Neutralize+1","Predator+1","Accuracy+1","Glass Knife+1","Footwork","Well Laid Plans+1","Blade Dance+1","Accuracy","Reflex","Flechettes","After Image","Escape Plan","Tactician+1","Purity"],"special_seed":0,"relics":["Astrolabe","Bag of Preparation","Golden Idol","Shuriken","PreservedInsect","Ancient Tea Set","Black Star","Meat on the Bone","Snake Skull"],"potions_floor_usage":[25],"damage_taken":[{"damage":2.0,"enemies":"Jaw Worm","floor":1.0,"turns":3.0},{"damage":0.0,"enemies":"Small Slimes","floor":2.0,"turns":2.0},{"damage":0.0,"enemies":"Cultist","floor":3.0,"turns":2.0},{"damage":4.0,"enemies":"Lagavulin","floor":6.0,"turns":6.0},{"damage":11.0,"enemies":"Gremlin Nob","floor":8.0,"turns":3.0},{"damage":1.0,"enemies":"Lagavulin","floor":12.0,"turns":6.0},{"damage":0.0,"enemies":"Slime Boss","floor":16.0,"turns":6.0},{"damage":18.0,"enemies":"Shell Parasite","floor":18.0,"turns":5.0},{"damage":10.0,"enemies":"2 Thieves","floor":19.0,"turns":5.0},{"damage":3.0,"enemies":"Snake Plant","floor":22.0,"turns":7.0},{"damage":29.0,"enemies":"Slavers","floor":23.0,"turns":6.0},{"damage":0.0,"enemies":"Centurion and Healer","floor":24.0,"turns":4.0},{"damage":13,"enemies":"Book of Stabbing","floor":25,"turns":4}],"seed_played":"-6693415663418695850","potions_obtained":[{"floor":1.0,"key":"GhostInAJar"},{"floor":6.0,"key":"Swift Potion"},{"floor":8.0,"key":"Weak Potion"},{"floor":16.0,"key":"PowerPotion"},{"floor":18.0,"key":"EssenceOfSteel"},{"floor":22.0,"key":"Regen Potion"},{"floor":23.0,"key":"Explosive Potion"},{"floor":24.0,"key":"Weak Potion"}],"is_trial":false,"path_per_floor":["M","M","M","$","?","E","?","E","T","$","?","E","R","?","R","B",null,"M","M","$","?","M","E","M","E"],"character_chosen":"THE_SILENT","items_purchased":["Blade Dance","Tactician","SteroidPotion","Purity"],"campfire_rested":0,"item_purchase_floors":[4,20,20,20],"current_hp_per_floor":[57,57,57,57,57,53,53,42,42,42,24,23,23,23,23,23,51,33,23,23,23,20,6,18,5],"gold":121,"neow_bonus":"BOSS_RELIC","is_prod":false,"is_daily":false,"chose_seed":false,"campfire_upgraded":2,"win_rate":0,"timestamp":1565406016,"path_taken":["M","M","M","$","?","E","?","E","T","?","?","E","R","?","R","BOSS","M","?","$","?","M","E","M","E"],"build_version":"2019-07-17","purchased_purges":1,"victory":false,"max_hp_per_floor":[66,66,66,66,66,66,60,60,60,60,60,60,60,60,60,60,60,60,60,60,60,60,60,60,60],"card_choices":[{"not_picked":["Expertise","Blade Dance"],"picked":"Footwork","floor":1.0},{"not_picked":["Quick Slash","Bane","Crippling Poison"],"picked":"SKIP","floor":2.0},{"not_picked":["PiercingWail","Sucker Punch"],"picked":"Well Laid Plans","floor":3.0},{"not_picked":["Riddle With Holes","Deflect"],"picked":"Reflex","floor":6.0},{"not_picked":["Malaise","Slice"],"picked":"Flechettes","floor":8.0},{"not_picked":["Deflect","Slice","Flying Knee"],"picked":"SKIP","floor":12.0},{"not_picked":["Die Die Die","A Thousand Cuts"],"picked":"After Image","floor":16.0},{"not_picked":["Flechettes+1","Outmaneuver+1","Caltrops"],"picked":"SKIP","floor":18.0},{"not_picked":["Dagger Spray","Quick Slash"],"picked":"Escape Plan","floor":19.0},{"not_picked":["Choke","Masterful Stab","Footwork"],"picked":"SKIP","floor":22.0},{"not_picked":["Choke","Masterful Stab","Footwork"],"picked":"SKIP","floor":22.0},{"not_picked":["Choke","Masterful Stab","Footwork"],"picked":"SKIP","floor":22.0},{"not_picked":["Corpse Explosion","Flechettes+1","Quick Slash+1"],"picked":"SKIP","floor":23.0},{"not_picked":["Corpse Explosion","Flechettes+1","Quick Slash+1"],"picked":"SKIP","floor":23.0},{"not_picked":["Masterful Stab+1","Bane","Catalyst+1"],"picked":"SKIP","floor":24.0}],"player_experience":842913,"relics_obtained":[{"floor":6.0,"key":"Bag of Preparation"},{"floor":8.0,"key":"Shuriken"},{"floor":9.0,"key":"PreservedInsect"},{"floor":12.0,"key":"Ancient Tea Set"},{"floor":23.0,"key":"Meat on the Bone"},{"floor":23.0,"key":"Snake Skull"}],"event_choices":[{"damage_healed":0.0,"max_hp_gain":0.0,"max_hp_loss":0.0,"gold_gain":0.0,"cards_transformed":["Strike_G"],"event_name":"Living Wall","player_choice":"Change","floor":5.0,"gold_loss":0.0,"damage_taken":0.0,"cards_obtained":["Accuracy"]},{"damage_healed":0.0,"max_hp_gain":0.0,"max_hp_loss":6.0,"gold_gain":0.0,"event_name":"Golden Idol","player_choice":"Lose Max HP","floor":7.0,"gold_loss":0.0,"damage_taken":0.0,"relics_obtained":["Golden Idol"]},{"damage_healed":0.0,"max_hp_gain":0.0,"max_hp_loss":0.0,"gold_gain":0.0,"event_name":"Shining Light","player_choice":"Entered Light","floor":11.0,"gold_loss":0.0,"damage_taken":18.0,"cards_upgraded":["Neutralize","Defend_G"]},{"cards_removed":["Defend_G"],"damage_healed":0.0,"max_hp_gain":0.0,"max_hp_loss":0.0,"gold_gain":0.0,"event_name":"Bonfire Elementals","player_choice":"Offered Basic","floor":14.0,"gold_loss":0.0,"damage_taken":0.0},{"damage_healed":0.0,"max_hp_gain":0.0,"max_hp_loss":0.0,"gold_gain":0.0,"event_name":"Upgrade Shrine","player_choice":"Upgraded","floor":21.0,"gold_loss":0.0,"damage_taken":0.0,"cards_upgraded":["Tactician"]}],"is_beta":false,"boss_relics":[{"not_picked":["Busted Crown","Empty Cage"],"picked":"Black Star"}],"items_purged_floors":[4],"is_endless":false,"potions_floor_spawned":[1,6,8,16,18,22,23,24],"killed_by":"Book of Stabbing","ascension_level":20}