{"gold_per_floor":[113,113,113,133,58,119,19,19,43,56,76,105,121,146,146,218,218,236,236,236,236,71,71,98,98,98,128,139,165,180,180],"floor_reached":31,"playtime":1185,"items_purged":["Streamline","Ball Lightning+1"],"score":802,"play_id":"1ab6fd94-1b9a-4851-8626-9af31774b4c9","local_time":"20190408140255","daily_mods":["SealedDeck"],"is_ascension_mode":true,"campfire_choices":[{"data":"Coolheaded","floor":8.0,"key":"SMITH"},{"data":"Hologram","floor":15.0,"key":"SMITH"},{"data":"Coolheaded","floor":23.0,"key":"SMITH"},{"data":"Beam Cell","floor":25.0,"key":"SMITH"}],"neow_cost":"","seed_source_timestamp":0,"circlet_count":0,"master_deck":["AscendersBane","Gash","Coolheaded+1","Turbo+1","Gash+1","Beam Cell+1","Coolheaded+1","Hologram+1","Core Surge","Loop+1","Go for the Eyes+1","Undo+1","Steam","Recycle"],"special_seed":0,"relics":["Cracked Core","Tiny Chest","Pear","Whetstone","Astrolabe","Gremlin Horn","Oddly Smooth Stone","Kunai","Molten Egg 2","Blood Vial","Bottled Tornado"],"potions_floor_usage":[29],"damage_taken":[{"damage":7.0,"enemies":"Jaw Worm","floor":1.0,"turns":2.0},{"damage":0.0,"enemies":"Small Slimes","floor":4.0,"turns":2.0},{"damage":0.0,"enemies":"Gremlin Nob","floor":6.0,"turns":3.0},{"damage":2.0,"enemies":"2 Louse","floor":10.0,"turns":2.0},{"damage":0.0,"enemies":"Looter","floor":11.0,"turns":2.0},{"damage":7.0,"enemies":"3 Sentries","floor":12.0,"turns":6.0},{"damage":1.0,"enemies":"2 Fungi Beasts","floor":13.0,"turns":2.0},{"damage":0.0,"enemies":"Hexaghost","floor":16.0,"turns":4.0},{"damage":0.0,"enemies":"Shell Parasite","floor":18.0,"turns":6.0},{"damage":12.0,"enemies":"Book of Stabbing","floor":24.0,"turns":5.0},{"damage":14,"enemies":"Slavers","floor":27,"turns":6},{"damage":0,"enemies":"Chosen","floor":28,"turns":3},{"damage":17,"enemies":"Gremlin Leader","floor":29,"turns":7},{"damage":15,"enemies":"Snake Plant","floor":30,"turns":3}],"seed_played":"4849314871914701206","potions_obtained":[{"floor":1.0,"key":"Fire Potion"},{"floor":4.0,"key":"SkillPotion"},{"floor":10.0,"key":"Swift Potion"},{"floor":13.0,"key":"FocusPotion"},{"floor":28,"key":"Weak Potion"},{"floor":30,"key":"Energy Potion"}],"is_trial":true,"path_per_floor":["M","?","?","M","$","E","$","R","T","M","M","E","M","T","R","B",null,"M","?","?","T","$","R","E","R","T","E","M","E","M","?"],"character_chosen":"DEFECT","items_purchased":["Oddly Smooth Stone"],"campfire_rested":0,"item_purchase_floors":[22],"current_hp_per_floor":[57,57,36,36,36,36,36,36,36,34,34,37,36,36,36,36,70,70,70,70,70,70,70,58,58,58,44,46,31,18,0],"gold":180,"neow_bonus":"","is_prod":false,"is_daily":false,"chose_seed":false,"campfire_upgraded":4,"win_rate":0,"timestamp":1554703375,"path_taken":["M","?","?","M","?","E","$","R","T","?","M","E","M","?","R","BOSS","M","?","?","?","$","R","E","R","T","E","M","E","M","?"],"build_version":"2019-04-04","purchased_purges":2,"victory":false,"max_hp_per_floor":[71,71,71,71,71,71,71,71,71,71,71,81,81,81,81,81,81,81,81,81,81,81,81,81,81,81,81,81,81,81,86],"card_choices":[{"not_picked":["Chaos","Barrage"],"picked":"Leap","floor":1.0},{"not_picked":["Turbo","Static Discharge","Fusion"],"picked":"SKIP","floor":4.0},{"not_picked":["Ball Lightning","Force Field","Amplify"],"picked":"SKIP","floor":6.0},{"not_picked":["Ball Lightning","Force Field","Amplify"],"picked":"SKIP","floor":6.0},{"not_picked":["Turbo","Doom and Gloom"],"picked":"Coolheaded","floor":10.0},{"not_picked":["Darkness","Ball Lightning","Coolheaded"],"picked":"SKIP","floor":11.0},{"not_picked":["Consume","Cold Snap","Storm"],"picked":"SKIP","floor":12.0},{"not_picked":["Stack","Aggregate"],"picked":"Hologram","floor":13.0},{"not_picked":["Amplify","Machine Learning"],"picked":"Core Surge","floor":16.0},{"not_picked":["Compile Driver","Coolheaded","Redo"],"picked":"SKIP","floor":18.0},{"not_picked":["Conserve Battery","Redo"],"picked":"Steam","floor":24.0},{"not_picked":["Compile Driver+1","Fusion"],"picked":"Recycle","floor":27},{"not_picked":["Fusion","Stack","Conserve Battery"],"picked":"SKIP","floor":28},{"not_picked":["Conserve Battery","Darkness","Storm"],"picked":"SKIP","floor":29},{"not_picked":["Rebound+1","Turbo","Doom and Gloom+1"],"picked":"SKIP","floor":30}],"player_experience":3023249,"relics_obtained":[{"floor":6.0,"key":"Tiny Chest"},{"floor":12.0,"key":"Pear"},{"floor":14.0,"key":"Whetstone"},{"floor":21.0,"key":"Gremlin Horn"},{"floor":24.0,"key":"Kunai"},{"floor":26.0,"key":"Molten Egg 2"},{"floor":27,"key":"Blood Vial"},{"floor":29,"key":"Bottled Tornado"}],"event_choices":[{"damage_healed":0.0,"max_hp_gain":0.0,"max_hp_loss":0.0,"gold_gain":0.0,"event_name":"Living Wall","player_choice":"Grow","floor":2.0,"gold_loss":0.0,"damage_taken":0.0,"cards_upgraded":["Turbo"]},{"damage_healed":0.0,"max_hp_gain":0.0,"max_hp_loss":0.0,"gold_gain":0.0,"event_name":"Shining Light","player_choice":"Entered Light","floor":3.0,"gold_loss":0.0,"damage_taken":21.0,"cards_upgraded":["Go for the Eyes","Ball Lightning"]},{"damage_healed":0.0,"max_hp_gain":0.0,"max_hp_loss":0.0,"gold_gain":0.0,"event_name":"Vampires","player_choice":"Ignored","floor":19.0,"gold_loss":0.0,"damage_taken":0.0},{"cards_removed":["Reprogram"],"damage_healed":0.0,"max_hp_gain":0.0,"max_hp_loss":0.0,"gold_gain":0.0,"event_name":"Back to Basics","player_choice":"Elegance","floor":20.0,"gold_loss":0.0,"damage_taken":0.0}],"is_beta":true,"boss_relics":[{"not_picked":["Black Star","Fusion Hammer"],"picked":"Astrolabe"}],"items_purged_floors":[5,7],"is_endless":false,"potions_floor_spawned":[1,4,10,13,28,30],"ascension_level":20}