{"gold_per_floor":[116,166,184,184,198,198,232,242,242,260,278,278,291,301,301,301],"floor_reached":16,"playtime":557,"items_purged":[],"score":191,"play_id":"34fdf58b-1340-4e66-99f2-3f6d00d4f6ba","local_time":"20190130190538","is_ascension_mode":true,"campfire_choices":[{"data":"Zap","floor":6.0,"key":"SMITH"},{"floor":12,"key":"REST"},{"data":"Capacitor","floor":15,"key":"SMITH"}],"neow_cost":"NONE","seed_source_timestamp":192280876243833,"circlet_count":0,"master_deck":["AscendersBane","Strike_B","Strike_B","Strike_B","Strike_B","Defend_B","Defend_B","Defend_B","Defend_B","Zap+1","Dualcast","Creative AI","Electrodynamics","Cold Snap","Capacitor+1","Core Surge","Chill","Self Repair"],"special_seed":0,"relics":["Cracked Core","Bottled Tornado"],"potions_floor_usage":[16],"damage_taken":[{"damage":5.0,"enemies":"Small Slimes","floor":1.0,"turns":3.0},{"damage":1.0,"enemies":"Cultist","floor":3.0,"turns":3.0},{"damage":7.0,"enemies":"Jaw Worm","floor":5.0,"turns":3.0},{"damage":11.0,"enemies":"3 Sentries","floor":7.0,"turns":5.0},{"damage":16.0,"enemies":"Lots of Slimes","floor":8.0,"turns":2.0},{"damage":8,"enemies":"Gremlin Gang","floor":10,"turns":2},{"damage":4,"enemies":"Exordium Thugs","floor":11,"turns":3},{"damage":0,"enemies":"Lots of Slimes","floor":13,"turns":1},{"damage":11,"enemies":"Blue Slaver","floor":14,"turns":3},{"damage":36,"enemies":"Hexaghost","floor":16,"turns":11}],"seed_played":"8155632295772118980","potions_obtained":[{"floor":5.0,"key":"Swift Potion"},{"floor":10,"key":"SmokeBomb"},{"floor":11,"key":"AttackPotion"}],"is_trial":false,"path_per_floor":["M","?","M","?","M","R","E","M","T","M","M","R","M","M","R","B"],"character_chosen":"DEFECT","items_purchased":[],"campfire_rested":1,"item_purchase_floors":[],"current_hp_per_floor":[59,59,58,58,51,51,40,24,24,16,12,33,33,29,29,0],"gold":301,"neow_bonus":"ONE_RANDOM_RARE_CARD","is_prod":false,"is_daily":false,"chose_seed":false,"campfire_upgraded":2,"win_rate":0,"timestamp":1548871538,"path_taken":["M","?","?","?","?","R","E","M","T","M","M","R","?","M","R","BOSS"],"build_version":"2019-01-17v2","purchased_purges":0,"victory":false,"max_hp_per_floor":[71,71,71,71,71,71,71,71,71,71,71,71,71,71,71,71],"card_choices":[{"not_picked":["Redo","Blizzard","Melter"],"picked":"SKIP","floor":1.0},{"not_picked":["Gash","Turbo"],"picked":"Electrodynamics","floor":3.0},{"not_picked":["Go for the Eyes","Redo"],"picked":"Cold Snap","floor":5.0},{"not_picked":["Hello World","Coolheaded"],"picked":"Capacitor","floor":7.0},{"not_picked":["Steam","Streamline"],"picked":"Core Surge","floor":8.0},{"not_picked":["Auto Shields","Beam Cell"],"picked":"Chill","floor":10},{"not_picked":["Force Field","BootSequence"],"picked":"Self Repair","floor":11},{"not_picked":["Coolheaded","Undo","Stack"],"picked":"SKIP","floor":13},{"not_picked":["Cold Snap","Consume","Steam"],"picked":"SKIP","floor":14}],"player_experience":1205928,"relics_obtained":[{"floor":7.0,"key":"Bottled Tornado"}],"event_choices":[{"damage_healed":0.0,"max_hp_gain":0.0,"max_hp_loss":0.0,"gold_gain":50.0,"event_name":"Golden Shrine","player_choice":"Pray","floor":2.0,"gold_loss":0.0,"damage_taken":0.0},{"damage_healed":0.0,"max_hp_gain":0.0,"max_hp_loss":0.0,"gold_gain":0.0,"event_name":"Match and Keep!","player_choice":"0 cards matched","floor":4.0,"gold_loss":0.0,"damage_taken":0.0,"cards_obtained":[]}],"is_beta":false,"boss_relics":[],"items_purged_floors":[],"is_endless":false,"potions_floor_spawned":[5,10,11],"killed_by":"Hexaghost","ascension_level":16}