{"path_per_floor":["M","M","M","M","M","R","E","R","T","E","$","?","M","?","R"],"character_chosen":"DEFECT","items_purchased":["Loop","Blizzard"],"gold_per_floor":[20,33,49,66,83,83,112,112,112,137,31,31,46,146,146,146],"floor_reached":16,"campfire_rested":0,"playtime":812,"item_purchase_floors":[11,11],"current_hp_per_floor":[60,59,59,55,56,56,57,57,57,53,53,53,60,60,60,0],"items_purged":[],"gold":146,"score":185,"play_id":"cc05ae8d-3c33-49be-9947-2cb903eb01d2","local_time":"20180610154334","is_prod":false,"is_daily":false,"chose_seed":false,"is_ascension_mode":true,"campfire_upgraded":3,"win_rate":0,"timestamp":1528638214,"campfire_choices":[{"data":"Zap","floor":6,"key":"SMITH"},{"data":"Fusion","floor":8,"key":"SMITH"},{"data":"Blizzard","floor":15,"key":"SMITH"}],"path_taken":["M","M","M","M","M","R","E","R","T","E","$","?","M","?","R","BOSS"],"build_version":"2018-06-07v3","seed_source_timestamp":0,"purchased_purges":0,"victory":false,"master_deck":["Strike_B","Strike_B","Defend_B","Defend_B","Defend_B","Defend_B","Zap+1","Dualcast","AscendersBane","Leap","Fusion+1","Conserve Battery","Cold Snap","Self Repair","Sweeping Beam","Coolheaded","Ball Lightning","Loop","Blizzard+1","Coolheaded"],"max_hp_per_floor":[75,75,75,75,75,75,82,82,82,82,82,82,82,82,82,82],"relics":["Cracked Core","Strawberry","Centennial Puzzle","Boot"],"card_choices":[{"not_picked":["Barrage","Turbo"],"picked":"Conserve Battery","floor":1.0},{"not_picked":["Steam","Leap"],"picked":"Cold Snap","floor":2.0},{"not_picked":["Chaos","Aggregate"],"picked":"Self Repair","floor":3.0},{"not_picked":["Auto Shields","BootSequence"],"picked":"Sweeping Beam","floor":4.0},{"not_picked":["Gash","Hologram"],"picked":"Coolheaded","floor":5},{"not_picked":["Aggregate","Conserve Battery","Streamline"],"picked":"SKIP","floor":7},{"not_picked":["Force Field","Rebound"],"picked":"Ball Lightning","floor":10},{"not_picked":["Go for the Eyes","Consume"],"picked":"Coolheaded","floor":13}],"player_experience":856689,"potions_floor_usage":[5,10],"damage_taken":[{"damage":8.0,"enemies":"Jaw Worm","floor":1.0,"turns":5.0},{"damage":1.0,"enemies":"Cultist","floor":2.0,"turns":4.0},{"damage":0.0,"enemies":"2 Louse","floor":3.0,"turns":3.0},{"damage":11.0,"enemies":"Lots of Slimes","floor":4.0,"turns":6.0},{"damage":6,"enemies":"Gremlin Gang","floor":5,"turns":6},{"damage":13,"enemies":"3 Sentries","floor":7,"turns":9},{"damage":11,"enemies":"Lagavulin","floor":10,"turns":8},{"damage":0,"enemies":"Exordium Wildlife","floor":13,"turns":3},{"damage":79,"enemies":"Hexaghost","floor":16,"turns":14}],"relics_obtained":[{"floor":7,"key":"Strawberry"},{"floor":9,"key":"Centennial Puzzle"},{"floor":10,"key":"Boot"}],"event_choices":[{"event_name":"Liars Game","player_choice":"disagreed","floor":12,"damage_taken":0},{"event_name":"Golden Shrine","player_choice":"Pray","floor":14,"damage_taken":0}],"boss_relics":[],"items_purged_floors":[],"potions_floor_spawned":[2,4,13],"seed_played":"-2055670721519717228","killed_by":"Hexaghost","ascension_level":13,"potions_obtained":[{"floor":2.0,"key":"Energy Potion"},{"floor":4.0,"key":"Fire Potion"},{"floor":13,"key":"FairyPotion"}],"is_trial":false}