{"gold_per_floor":[361,387,312,328,338,338,348,348,348,377,104,123,123,142,142,240,240,263,263,33,52,70,70,104,119,119,159,159,177,196,222,222,296,296,308,308,325,342,16,16,33,33,103,119,130,130,147,147,147,147,147,147,147,27,60,60],"floor_reached":57,"playtime":3907,"items_purged":["Strike_G","Strike_G","Strike_G","Dagger Spray+1"],"score":3161,"play_id":"e375c424-9496-4184-b86c-2746c027432c","local_time":"20190919191255","is_ascension_mode":true,"campfire_choices":[{"data":"Neutralize","floor":6.0,"key":"SMITH"},{"data":"Dagger Spray","floor":8.0,"key":"SMITH"},{"data":"Deadly Poison","floor":15.0,"key":"SMITH"},{"data":"Tactician","floor":23.0,"key":"SMITH"},{"data":"Calculated Gamble","floor":32.0,"key":"SMITH"},{"data":"Well Laid Plans","floor":40.0,"key":"SMITH"},{"data":"Acrobatics","floor":42.0,"key":"SMITH"},{"floor":49,"key":"RECALL"}],"neow_cost":"TEN_PERCENT_HP_LOSS","seed_source_timestamp":289594584822227,"circlet_count":0,"master_deck":["AscendersBane","Defend_G+1","Defend_G+1","Defend_G+1","Defend_G+1","Defend_G+1","Survivor+1","Neutralize+1","Backflip+1","Footwork+1","PiercingWail+1","Malaise+1","Deadly Poison+1","Well Laid Plans+1","Doppelganger+1","Tactician+1","Acrobatics+1","Escape Plan+1","Calculated Gamble+1","Acrobatics+1","Calculated Gamble+1","After Image"],"special_seed":0,"relics":["Ring of the Snake","Boot","Ornamental Fan","Pocketwatch","Orrery","Bloody Idol","Coffee Dripper","Bronze Scales","Matryoshka","Anchor","Mummified Hand","HoveringKite","Tough Bandages","The Courier","Mark of the Bloom","The Specimen"],"potions_floor_usage":[56],"damage_taken":[{"damage":12.0,"enemies":"Cultist","floor":1.0,"turns":5.0},{"damage":0.0,"enemies":"2 Louse","floor":4.0,"turns":4.0},{"damage":0.0,"enemies":"Jaw Worm","floor":5.0,"turns":5.0},{"damage":6.0,"enemies":"Large Slime","floor":7.0,"turns":15.0},{"damage":18.0,"enemies":"Lagavulin","floor":10.0,"turns":9.0},{"damage":5.0,"enemies":"Lots of Slimes","floor":12.0,"turns":4.0},{"damage":6.0,"enemies":"3 Louse","floor":14.0,"turns":4.0},{"damage":0.0,"enemies":"The Guardian","floor":16.0,"turns":10.0},{"damage":1.0,"enemies":"3 Byrds","floor":18.0,"turns":4.0},{"damage":9.0,"enemies":"2 Thieves","floor":21.0,"turns":4.0},{"damage":0.0,"enemies":"Snecko","floor":22.0,"turns":9.0},{"damage":0.0,"enemies":"Book of Stabbing","floor":24.0,"turns":10.0},{"damage":0.0,"enemies":"Centurion and Healer","floor":25.0,"turns":7.0},{"damage":5.0,"enemies":"Gremlin Leader","floor":27.0,"turns":7.0},{"damage":0.0,"enemies":"3 Cultists","floor":29.0,"turns":4.0},{"damage":0.0,"enemies":"Snecko","floor":30.0,"turns":9.0},{"damage":18.0,"enemies":"Slavers","floor":31.0,"turns":6.0},{"damage":24.0,"enemies":"Champ","floor":33.0,"turns":17.0},{"damage":4.0,"enemies":"Orb Walker","floor":35.0,"turns":5.0},{"damage":0.0,"enemies":"3 Shapes","floor":37.0,"turns":9.0},{"damage":0.0,"enemies":"Maw","floor":38.0,"turns":9.0},{"damage":0.0,"enemies":"Sphere and 2 Shapes","floor":41.0,"turns":10.0},{"damage":0,"enemies":"4 Shapes","floor":44,"turns":5},{"damage":0,"enemies":"3 Darklings","floor":45,"turns":3},{"damage":0,"enemies":"Sphere and 2 Shapes","floor":47,"turns":5},{"damage":0,"enemies":"Donu and Deca","floor":50,"turns":11},{"damage":0,"enemies":"Time Eater","floor":51,"turns":13},{"damage":0,"enemies":"Shield and Spear","floor":55,"turns":8},{"damage":0,"enemies":"The Heart","floor":56,"turns":11}],"seed_played":"1907576084087368925","potions_obtained":[{"floor":1.0,"key":"PowerPotion"},{"floor":4.0,"key":"GamblersBrew"},{"floor":12.0,"key":"FearPotion"},{"floor":16.0,"key":"Weak Potion"},{"floor":22.0,"key":"SkillPotion"},{"floor":25.0,"key":"Poison Potion"},{"floor":29.0,"key":"GamblersBrew"},{"floor":33.0,"key":"PowerPotion"},{"floor":35.0,"key":"Block Potion"},{"floor":41.0,"key":"SpeedPotion"}],"is_trial":false,"path_per_floor":["M","T","$","M","M","R","M","R","T","E","$","M","?","M","R","B",null,"M","?","$","M","M","R","E","M","T","E","?","M","M","E","R","B",null,"M","?","M","M","$","R","M","R","T","M","M","?","M","?","R","B","B",null,"R","$","E","B",null],"character_chosen":"THE_SILENT","items_purchased":["Orrery","Acrobatics","Explosive Potion","Tough Bandages"],"campfire_rested":0,"item_purchase_floors":[11,20,20,39],"current_hp_per_floor":[47,47,47,47,47,47,41,41,41,23,23,18,18,12,12,12,44,43,43,43,34,34,34,34,34,34,29,29,34,39,26,26,7,42,43,43,48,53,53,53,54,54,54,54,54,54,54,54,54,54,54,54,54,54,54,54],"gold":60,"neow_bonus":"TWO_FIFTY_GOLD","is_prod":false,"is_daily":false,"chose_seed":false,"campfire_upgraded":7,"win_rate":0,"timestamp":1568887975,"path_taken":["M","?","$","M","M","R","M","R","T","E","$","M","?","M","R","BOSS","M","?","$","M","M","R","E","M","T","E","?","M","M","E","R","BOSS","M","?","M","M","$","R","?","R","T","M","?","?","?","?","R","BOSS","BOSS","R","$","E","BOSS"],"build_version":"2019-09-18","purchased_purges":4,"victory":true,"max_hp_per_floor":[60,60,60,60,60,60,60,60,60,60,60,60,54,54,54,54,54,54,54,54,54,54,54,54,54,54,54,54,54,54,54,54,54,54,54,54,54,54,54,54,54,54,54,54,54,54,54,54,54,54,54,54,54,54,54,54],"card_choices":[{"not_picked":["Crippling Poison","Concentrate"],"picked":"Backflip","floor":1.0},{"not_picked":["Leg Sweep","Dagger Throw"],"picked":"Footwork","floor":4.0},{"not_picked":["Outmaneuver","Prepared"],"picked":"PiercingWail","floor":5.0},{"not_picked":["Dagger Spray","Sucker Punch","Leg Sweep"],"picked":"SKIP","floor":7.0},{"not_picked":["Sucker Punch","Leg Sweep"],"picked":"Dagger Spray","floor":7.0},{"not_picked":["Blade Dance","Dagger Throw"],"picked":"Malaise","floor":10.0},{"not_picked":["Dodge and Roll","Caltrops"],"picked":"Deadly Poison","floor":11.0},{"not_picked":["Venomology","Underhanded Strike"],"picked":"Well Laid Plans","floor":11.0},{"not_picked":["All Out Attack","Accuracy"],"picked":"Doppelganger","floor":11.0},{"not_picked":["Deadly Poison","Dagger Throw","Leg Sweep"],"picked":"SKIP","floor":12.0},{"not_picked":["Infinite Blades","Backflip","Choke"],"picked":"SKIP","floor":14.0},{"not_picked":["Skewer","Bane+1"],"picked":"Tactician","floor":18.0},{"not_picked":["Dash","Setup","Dagger Spray"],"picked":"SKIP","floor":21.0},{"not_picked":["Backflip+1","Outmaneuver","Dodge and Roll"],"picked":"SKIP","floor":22.0},{"not_picked":["Riddle With Holes","Setup","Dodge and Roll"],"picked":"SKIP","floor":24.0},{"not_picked":["Tactician+1","Eviscerate"],"picked":"Escape Plan","floor":25.0},{"not_picked":["Phantasmal Killer","Quick Slash","Blade Dance"],"picked":"SKIP","floor":27.0},{"not_picked":["Dash","Endless Agony","Expertise"],"picked":"SKIP","floor":29.0},{"not_picked":["Blur","Expertise"],"picked":"Calculated Gamble","floor":30.0},{"not_picked":["Blur","Dagger Throw","Cloak And Dagger+1"],"picked":"SKIP","floor":31.0},{"not_picked":["Poisoned Stab+1","Backstab+1","Backflip"],"picked":"SKIP","floor":35.0},{"not_picked":["Dagger Spray","Flying Knee","All Out Attack"],"picked":"SKIP","floor":37.0},{"not_picked":["Blade Dance+1","Setup+1"],"picked":"Acrobatics+1","floor":38.0},{"not_picked":["Dash","Tactician"],"picked":"Calculated Gamble+1","floor":41.0},{"not_picked":["Endless Agony","Underhanded Strike+1","Leg Sweep"],"picked":"SKIP","floor":44},{"not_picked":["Bouncing Flask","Dagger Spray","Underhanded Strike+1"],"picked":"SKIP","floor":45},{"not_picked":["Heel Hook","Quick Slash","Slice"],"picked":"SKIP","floor":47},{"not_picked":["Caltrops","Underhanded Strike"],"picked":"After Image","floor":55}],"player_experience":1101737,"relics_obtained":[{"floor":2.0,"key":"Boot"},{"floor":9.0,"key":"Ornamental Fan"},{"floor":10.0,"key":"Pocketwatch"},{"floor":24.0,"key":"Bronze Scales"},{"floor":26.0,"key":"Matryoshka"},{"floor":27.0,"key":"Anchor"},{"floor":31.0,"key":"Mummified Hand"},{"floor":43.0,"key":"The Courier"},{"floor":55,"key":"The Specimen"}],"event_choices":[{"damage_healed":0.0,"max_hp_gain":0.0,"max_hp_loss":6.0,"gold_gain":0.0,"event_name":"Golden Idol","player_choice":"Lose Max HP","floor":13.0,"gold_loss":0.0,"damage_taken":0.0,"relics_obtained":["Golden Idol"]},{"cards_removed":["Strike_G"],"damage_healed":0.0,"max_hp_gain":0.0,"max_hp_loss":0.0,"gold_gain":0.0,"event_name":"Back to Basics","player_choice":"Elegance","floor":19.0,"gold_loss":0.0,"damage_taken":0.0},{"damage_healed":0.0,"max_hp_gain":0.0,"max_hp_loss":0.0,"gold_gain":0.0,"event_name":"Forgotten Altar","player_choice":"Gave Idol","floor":28.0,"relics_lost":["Golden Idol"],"gold_loss":0.0,"damage_taken":0.0,"relics_obtained":["Bloody Idol"]},{"damage_healed":0.0,"max_hp_gain":0.0,"max_hp_loss":0.0,"gold_gain":0.0,"event_name":"SecretPortal","player_choice":"Ignored","floor":36.0,"gold_loss":0.0,"damage_taken":0.0},{"cards_removed":["Strike_G"],"damage_healed":0,"gold_gain":0,"player_choice":"Purged","damage_taken":0,"max_hp_gain":0,"max_hp_loss":0,"event_name":"Purifier","floor":46,"gold_loss":0},{"damage_healed":0,"gold_gain":0,"player_choice":"Upgrade","damage_taken":0,"relics_obtained":["Mark of the Bloom"],"max_hp_gain":0,"max_hp_loss":0,"event_name":"MindBloom","floor":48,"gold_loss":0,"cards_upgraded":["Defend_G","Defend_G","Defend_G","Defend_G","Defend_G","Survivor","Backflip","Footwork","PiercingWail","Malaise","Doppelganger","Escape Plan"]}],"is_beta":true,"boss_relics":[{"not_picked":["WristBlade","Velvet Choker"],"picked":"Coffee Dripper"},{"not_picked":["Fusion Hammer","Ring of the Serpent"],"picked":"HoveringKite"}],"items_purged_floors":[3,11,20,54],"is_endless":false,"potions_floor_spawned":[1,4,12,16,22,25,29,33,35,41,47],"ascension_level":20}