{"gold_per_floor":[110,70,88,101,51,51,77,89,127,153,180,202,227,256,268,380,392,392,166,166,166,166,166,166,166,166,166,166,91,91,91,91,91,91,91,91,91,91,91,91,91,91,91,91,0,0,0,0,0,0],"floor_reached":51,"playtime":4359,"items_purged":["Strike_G"],"score":660,"play_id":"51250c97-2d62-4d22-ad55-dd7135acbddb","local_time":"20190918005652","is_ascension_mode":false,"campfire_choices":[{"data":"Accuracy","floor":6,"key":"SMITH"},{"data":"Footwork","floor":8,"key":"SMITH"},{"floor":15,"key":"REST"},{"floor":23,"key":"REST"},{"floor":28,"key":"REST"},{"data":"Cloak And Dagger","floor":32,"key":"SMITH"},{"floor":44,"key":"REST"},{"data":"Envenom","floor":46,"key":"SMITH"},{"floor":49,"key":"REST"}],"neow_cost":"NONE","seed_source_timestamp":1839041285774500,"circlet_count":0,"master_deck":["Strike_G","Strike_G","Defend_G","Defend_G","Defend_G","Defend_G","Defend_G","Survivor","Neutralize+1","Footwork+1","Cloak And Dagger+1","Accuracy+1","Blade Dance","Blade Dance","After Image","Blade Dance+1","Burst","Cloak And Dagger","Cloak And Dagger+1","Envenom+1","Accuracy+1","Parasite","Cloak And Dagger","Writhe"],"relics":["Ring of the Snake","MawBank","Juzu Bracelet","Ectoplasm","Nilry\u0027s Codex","PreservedInsect","White Beast Statue","Old Coin","Shuriken","Bronze Scales","Red Mask"],"potions_floor_usage":[16,16,24,31,33,33,33,40,50,50],"damage_taken":[{"damage":1,"enemies":"Jaw Worm","floor":1,"turns":5},{"damage":0,"enemies":"2 Louse","floor":3,"turns":4},{"damage":0,"enemies":"Small Slimes","floor":4,"turns":7},{"damage":35,"enemies":"3 Sentries","floor":7,"turns":15},{"damage":14,"enemies":"Exordium Thugs","floor":10,"turns":7},{"damage":0,"enemies":"Large Slime","floor":11,"turns":9},{"damage":0,"enemies":"Looter","floor":12,"turns":5},{"damage":1,"enemies":"Blue Slaver","floor":13,"turns":5},{"damage":7,"enemies":"Lots of Slimes","floor":14,"turns":7},{"damage":12,"enemies":"The Guardian","floor":16,"turns":16},{"damage":11,"enemies":"Spheric Guardian","floor":18,"turns":4},{"damage":0,"enemies":"3 Byrds","floor":20,"turns":5},{"damage":5,"enemies":"Snake Plant","floor":21,"turns":7},{"damage":4,"enemies":"Sentry and Sphere","floor":24,"turns":5},{"damage":0,"enemies":"Centurion and Healer","floor":25,"turns":7},{"damage":7,"enemies":"Shelled Parasite and Fungi","floor":27,"turns":7},{"damage":5,"enemies":"Snake Plant","floor":31,"turns":7},{"damage":28,"enemies":"Automaton","floor":33,"turns":10},{"damage":21,"enemies":"3 Darklings","floor":35,"turns":5},{"damage":3,"enemies":"Orb Walker","floor":37,"turns":6},{"damage":12,"enemies":"Writhing Mass","floor":38,"turns":7},{"damage":14,"enemies":"Mind Bloom Boss Battle","floor":39,"turns":8},{"damage":3,"enemies":"Nemesis","floor":40,"turns":5},{"damage":4,"enemies":"4 Shapes","floor":47,"turns":6},{"damage":6,"enemies":"Sphere and 2 Shapes","floor":48,"turns":5},{"damage":32,"enemies":"Donu and Deca","floor":50,"turns":8}],"seed_played":"1939080979918242459","potions_obtained":[{"floor":1,"key":"SteroidPotion"},{"floor":4,"key":"SkillPotion"},{"floor":10,"key":"Dexterity Potion"},{"floor":12,"key":"Block Potion"},{"floor":16,"key":"Ancient Potion"},{"floor":18,"key":"EssenceOfSteel"},{"floor":21,"key":"Block Potion"},{"floor":24,"key":"Fruit Juice"},{"floor":31,"key":"EssenceOfSteel"},{"floor":33,"key":"GhostInAJar"},{"floor":35,"key":"AttackPotion"},{"floor":37,"key":"FearPotion"},{"floor":40,"key":"GamblersBrew"}],"is_trial":false,"path_per_floor":["M","$","M","M","?","R","E","R","T","M","M","M","M","M","R","B",null,"M","$","M","M","?","R","M","M","T","M","R","?","?","M","R","B",null,"M","?","M","M","?","E","$","?","T","R","?","R","M","M","R","B",null],"character_chosen":"THE_SILENT","items_purchased":["Footwork","Burst"],"campfire_rested":5,"item_purchase_floors":[2,19],"current_hp_per_floor":[69,69,69,69,69,69,34,34,34,20,20,20,19,12,33,21,70,59,59,59,54,38,59,55,55,55,48,69,69,69,69,69,41,75,54,54,51,39,25,22,22,41,41,63,63,63,59,53,75,43],"gold":0,"neow_bonus":"UPGRADE_CARD","is_prod":false,"is_daily":false,"chose_seed":false,"campfire_upgraded":4,"win_rate":0.0,"timestamp":1568782612,"path_taken":["M","$","M","M","?","R","E","R","T","M","M","M","M","M","R","BOSS","M","$","M","M","?","R","M","M","T","M","R","?","?","M","R","BOSS","M","?","M","M","?","E","$","?","T","R","?","R","M","M","R","BOSS"],"build_version":"2019-07-17","purchased_purges":1,"victory":true,"max_hp_per_floor":[70,70,70,70,70,70,70,70,70,70,70,70,70,70,70,70,70,70,70,70,70,70,70,70,70,70,70,70,70,70,75,75,75,75,75,75,75,75,75,75,75,75,75,75,75,75,75,75,75,75],"card_choices":[{"not_picked":["Outmaneuver","Deflect","Escape Plan"],"picked":"SKIP","floor":1},{"not_picked":["Acrobatics","Catalyst"],"picked":"Cloak And Dagger","floor":3},{"not_picked":["Sucker Punch","Dodge and Roll"],"picked":"Accuracy","floor":4},{"not_picked":["Underhanded Strike","After Image","Leg Sweep"],"picked":"SKIP","floor":7},{"not_picked":["Flying Knee","All Out Attack","Tactician"],"picked":"SKIP","floor":10},{"not_picked":["Well Laid Plans","Acrobatics","Riddle With Holes"],"picked":"SKIP","floor":11},{"not_picked":["Underhanded Strike","Deflect"],"picked":"Blade Dance","floor":12},{"not_picked":["PiercingWail","Catalyst","Well Laid Plans"],"picked":"SKIP","floor":13},{"not_picked":["Backflip","Endless Agony"],"picked":"Blade Dance","floor":14},{"not_picked":["Doppelganger","Corpse Explosion"],"picked":"After Image","floor":16},{"not_picked":["Prepared+1","Flechettes"],"picked":"Blade Dance+1","floor":18},{"not_picked":["Flying Knee","Dash+1","Poisoned Stab"],"picked":"SKIP","floor":20},{"not_picked":["Slice","Poisoned Stab"],"picked":"Cloak And Dagger","floor":21},{"not_picked":["Bane+1","Riddle With Holes"],"picked":"Cloak And Dagger+1","floor":24},{"not_picked":["Backflip","Underhanded Strike","Calculated Gamble"],"picked":"SKIP","floor":25},{"not_picked":["Dash","Bane+1","Riddle With Holes"],"picked":"SKIP","floor":27},{"not_picked":["Cloak And Dagger","Calculated Gamble","Endless Agony"],"picked":"SKIP","floor":31},{"not_picked":["Burst","Bullet Time"],"picked":"Envenom","floor":33},{"not_picked":["Masterful Stab","Reflex+1","Catalyst"],"picked":"SKIP","floor":35},{"not_picked":["Expertise","Terror+1"],"picked":"Accuracy+1","floor":37},{"not_picked":["Acrobatics+1","Poisoned Stab+1","Predator"],"picked":"SKIP","floor":38},{"not_picked":["Dodge and Roll+1","Bane+1"],"picked":"Cloak And Dagger","floor":39},{"not_picked":["Flying Knee+1","Deadly Poison","Phantasmal Killer"],"picked":"SKIP","floor":40},{"not_picked":["Bane+1","Choke+1","Sucker Punch"],"picked":"SKIP","floor":47},{"not_picked":["Cloak And Dagger","Skewer+1","Backstab"],"picked":"SKIP","floor":48}],"player_experience":53393,"relics_obtained":[{"floor":7,"key":"MawBank"},{"floor":9,"key":"Juzu Bracelet"},{"floor":22,"key":"Nilry\u0027s Codex"},{"floor":26,"key":"PreservedInsect"},{"floor":39,"key":"Old Coin"},{"floor":40,"key":"Shuriken"},{"floor":43,"key":"Bronze Scales"}],"event_choices":[{"cards_removed":["Strike_G"],"damage_healed":0,"gold_gain":0,"player_choice":"Card Removal","damage_taken":0,"max_hp_gain":0,"max_hp_loss":0,"event_name":"The Cleric","floor":5,"gold_loss":50},{"damage_healed":0,"gold_gain":0,"player_choice":"Obtained Book","damage_taken":16,"max_hp_gain":0,"max_hp_loss":0,"event_name":"Cursed Tome","floor":22,"gold_loss":0},{"cards_removed":["Strike_G"],"damage_healed":0,"gold_gain":0,"player_choice":"Gave Gold","damage_taken":0,"max_hp_gain":0,"max_hp_loss":0,"event_name":"Beggar","floor":29,"gold_loss":75},{"damage_healed":0,"gold_gain":0,"player_choice":"Ignored","damage_taken":0,"max_hp_gain":0,"max_hp_loss":0,"event_name":"Vampires","floor":30,"gold_loss":0},{"damage_healed":0,"gold_gain":300,"player_choice":"Gold","damage_taken":0,"max_hp_gain":0,"max_hp_loss":0,"event_name":"Wheel of Change","floor":36,"gold_loss":0},{"damage_healed":0,"gold_gain":0,"player_choice":"Fight","damage_taken":0,"max_hp_gain":0,"max_hp_loss":0,"event_name":"MindBloom","floor":39,"gold_loss":0},{"damage_healed":19,"gold_gain":0,"player_choice":"Writhe","damage_taken":0,"max_hp_gain":0,"max_hp_loss":0,"event_name":"Winding Halls","floor":42,"gold_loss":0,"cards_obtained":["Writhe"]},{"damage_healed":0,"gold_gain":0,"player_choice":"Paid","damage_taken":0,"relics_obtained":["Red Mask"],"max_hp_gain":0,"max_hp_loss":0,"event_name":"Tomb of Lord Red Mask","floor":45,"gold_loss":91}],"is_beta":false,"boss_relics":[{"not_picked":["Black Star","Empty Cage"],"picked":"Ectoplasm"},{"not_picked":["Velvet Choker","Calling Bell"],"picked":"White Beast Statue"}],"items_purged_floors":[19],"is_endless":false,"potions_floor_spawned":[1,4,10,12,16,18,21,24,31,33,35,37,38,39,40,47,48],"ascension_level":0}