{"gold_per_floor":[117,136,148,128,147,147,179,179,179,204,224,63,63,63,63,137,137,137,137,137,37,37,37,37,37,37,37,37,37,37,37,37,37,37,37,37,0,0,0,0,0,0,0,0,0,0,0,0,0,0],"floor_reached":50,"playtime":3127,"items_purged":["Strike_B"],"score":847,"play_id":"93513cd6-f1f9-4c2c-be14-526fd6ce6d99","local_time":"20190131053747","is_ascension_mode":true,"campfire_choices":[{"data":"Defragment","floor":6.0,"key":"SMITH"},{"data":"Go for the Eyes","floor":8.0,"key":"SMITH"},{"data":"Glacier","floor":15.0,"key":"SMITH"},{"data":"Barrage","floor":23.0,"key":"SMITH"},{"floor":27.0,"key":"REST"},{"floor":30.0,"key":"REST"},{"data":"Reinforced Body","floor":32.0,"key":"SMITH"},{"data":"Seek","floor":40.0,"key":"SMITH"},{"floor":46,"key":"REST"},{"floor":49,"key":"REST"}],"neow_cost":"NONE","seed_source_timestamp":227584667351416,"circlet_count":0,"master_deck":["AscendersBane","Strike_B","Strike_B","Defend_B","Defend_B","Defend_B","Zap","Dualcast","Glacier+1","Go for the Eyes+1","Defragment+1","Sweeping Beam","Capacitor+1","Seek+1","Ball Lightning+1","Leap","Redo","Barrage+1","Conserve Battery+1","Reinforced Body+1","Amplify","Beam Cell+1","Loop","Loop+1","Cold Snap+1"],"special_seed":0,"relics":["Cracked Core","Singing Bowl","Gremlin Horn","Sundial","Ectoplasm","Kunai","Sozu","Red Mask","Darkstone Periapt"],"potions_floor_usage":[],"damage_taken":[{"damage":7.0,"enemies":"Jaw Worm","floor":1.0,"turns":3.0},{"damage":1.0,"enemies":"Cultist","floor":2.0,"turns":3.0},{"damage":0.0,"enemies":"Small Slimes","floor":3.0,"turns":3.0},{"damage":0.0,"enemies":"3 Louse","floor":5.0,"turns":7.0},{"damage":6.0,"enemies":"Gremlin Nob","floor":7.0,"turns":6.0},{"damage":10.0,"enemies":"3 Sentries","floor":10.0,"turns":6.0},{"damage":6.0,"enemies":"Exordium Wildlife","floor":11.0,"turns":6.0},{"damage":27.0,"enemies":"The Guardian","floor":16.0,"turns":11.0},{"damage":17.0,"enemies":"3 Byrds","floor":18.0,"turns":7.0},{"damage":6.0,"enemies":"2 Thieves","floor":21.0,"turns":4.0},{"damage":0.0,"enemies":"Shelled Parasite and Fungi","floor":22.0,"turns":7.0},{"damage":24.0,"enemies":"Cultist and Chosen","floor":24.0,"turns":6.0},{"damage":5.0,"enemies":"Sentry and Sphere","floor":25.0,"turns":4.0},{"damage":26.0,"enemies":"Snake Plant","floor":28.0,"turns":4.0},{"damage":3.0,"enemies":"3 Cultists","floor":29.0,"turns":5.0},{"damage":12.0,"enemies":"Champ","floor":33.0,"turns":15.0},{"damage":38.0,"enemies":"3 Darklings","floor":35.0,"turns":6.0},{"damage":9.0,"enemies":"Orb Walker","floor":36.0,"turns":5.0},{"damage":17.0,"enemies":"Jaw Worm Horde","floor":38.0,"turns":6.0},{"damage":31.0,"enemies":"Spire Growth","floor":41.0,"turns":6.0},{"damage":13,"enemies":"4 Shapes","floor":45,"turns":8},{"damage":8,"enemies":"Transient","floor":47,"turns":6},{"damage":6,"enemies":"Maw","floor":48,"turns":8},{"damage":90,"enemies":"Awakened One","floor":50,"turns":4}],"seed_played":"2374605064575583970","potions_obtained":[{"floor":1.0,"key":"Fire Potion"},{"floor":4.0,"key":"EntropicBrew"},{"floor":11.0,"key":"Poison Potion"},{"floor":16.0,"key":"Strength Potion"},{"floor":20.0,"key":"EntropicBrew"},{"floor":33.0,"key":"FairyPotion"}],"is_trial":false,"path_per_floor":["M","M","M","?","M","R","E","R","T","E","M","$","?","?","R","B",null,"M","?","?","M","M","R","M","M","T","R","M","M","R","?","R","B",null,"M","M","?","M","?","R","M","?","T","?","M","R","M","M","R","B"],"character_chosen":"DEFECT","items_purchased":["Capacitor"],"campfire_rested":4,"item_purchase_floors":[12],"current_hp_per_floor":[64,63,63,63,63,63,59,59,59,51,47,47,47,47,47,20,68,51,51,51,45,47,47,23,20,20,46,22,19,46,46,46,34,76,40,33,33,16,77,77,46,46,46,36,23,44,38,32,54,0],"gold":0,"neow_bonus":"TEN_PERCENT_HP_BONUS","is_prod":false,"is_daily":false,"chose_seed":false,"campfire_upgraded":6,"win_rate":0,"timestamp":1548909467,"path_taken":["M","M","M","?","M","R","E","R","T","E","?","$","?","?","R","BOSS","M","?","?","M","M","R","M","M","T","R","?","M","R","?","R","BOSS","M","M","?","M","?","R","M","?","T","?","M","R","M","?","R","BOSS"],"build_version":"2019-01-17v2","purchased_purges":1,"victory":false,"max_hp_per_floor":[78,78,78,78,78,78,80,80,80,82,84,84,84,84,84,84,84,84,84,84,84,86,86,86,88,88,88,90,90,90,90,90,90,90,92,94,94,94,77,77,77,73,73,73,73,73,75,75,75,75],"card_choices":[{"not_picked":["Stack","Rebound"],"picked":"Glacier","floor":1.0},{"not_picked":["Turbo","Compile Driver"],"picked":"Go for the Eyes","floor":2.0},{"not_picked":["Genetic Algorithm","Aggregate"],"picked":"Defragment","floor":3.0},{"not_picked":["Sunder","Reinforced Body"],"picked":"Sweeping Beam","floor":5.0},{"not_picked":["Sweeping Beam","Barrage","Melter"],"picked":"Singing Bowl","floor":7.0},{"not_picked":["Scrape","All For One","Beam Cell"],"picked":"Singing Bowl","floor":10.0},{"not_picked":["Beam Cell","Go for the Eyes","Chaos"],"picked":"Singing Bowl","floor":11.0},{"not_picked":["Echo Form","Thunder Strike"],"picked":"Seek","floor":16.0},{"not_picked":["Go for the Eyes","Streamline"],"picked":"Ball Lightning+1","floor":18.0},{"not_picked":["Leap","Turbo"],"picked":"Barrage","floor":21.0},{"not_picked":["White Noise","BootSequence","Hologram"],"picked":"Singing Bowl","floor":22.0},{"not_picked":["Chill","Turbo+1"],"picked":"Conserve Battery+1","floor":24.0},{"not_picked":["White Noise+1","Coolheaded","Force Field"],"picked":"Singing Bowl","floor":25.0},{"not_picked":["Rebound","Stack","Gash"],"picked":"Singing Bowl","floor":28.0},{"not_picked":["White Noise","Reprogram"],"picked":"Reinforced Body","floor":29.0},{"not_picked":["Seek","Buffer"],"picked":"Amplify","floor":33.0},{"not_picked":["Sweeping Beam+1","Coolheaded","Conserve Battery+1"],"picked":"Singing Bowl","floor":35.0},{"not_picked":["Turbo","Streamline","Undo"],"picked":"Singing Bowl","floor":36.0},{"not_picked":["Barrage","Steam"],"picked":"Beam Cell+1","floor":38.0},{"not_picked":["Melter+1","Lockon"],"picked":"Loop","floor":41.0},{"not_picked":["Doom and Gloom+1","Meteor Strike"],"picked":"Loop+1","floor":45},{"not_picked":["Compile Driver","Cold Snap","Rebound"],"picked":"Singing Bowl","floor":47},{"not_picked":["Consume","Turbo+1"],"picked":"Cold Snap+1","floor":48}],"player_experience":1233080,"relics_obtained":[{"floor":7.0,"key":"Singing Bowl"},{"floor":9.0,"key":"Gremlin Horn"},{"floor":10.0,"key":"Sundial"},{"floor":26.0,"key":"Kunai"},{"floor":43.0,"key":"Darkstone Periapt"}],"event_choices":[{"damage_healed":0.0,"max_hp_gain":0.0,"max_hp_loss":0.0,"gold_gain":0.0,"event_name":"The Woman in Blue","player_choice":"Bought 1 Potion","floor":4.0,"gold_loss":0.0,"damage_taken":0.0},{"damage_healed":0.0,"max_hp_gain":0.0,"max_hp_loss":0.0,"gold_gain":0.0,"event_name":"Living Wall","player_choice":"Grow","floor":13.0,"gold_loss":0.0,"damage_taken":0.0,"cards_upgraded":["Capacitor"]},{"damage_healed":0.0,"max_hp_gain":0.0,"max_hp_loss":0.0,"gold_gain":0.0,"event_name":"The Cleric","player_choice":"Leave","floor":14.0,"gold_loss":0.0,"damage_taken":0.0},{"damage_healed":0.0,"max_hp_gain":0.0,"max_hp_loss":0.0,"gold_gain":0.0,"cards_transformed":["Strike_B","Defend_B"],"event_name":"Drug Dealer","player_choice":"Became Test Subject","floor":19.0,"gold_loss":0.0,"damage_taken":0.0,"cards_obtained":["Leap","Redo"]},{"damage_healed":0.0,"max_hp_gain":0.0,"max_hp_loss":0.0,"gold_gain":0.0,"event_name":"Lab","player_choice":"Got Potions","floor":20.0,"gold_loss":0.0,"damage_taken":0.0},{"damage_healed":0.0,"max_hp_gain":0.0,"max_hp_loss":0.0,"gold_gain":0.0,"event_name":"Beggar","player_choice":"Ignored","floor":31.0,"gold_loss":0.0,"damage_taken":0.0},{"damage_healed":0.0,"max_hp_gain":0.0,"max_hp_loss":0.0,"gold_gain":0.0,"event_name":"Tomb of Lord Red Mask","player_choice":"Paid","floor":37.0,"gold_loss":37.0,"damage_taken":0.0,"relics_obtained":["Red Mask"]},{"damage_healed":77.0,"max_hp_gain":0.0,"max_hp_loss":17.0,"gold_gain":0.0,"event_name":"The Moai Head","player_choice":"Heal","floor":39.0,"gold_loss":0.0,"damage_taken":0.0},{"damage_healed":0.0,"max_hp_gain":0.0,"max_hp_loss":4.0,"gold_gain":0.0,"event_name":"Winding Halls","player_choice":"Max HP","floor":42.0,"gold_loss":0.0,"damage_taken":0.0},{"damage_healed":0.0,"max_hp_gain":0.0,"max_hp_loss":0.0,"gold_gain":0.0,"event_name":"Wheel of Change","player_choice":"Damaged","floor":44.0,"gold_loss":0.0,"damage_taken":10.0}],"is_beta":false,"boss_relics":[{"not_picked":["Philosopher\u0027s Stone","Black Star"],"picked":"Ectoplasm"},{"not_picked":["FrozenCore","Calling Bell"],"picked":"Sozu"}],"items_purged_floors":[12],"is_endless":false,"potions_floor_spawned":[1,11,16,24,28,33,36,47,48],"killed_by":"Awakened One","ascension_level":17}