{"gold_per_floor":[211,227,227,277,290,290,44,59,59,59,59,72,72,98,98,170,170,182,196,196,196,13,42,42,53,53,10,10,10,10,41,41,115,115,129,129,129,144,154,154,188,202,202,202,202],"floor_reached":45,"playtime":1091,"items_purged":["Strike_R","Strike_R"],"score":1108,"play_id":"6527c83c-a77a-4af3-a956-f217a87be3f3","local_time":"20190920213301","is_ascension_mode":true,"campfire_choices":[{"data":"Body Slam","floor":6.0,"key":"SMITH"},{"data":"Corruption","floor":10.0,"key":"SMITH"},{"data":"Immolate","floor":13.0,"key":"SMITH"},{"data":"Impervious","floor":15.0,"key":"SMITH"},{"data":"Disarm","floor":24.0,"key":"SMITH"},{"data":"Shrug It Off","floor":28.0,"key":"SMITH"},{"data":"Battle Trance","floor":30.0,"key":"SMITH"},{"floor":32,"key":"REST"},{"data":"Offering","floor":40,"key":"SMITH"},{"floor":44,"key":"REST"}],"neow_cost":"NONE","seed_source_timestamp":877250079968441,"circlet_count":0,"master_deck":["AscendersBane","Strike_R+1","Strike_R+1","Defend_R","Defend_R","Defend_R","Defend_R","Body Slam+1","Impervious+1","Corruption+1","Immolate+1","Shrug It Off+1","Sentinel+1","Disarm+1","True Grit","Shockwave","Battle Trance+1","Shrug It Off","Offering+1","Pommel Strike+1","Feel No Pain+1"],"special_seed":0,"relics":["Burning Blood","Red Skull","Mercury Hourglass","Runic Dome","Unceasing Top","Pen Nib","Oddly Smooth Stone","SlaversCollar","Paper Frog"],"potions_floor_usage":[31,42,45],"damage_taken":[{"damage":8.0,"enemies":"2 Louse","floor":1.0,"turns":4.0},{"damage":8.0,"enemies":"Cultist","floor":2.0,"turns":5.0},{"damage":2.0,"enemies":"Jaw Worm","floor":5.0,"turns":5.0},{"damage":3.0,"enemies":"3 Louse","floor":8.0,"turns":5.0},{"damage":8.0,"enemies":"Blue Slaver","floor":12.0,"turns":4.0},{"damage":10.0,"enemies":"3 Sentries","floor":14.0,"turns":4.0},{"damage":28.0,"enemies":"The Guardian","floor":16.0,"turns":8.0},{"damage":0.0,"enemies":"Spheric Guardian","floor":18.0,"turns":3.0},{"damage":13.0,"enemies":"Chosen","floor":19.0,"turns":5.0},{"damage":40.0,"enemies":"Book of Stabbing","floor":23.0,"turns":6.0},{"damage":12.0,"enemies":"Centurion and Healer","floor":25.0,"turns":4.0},{"damage":0,"enemies":"Gremlin Leader","floor":31,"turns":3},{"damage":23,"enemies":"Collector","floor":33,"turns":4},{"damage":6,"enemies":"3 Shapes","floor":35,"turns":2},{"damage":2,"enemies":"3 Darklings","floor":38,"turns":3},{"damage":6,"enemies":"4 Shapes","floor":39,"turns":3},{"damage":6,"enemies":"Reptomancer","floor":41,"turns":3},{"damage":48,"enemies":"Transient","floor":42,"turns":6},{"damage":64,"enemies":"Nemesis","floor":45,"turns":7}],"seed_played":"-1983957747716192219","potions_obtained":[{"floor":5.0,"key":"SpeedPotion"},{"floor":8.0,"key":"SpeedPotion"},{"floor":23.0,"key":"Energy Potion"},{"floor":33,"key":"Ancient Potion"},{"floor":35,"key":"FearPotion"},{"floor":42,"key":"SteroidPotion"}],"is_trial":false,"path_per_floor":["M","M","?","?","M","R","$","M","T","R","?","M","R","E","R","B",null,"M","M","?","?","$","E","R","M","T","$","R","?","R","E","R","B",null,"M","?","$","M","M","R","E","M","T","R","E"],"character_chosen":"IRONCLAD","items_purchased":["Impervious","True Grit","SkillPotion","Battle Trance"],"campfire_rested":2,"item_purchase_floors":[7,22,22,27],"current_hp_per_floor":[66,64,64,57,61,61,61,64,64,64,41,39,39,35,35,13,60,66,59,59,59,59,25,25,19,19,19,19,19,19,25,47,30,64,64,64,64,68,68,68,68,26,26,48,0],"gold":202,"neow_bonus":"HUNDRED_GOLD","is_prod":false,"is_daily":false,"chose_seed":false,"campfire_upgraded":8,"win_rate":0,"timestamp":1568986381,"path_taken":["M","M","?","?","?","R","$","M","T","R","?","M","R","E","R","BOSS","M","M","?","?","$","E","R","M","T","$","R","?","R","E","R","BOSS","M","?","?","M","M","R","E","M","T","R","E"],"build_version":"2019-09-19","purchased_purges":2,"victory":false,"max_hp_per_floor":[75,75,75,75,75,75,75,75,75,75,75,75,75,75,75,75,75,75,75,75,75,75,75,75,75,75,75,75,75,75,75,75,75,75,75,75,75,75,75,75,75,75,75,75,75],"card_choices":[{"not_picked":["Havoc","Blood for Blood","Thunderclap"],"picked":"SKIP","floor":1.0},{"not_picked":["Thunderclap","Iron Wave","Havoc"],"picked":"SKIP","floor":2.0},{"not_picked":["Pommel Strike","Heavy Blade"],"picked":"Body Slam","floor":5.0},{"not_picked":["Spot Weakness","Reckless Charge"],"picked":"Corruption","floor":8.0},{"not_picked":["Clash","Infernal Blade"],"picked":"Immolate","floor":12.0},{"not_picked":["Twin Strike","Perfected Strike"],"picked":"Shrug It Off","floor":14.0},{"not_picked":["Perfected Strike","Pommel Strike"],"picked":"Sentinel+1","floor":18.0},{"not_picked":["Whirlwind","Dual Wield"],"picked":"Disarm","floor":19.0},{"not_picked":["Wild Strike","Limit Break","True Grit"],"picked":"SKIP","floor":23.0},{"not_picked":["Shrug It Off","Sever Soul+1"],"picked":"Shockwave","floor":25.0},{"not_picked":["Corruption","Hemokinesis"],"picked":"Shrug It Off","floor":31},{"not_picked":["Feed","Reaper"],"picked":"Offering","floor":33},{"not_picked":["Warcry","Combust","Thunderclap+1"],"picked":"SKIP","floor":35},{"not_picked":["Clothesline","Sentinel","Anger"],"picked":"SKIP","floor":38},{"not_picked":["Anger","Armaments","Flex"],"picked":"SKIP","floor":39},{"not_picked":["Sword Boomerang","Iron Wave"],"picked":"Pommel Strike+1","floor":41},{"not_picked":["Warcry","Twin Strike"],"picked":"Feel No Pain+1","floor":42}],"player_experience":894856,"relics_obtained":[{"floor":9.0,"key":"Red Skull"},{"floor":14.0,"key":"Mercury Hourglass"},{"floor":23.0,"key":"Unceasing Top"},{"floor":26.0,"key":"Pen Nib"},{"floor":31,"key":"Oddly Smooth Stone"},{"floor":41,"key":"Paper Frog"}],"event_choices":[{"damage_healed":0.0,"max_hp_gain":0.0,"max_hp_loss":0.0,"gold_gain":0.0,"event_name":"Liars Game","player_choice":"Ignored","floor":3.0,"gold_loss":0.0,"damage_taken":0.0},{"damage_healed":0.0,"max_hp_gain":0.0,"max_hp_loss":0.0,"gold_gain":50.0,"event_name":"FaceTrader","player_choice":"Touch","floor":4.0,"gold_loss":0.0,"damage_taken":7.0},{"damage_healed":0.0,"max_hp_gain":0.0,"max_hp_loss":0.0,"gold_gain":0.0,"event_name":"Shining Light","player_choice":"Entered Light","floor":11.0,"gold_loss":0.0,"damage_taken":23.0,"cards_upgraded":["Strike_R","Strike_R"]},{"damage_healed":0.0,"max_hp_gain":0.0,"max_hp_loss":0.0,"gold_gain":0.0,"event_name":"Ghosts","player_choice":"Ignored","floor":20.0,"gold_loss":0.0,"damage_taken":0.0},{"cards_removed":["Strike_R"],"damage_healed":0.0,"max_hp_gain":0.0,"max_hp_loss":0.0,"gold_gain":0.0,"event_name":"Back to Basics","player_choice":"Elegance","floor":21.0,"gold_loss":0.0,"damage_taken":0.0},{"cards_removed":["Bash"],"damage_healed":0,"gold_gain":0,"player_choice":"Purged","damage_taken":0,"max_hp_gain":0,"max_hp_loss":0,"event_name":"Purifier","floor":36,"gold_loss":0}],"is_beta":true,"boss_relics":[{"not_picked":["Black Star","Philosopher\u0027s Stone"],"picked":"Runic Dome"},{"not_picked":["Busted Crown","Snecko Eye"],"picked":"SlaversCollar"}],"items_purged_floors":[7,22],"is_endless":false,"potions_floor_spawned":[5,8,23,33,35,42],"killed_by":"Nemesis","ascension_level":20}