{"gold_per_floor":[109,119,5,5,35,35,47,60,108,108,18,18,18,37,37,37],"floor_reached":16,"playtime":419,"items_purged":["Strike_G"],"score":180,"play_id":"ba1e22f1-eadf-4091-9f01-4d44a61fc506","local_time":"20190813001112","is_ascension_mode":true,"campfire_choices":[{"data":"Calculated Gamble","floor":6.0,"key":"SMITH"},{"data":"Neutralize","floor":10.0,"key":"SMITH"},{"data":"Calculated Gamble","floor":15,"key":"SMITH"}],"neow_cost":"NONE","seed_source_timestamp":561290942425260,"circlet_count":0,"master_deck":["AscendersBane","Strike_G","Strike_G","Strike_G","Strike_G+1","Defend_G+1","Defend_G","Defend_G","Defend_G","Defend_G","Survivor","Neutralize+1","Calculated Gamble+1","Escape Plan","Poisoned Stab","PiercingWail","Well Laid Plans","After Image","Calculated Gamble+1"],"special_seed":0,"relics":["Ring of the Snake","NeowsBlessing","Tiny Chest","PreservedInsect"],"potions_floor_usage":[16,16],"damage_taken":[{"damage":0.0,"enemies":"2 Louse","floor":1.0,"turns":1.0},{"damage":0.0,"enemies":"Jaw Worm","floor":2.0,"turns":1.0},{"damage":0.0,"enemies":"Small Slimes","floor":7.0,"turns":1.0},{"damage":19.0,"enemies":"Exordium Thugs","floor":8.0,"turns":9.0},{"damage":1,"enemies":"2 Fungi Beasts","floor":14,"turns":4},{"damage":25,"enemies":"Hexaghost","floor":16,"turns":14}],"seed_played":"-8248508620861826037","potions_obtained":[{"floor":7.0,"key":"Swift Potion"},{"floor":14,"key":"SkillPotion"}],"is_trial":false,"path_per_floor":["M","M","$","?","T","R","M","M","T","R","$","?","?","M","R","B"],"character_chosen":"THE_SILENT","items_purchased":["Escape Plan","Well Laid Plans"],"campfire_rested":0,"item_purchase_floors":[3,11],"current_hp_per_floor":[59,59,59,59,59,59,59,40,40,40,40,20,20,19,19,0],"gold":37,"neow_bonus":"THREE_ENEMY_KILL","is_prod":false,"is_daily":false,"chose_seed":false,"campfire_upgraded":3,"win_rate":0,"timestamp":1565622672,"path_taken":["M","M","$","?","?","R","?","M","T","R","$","?","?","?","R","BOSS"],"build_version":"2019-07-17","purchased_purges":1,"victory":false,"max_hp_per_floor":[66,66,66,66,66,66,66,66,66,66,66,66,66,66,66,66],"card_choices":[{"not_picked":["Dodge and Roll","Backflip","Finisher"],"picked":"SKIP","floor":1.0},{"not_picked":["Dash","Expertise"],"picked":"Calculated Gamble","floor":2.0},{"not_picked":["Outmaneuver","Expertise"],"picked":"Poisoned Stab","floor":7.0},{"not_picked":["Dagger Spray","Accuracy"],"picked":"PiercingWail","floor":8.0},{"not_picked":["Cloak And Dagger","Dagger Throw"],"picked":"Calculated Gamble","floor":14}],"player_experience":868731,"relics_obtained":[{"floor":5.0,"key":"Tiny Chest"},{"floor":9.0,"key":"PreservedInsect"}],"event_choices":[{"damage_healed":0.0,"max_hp_gain":0.0,"max_hp_loss":0.0,"gold_gain":0.0,"event_name":"Liars Game","player_choice":"Ignored","floor":4.0,"gold_loss":0.0,"damage_taken":0.0},{"damage_healed":0.0,"max_hp_gain":0.0,"max_hp_loss":0.0,"gold_gain":0.0,"event_name":"Shining Light","player_choice":"Entered Light","floor":12.0,"gold_loss":0.0,"damage_taken":20.0,"cards_upgraded":["Strike_G","Defend_G"]},{"damage_healed":0.0,"max_hp_gain":0.0,"max_hp_loss":0.0,"gold_gain":0.0,"event_name":"Match and Keep!","player_choice":"1 cards matched","floor":13.0,"gold_loss":0.0,"damage_taken":0.0,"cards_obtained":["After Image"]},{"damage_healed":0.0,"max_hp_gain":0.0,"max_hp_loss":0.0,"gold_gain":0.0,"event_name":"Match and Keep!","player_choice":"1 cards matched","floor":13.0,"gold_loss":0.0,"damage_taken":0.0,"cards_obtained":["After Image"]}],"is_beta":false,"boss_relics":[],"items_purged_floors":[3],"is_endless":false,"potions_floor_spawned":[7,14],"killed_by":"Hexaghost","ascension_level":20}