{"gold_per_floor":[111,111,128,128,141,141,196,196,219,278,292,27,46,60,60,160,160,180,196,196,215,6,6,22,22,22,22],"floor_reached":27,"playtime":3169,"items_purged":[],"score":255,"play_id":"ece0bbca-d887-4aa4-99ff-7f12fac0a92d","local_time":"20190110153812","is_ascension_mode":false,"campfire_choices":[{"data":"Survivor","floor":6,"key":"SMITH"},{"data":"Dagger Throw","floor":8,"key":"SMITH"},{"floor":15,"key":"REST"},{"floor":23,"key":"REST"}],"neow_cost":"NONE","seed_source_timestamp":28876781143797,"circlet_count":0,"master_deck":["Defend_G","Defend_G","Defend_G","Defend_G","Defend_G","Strike_G","Strike_G","Strike_G","Strike_G","Strike_G","Survivor+1","Neutralize","Deadly Poison","Dagger Throw+1","Dodge and Roll","Crippling Poison","Deflect","Deadly Poison","Sadistic Nature","Dramatic Entrance","Deadly Poison","Endless Agony","Catalyst","Die Die Die+1","Heel Hook","Poisoned Stab+1","Underhanded Strike","Leg Sweep","Backstab","Poisoned Stab","PiercingWail+1","Choke+1","Die Die Die","Bane","Deadly Poison"],"relics":["Ring of the Snake","Juzu Bracelet","Dream Catcher","Shuriken","GremlinMask","Nloth\u0027s Gift","Whetstone"],"potions_floor_usage":[16,16,19,24],"damage_taken":[{"damage":0,"enemies":"Small Slimes","floor":1,"turns":4},{"damage":2,"enemies":"2 Louse","floor":3,"turns":3},{"damage":0,"enemies":"Jaw Worm","floor":5,"turns":5},{"damage":35,"enemies":"3 Sentries","floor":10,"turns":16},{"damage":1,"enemies":"Exordium Thugs","floor":11,"turns":6},{"damage":4,"enemies":"Red Slaver","floor":13,"turns":3},{"damage":5,"enemies":"2 Fungi Beasts","floor":14,"turns":3},{"damage":20,"enemies":"Hexaghost","floor":16,"turns":9},{"damage":1,"enemies":"Chosen","floor":18,"turns":4},{"damage":24,"enemies":"3 Byrds","floor":19,"turns":6},{"damage":32,"enemies":"Centurion and Healer","floor":21,"turns":13},{"damage":33,"enemies":"Snake Plant","floor":24,"turns":6},{"damage":8,"enemies":"Gremlin Leader","floor":27,"turns":1}],"seed_played":"4789044555657141420","potions_obtained":[{"floor":11,"key":"SpeedPotion"},{"floor":13,"key":"AttackPotion"},{"floor":14,"key":"Energy Potion"},{"floor":24,"key":"Ancient Potion"}],"is_trial":false,"path_per_floor":["M","?","M","?","M","R","T","R","T","?","M","$","M","M","R","B",null,"M","M","?","M","$","R","M","?","T","E"],"character_chosen":"THE_SILENT","items_purchased":["Sadistic Nature","Dramatic Entrance","Die Die Die","Explosive Potion"],"campfire_rested":2,"item_purchase_floors":[12,12,22,22],"current_hp_per_floor":[70,75,73,70,70,70,70,70,70,35,34,34,30,25,47,27,75,74,50,50,18,18,40,7,7,7,0],"gold":22,"neow_bonus":"THREE_CARDS","is_prod":false,"is_daily":false,"chose_seed":false,"campfire_upgraded":2,"win_rate":0.0,"timestamp":1547163492,"path_taken":["M","?","M","?","?","R","?","R","T","?","M","$","M","M","R","BOSS","M","M","?","M","$","R","M","?","T","E"],"build_version":"2019-01-03v4","purchased_purges":0,"victory":false,"max_hp_per_floor":[70,75,75,75,75,75,75,75,75,75,75,75,75,75,75,75,75,75,75,75,75,75,75,75,75,75,75],"card_choices":[{"not_picked":["Masterful Stab","Backstab"],"picked":"Deadly Poison","floor":0},{"not_picked":["Quick Slash","Finisher"],"picked":"Dagger Throw","floor":1},{"not_picked":["Masterful Stab","Endless Agony"],"picked":"Dodge and Roll","floor":3},{"not_picked":["Skewer","Footwork"],"picked":"Crippling Poison","floor":5},{"not_picked":["Reflex","Dagger Throw"],"picked":"Deflect","floor":10},{"not_picked":["Bane","Tactician"],"picked":"Deadly Poison","floor":11},{"not_picked":["Distraction","Tactician"],"picked":"Deadly Poison","floor":13},{"not_picked":["Outmaneuver","Underhanded Strike"],"picked":"Endless Agony","floor":14},{"not_picked":["Well Laid Plans","Night Terror"],"picked":"Catalyst","floor":15},{"not_picked":["Glass Knife","Burst"],"picked":"Die Die Die","floor":16},{"not_picked":["Dagger Throw","Slice"],"picked":"Heel Hook","floor":17},{"not_picked":["Deadly Poison","Dodge and Roll"],"picked":"Poisoned Stab","floor":17},{"not_picked":["Deadly Poison","Finisher"],"picked":"Underhanded Strike","floor":17},{"not_picked":["Footwork","Dodge and Roll"],"picked":"Leg Sweep","floor":17},{"not_picked":["Slice","Reflex"],"picked":"Backstab","floor":17},{"not_picked":["Finisher","Endless Agony"],"picked":"Poisoned Stab","floor":18},{"not_picked":["Sucker Punch","Bane"],"picked":"PiercingWail+1","floor":19},{"not_picked":["Flying Knee","Dodge and Roll"],"picked":"Choke+1","floor":21},{"not_picked":["Sucker Punch","Underhanded Strike"],"picked":"Bane","floor":23},{"not_picked":["Underhanded Strike+1","Well Laid Plans"],"picked":"Deadly Poison","floor":24}],"player_experience":130771,"relics_obtained":[{"floor":7,"key":"Juzu Bracelet"},{"floor":9,"key":"Dream Catcher"},{"floor":10,"key":"Shuriken"},{"floor":26,"key":"Whetstone"}],"event_choices":[{"damage_healed":0,"gold_gain":0,"player_choice":"Donut","damage_taken":0,"max_hp_gain":5,"max_hp_loss":0,"event_name":"Big Fish","floor":2,"gold_loss":0},{"damage_healed":0,"gold_gain":0,"player_choice":"Fled","damage_taken":3,"max_hp_gain":0,"max_hp_loss":0,"event_name":"Scrap Ooze","floor":4,"gold_loss":0},{"damage_healed":0,"gold_gain":0,"player_choice":"Searched \u00271\u0027 times","damage_taken":0,"max_hp_gain":0,"max_hp_loss":0,"event_name":"Dead Adventurer","floor":10,"gold_loss":0},{"damage_healed":0,"gold_gain":0,"player_choice":"Trade","damage_taken":0,"relics_obtained":["GremlinMask"],"max_hp_gain":0,"max_hp_loss":0,"event_name":"FaceTrader","floor":20,"gold_loss":0},{"damage_healed":0,"gold_gain":0,"player_choice":"Traded Relic","damage_taken":0,"relics_obtained":["Nloth\u0027s Gift"],"max_hp_gain":0,"max_hp_loss":0,"event_name":"N\u0027loth","floor":25,"relics_lost":["Orrery"],"gold_loss":0}],"is_beta":false,"boss_relics":[{"not_picked":["Sozu","Empty Cage"],"picked":"Orrery"}],"items_purged_floors":[],"is_endless":false,"potions_floor_spawned":[11,13,14,24],"killed_by":"Gremlin Leader","ascension_level":0}