{"gold_per_floor":[118,7,25,40,51,85,96,113,139,152,164,164,182,14,14,87,87,103,83,93,110,10,10,24,24,24,24,36,100,100,100,100,177,177,196,211,7,19,34,34,84,104,182,196,211,211,6,41,41,41],"floor_reached":51,"playtime":3583,"items_purged":["Strike_P","Defend_P","Strike_P","Strike_P"],"score":1611,"play_id":"a95d64f0-09df-458a-823a-ba6e32079883","local_time":"20190912112616","is_ascension_mode":true,"campfire_choices":[{"data":"Eruption","floor":12.0,"key":"SMITH"},{"data":"MentalFortress","floor":15.0,"key":"SMITH"},{"data":"Collect","floor":23.0,"key":"SMITH"},{"data":"DevaForm","floor":25.0,"key":"SMITH"},{"data":"Vigilance","floor":27.0,"key":"SMITH"},{"data":"Protect","floor":30.0,"key":"SMITH"},{"floor":32.0,"key":"REST"},{"data":"Meditate","floor":40.0,"key":"SMITH"},{"floor":46.0,"key":"REST"},{"floor":49,"key":"REST"}],"neow_cost":"NONE","seed_source_timestamp":2410934782768900,"circlet_count":0,"master_deck":["AscendersBane","Strike_P","Defend_P","Defend_P","Defend_P","Eruption+1","Vigilance+1","EmptyFist","StepAndStrike","Fasting","Collect+1","Unraveling","Worship","MentalFortress+1","Adaptation","DevaForm+1","Establishment","Protect+1","MasterReality","Meditate+1"],"special_seed":0,"relics":["Snecko Eye","Centennial Puzzle","Lantern","TheAbacus","VioletLotus","Shuriken","Tiny Chest","Philosopher\u0027s Stone","Eternal Feather","Ancient Tea Set"],"potions_floor_usage":[50,50],"damage_taken":[{"damage":0.0,"enemies":"Cultist","floor":1.0,"turns":2.0},{"damage":0.0,"enemies":"Small Slimes","floor":3.0,"turns":2.0},{"damage":7.0,"enemies":"Jaw Worm","floor":4.0,"turns":2.0},{"damage":6.0,"enemies":"Looter","floor":5.0,"turns":3.0},{"damage":10.0,"enemies":"Lagavulin","floor":6.0,"turns":6.0},{"damage":12.0,"enemies":"Gremlin Gang","floor":7.0,"turns":2.0},{"damage":2.0,"enemies":"Large Slime","floor":8.0,"turns":4.0},{"damage":0.0,"enemies":"Blue Slaver","floor":10.0,"turns":3.0},{"damage":5.0,"enemies":"2 Fungi Beasts","floor":11.0,"turns":2.0},{"damage":0.0,"enemies":"3 Louse","floor":13.0,"turns":3.0},{"damage":0.0,"enemies":"Hexaghost","floor":16.0,"turns":9.0},{"damage":10.0,"enemies":"3 Byrds","floor":18.0,"turns":6.0},{"damage":0.0,"enemies":"Spheric Guardian","floor":20.0,"turns":4.0},{"damage":0.0,"enemies":"Snecko","floor":21.0,"turns":5.0},{"damage":22.0,"enemies":"Shelled Parasite and Fungi","floor":24.0,"turns":5.0},{"damage":0.0,"enemies":"Snake Plant","floor":28.0,"turns":3.0},{"damage":18.0,"enemies":"Gremlin Leader","floor":29.0,"turns":4.0},{"damage":0.0,"enemies":"Champ","floor":33.0,"turns":7.0},{"damage":0.0,"enemies":"3 Shapes","floor":35.0,"turns":7.0},{"damage":0.0,"enemies":"3 Darklings","floor":36.0,"turns":4.0},{"damage":4.0,"enemies":"Sphere and 2 Shapes","floor":38.0,"turns":5.0},{"damage":0.0,"enemies":"Writhing Mass","floor":39.0,"turns":4.0},{"damage":5.0,"enemies":"3 Darklings","floor":42.0,"turns":5.0},{"damage":9.0,"enemies":"Transient","floor":44.0,"turns":6.0},{"damage":24.0,"enemies":"4 Shapes","floor":45.0,"turns":4.0},{"damage":16,"enemies":"Reptomancer","floor":48,"turns":5},{"damage":19,"enemies":"Awakened One","floor":50,"turns":4}],"seed_played":"-5268405428801641198","potions_obtained":[{"floor":1.0,"key":"SpeedPotion"},{"floor":5.0,"key":"AttackPotion"},{"floor":11.0,"key":"StancePotion"},{"floor":16.0,"key":"PowerPotion"},{"floor":19.0,"key":"FairyPotion"},{"floor":36.0,"key":"FearPotion"},{"floor":39.0,"key":"Poison Potion"},{"floor":42.0,"key":"Dexterity Potion"},{"floor":44.0,"key":"DuplicationPotion"}],"is_trial":false,"path_per_floor":["M","$","M","M","M","E","M","M","T","M","M","R","M","$","R","B",null,"M","?","M","M","$","R","M","R","T","R","M","E","R","?","R","B",null,"M","M","$","M","M","R","?","M","T","M","M","R","$","E","R","B",null],"character_chosen":"WATCHER","items_purchased":["StepAndStrike","TheAbacus","Meditate","Energy Potion"],"campfire_rested":3,"item_purchase_floors":[2,14,37,47],"current_hp_per_floor":[55,55,55,48,42,32,20,18,18,18,13,13,13,13,13,13,49,39,39,39,39,39,39,17,17,17,17,17,18,18,18,36,36,55,55,55,55,51,51,51,45,40,40,31,7,37,37,21,51,32],"gold":41,"neow_bonus":"BOSS_RELIC","is_prod":false,"is_daily":false,"chose_seed":false,"campfire_upgraded":7,"win_rate":0,"timestamp":1568258776,"path_taken":["M","?","M","M","M","E","M","?","T","?","M","R","M","?","R","BOSS","M","?","?","M","$","R","M","R","T","R","M","E","R","?","R","BOSS","M","M","$","M","M","R","?","M","T","M","?","R","$","E","R","BOSS"],"build_version":"2019-09-10","purchased_purges":4,"victory":true,"max_hp_per_floor":[61,61,61,61,61,61,61,61,61,61,61,61,61,61,61,61,61,61,61,61,61,61,61,61,61,61,61,61,61,61,61,61,61,61,61,61,61,61,61,61,61,61,61,61,61,61,61,61,61,61],"card_choices":[{"not_picked":["CarveReality","EmptyBody"],"picked":"EmptyFist","floor":1.0},{"not_picked":["Halt","BowlingBash","Crescendo"],"picked":"SKIP","floor":3.0},{"not_picked":["ThirdEye","Consecrate","Weave"],"picked":"SKIP","floor":4.0},{"not_picked":["BowlingBash","FollowUp"],"picked":"Fasting","floor":5.0},{"not_picked":["CrushJoints","FlyingSleeves"],"picked":"Collect","floor":6.0},{"not_picked":["Weave","TalkToTheHand"],"picked":"Unraveling","floor":7.0},{"not_picked":["FollowUp","Crescendo"],"picked":"Worship","floor":8.0},{"not_picked":["Swivel","Sanctity"],"picked":"MentalFortress","floor":10.0},{"not_picked":["CarveReality","FollowUp","EmptyFist"],"picked":"SKIP","floor":11.0},{"not_picked":["BowlingBash","CutThroughFate"],"picked":"Adaptation","floor":13.0},{"not_picked":["MasterReality","Metaphysics"],"picked":"DevaForm","floor":16.0},{"not_picked":["Swivel","Clarity"],"picked":"Establishment","floor":18.0},{"not_picked":["FlyingSleeves","Evaluate","Wireheading"],"picked":"SKIP","floor":20.0},{"not_picked":["EmptyMind","DeceiveReality","Sanctity"],"picked":"SKIP","floor":21.0},{"not_picked":["ForeignInfluence+1","WaveOfTheHand","ClearTheMind"],"picked":"SKIP","floor":24.0},{"not_picked":["PathToVictory","Sanctity"],"picked":"Protect","floor":28.0},{"not_picked":["EmptyFist","JustLucky","Collect"],"picked":"SKIP","floor":29.0},{"not_picked":["BattleHymn","Nirvana"],"picked":"MasterReality","floor":33.0},{"not_picked":["FollowUp","Vengeance","EmptyBody"],"picked":"SKIP","floor":35.0},{"not_picked":["CutThroughFate","BowlingBash","Wireheading+1"],"picked":"SKIP","floor":36.0},{"not_picked":["LessonLearned","Halt+1","EmptyBody"],"picked":"SKIP","floor":38.0},{"not_picked":["PathToVictory","JustLucky","ForeignInfluence"],"picked":"SKIP","floor":39.0},{"not_picked":["Halt","FollowUp+1","Protect"],"picked":"SKIP","floor":42.0},{"not_picked":["Prostrate","Evaluate","Scrawl"],"picked":"SKIP","floor":44.0},{"not_picked":["Swivel","WaveOfTheHand","FollowUp"],"picked":"SKIP","floor":45.0},{"not_picked":["Crescendo+1","Vengeance+1","EmptyMind"],"picked":"SKIP","floor":48}],"player_experience":3287372,"relics_obtained":[{"floor":6.0,"key":"Centennial Puzzle"},{"floor":9.0,"key":"Lantern"},{"floor":26.0,"key":"Shuriken"},{"floor":29.0,"key":"Tiny Chest"},{"floor":43.0,"key":"Eternal Feather"},{"floor":48,"key":"Ancient Tea Set"}],"event_choices":[{"damage_healed":0.0,"max_hp_gain":0.0,"max_hp_loss":0.0,"gold_gain":0.0,"event_name":"The Woman in Blue","player_choice":"Bought 1 Potion","floor":19.0,"gold_loss":0.0,"damage_taken":0.0},{"damage_healed":0.0,"max_hp_gain":0.0,"max_hp_loss":0.0,"gold_gain":0.0,"event_name":"Cursed Tome","player_choice":"Ignored","floor":31.0,"gold_loss":0.0,"damage_taken":0.0},{"damage_healed":0.0,"max_hp_gain":0.0,"max_hp_loss":0.0,"gold_gain":50.0,"event_name":"FaceTrader","player_choice":"Touch","floor":41.0,"gold_loss":0.0,"damage_taken":6.0}],"is_beta":true,"boss_relics":[{"not_picked":["SlaversCollar","Velvet Choker"],"picked":"VioletLotus"},{"not_picked":["Black Star","Calling Bell"],"picked":"Philosopher\u0027s Stone"}],"items_purged_floors":[2,22,37,47],"is_endless":false,"potions_floor_spawned":[1,5,11,16,20,21,24,36,39,42,44],"ascension_level":18}