{"gold_per_floor":[117,117,135,147,24,24,24,24,50,69,69,84,94,110,110,211,211,229,242,242,261,261,261,261],"floor_reached":24,"playtime":1545,"items_purged":[],"score":190,"play_id":"6ec18d5c-5b3a-4d0a-87dc-52c493646250","local_time":"20190912095108","is_ascension_mode":false,"campfire_choices":[{"data":"Redo","floor":6,"key":"SMITH"},{"data":"Conserve Battery","floor":8,"key":"SMITH"},{"data":"Loop","floor":11,"key":"SMITH"},{"floor":15,"key":"REST"},{"floor":23,"key":"REST"}],"neow_cost":"NONE","seed_source_timestamp":1098670476546452,"circlet_count":0,"master_deck":["Strike_B","Strike_B","Strike_B","Strike_B","Defend_B","Defend_B","Defend_B","Defend_B","Zap+1","Dualcast","Go for the Eyes","Conserve Battery+1","Loop+1","Self Repair","Melter","Redo+1","Barrage","Sweeping Beam","Loop","Sweeping Beam","Machine Learning","Redo+1","Streamline+1","Barrage"],"relics":["Cracked Core","InkBottle"],"potions_floor_usage":[16,16,16,18],"damage_taken":[{"damage":1,"enemies":"Jaw Worm","floor":1,"turns":3},{"damage":0,"enemies":"2 Louse","floor":3,"turns":2},{"damage":0,"enemies":"Cultist","floor":4,"turns":4},{"damage":2,"enemies":"Large Slime","floor":10,"turns":5},{"damage":5,"enemies":"Gremlin Gang","floor":12,"turns":5},{"damage":16,"enemies":"Exordium Wildlife","floor":13,"turns":4},{"damage":3,"enemies":"2 Fungi Beasts","floor":14,"turns":3},{"damage":26,"enemies":"The Guardian","floor":16,"turns":10},{"damage":20,"enemies":"2 Thieves","floor":18,"turns":4},{"damage":15,"enemies":"3 Byrds","floor":19,"turns":4},{"damage":22,"enemies":"Sentry and Sphere","floor":21,"turns":4},{"damage":70,"enemies":"Book of Stabbing","floor":24,"turns":6}],"seed_played":"-8723412380006488900","potions_obtained":[{"floor":3,"key":"FearPotion"},{"floor":13,"key":"SpeedPotion"},{"floor":14,"key":"Energy Potion"},{"floor":16,"key":"Energy Potion"},{"floor":19,"key":"Ancient Potion"}],"is_trial":false,"path_per_floor":["M","?","M","M","$","R","?","R","T","M","R","M","M","M","R","B",null,"M","M","?","M","?","R","E"],"character_chosen":"DEFECT","items_purchased":["Melter","Redo"],"campfire_rested":2,"item_purchase_floors":[5,5],"current_hp_per_floor":[74,74,74,74,74,74,74,74,74,75,75,70,61,65,75,49,75,62,54,54,39,39,61,0],"gold":261,"neow_bonus":"THREE_CARDS","is_prod":false,"is_daily":false,"chose_seed":false,"campfire_upgraded":3,"win_rate":0.0,"timestamp":1568307068,"path_taken":["M","?","M","M","$","R","?","R","T","M","R","M","?","M","R","BOSS","M","M","?","?","?","R","E"],"build_version":"2019-09-11v2","purchased_purges":0,"victory":false,"max_hp_per_floor":[75,75,75,75,75,75,75,75,75,75,75,75,75,75,75,75,75,75,75,75,75,75,75,75],"card_choices":[{"not_picked":["Leap","Rebound"],"picked":"Go for the Eyes","floor":0},{"not_picked":["Go for the Eyes","Redo"],"picked":"Conserve Battery","floor":1},{"not_picked":["Leap","Sweeping Beam"],"picked":"Loop","floor":3},{"not_picked":["Coolheaded","Stack"],"picked":"Self Repair","floor":4},{"not_picked":["Rebound","Chaos"],"picked":"Barrage","floor":10},{"not_picked":["Go for the Eyes","Gash"],"picked":"Sweeping Beam","floor":12},{"not_picked":["Force Field","Barrage"],"picked":"Loop","floor":13},{"not_picked":["Barrage","Steam Power"],"picked":"Sweeping Beam","floor":14},{"not_picked":["Amplify","Biased Cognition"],"picked":"Machine Learning","floor":16},{"not_picked":["Blizzard","Ball Lightning"],"picked":"Redo+1","floor":18},{"not_picked":["Sweeping Beam","Stack+1"],"picked":"Streamline","floor":19},{"not_picked":["Gash","Hello World"],"picked":"Barrage","floor":21}],"player_experience":15807,"relics_obtained":[{"floor":9,"key":"InkBottle"}],"event_choices":[{"damage_healed":0,"gold_gain":0,"player_choice":"Ignored","damage_taken":0,"max_hp_gain":0,"max_hp_loss":0,"event_name":"Liars Game","floor":2,"gold_loss":0},{"damage_healed":0,"gold_gain":0,"player_choice":"Upgraded","damage_taken":0,"max_hp_gain":0,"max_hp_loss":0,"event_name":"Upgrade Shrine","floor":7,"gold_loss":0,"cards_upgraded":["Zap"]},{"damage_healed":0,"gold_gain":0,"player_choice":"Upgraded","damage_taken":0,"max_hp_gain":0,"max_hp_loss":0,"event_name":"Upgrade Shrine","floor":20,"gold_loss":0,"cards_upgraded":["Streamline"]},{"damage_healed":0,"gold_gain":0,"player_choice":"Ignored","damage_taken":0,"max_hp_gain":0,"max_hp_loss":0,"event_name":"Cursed Tome","floor":22,"gold_loss":0}],"is_beta":true,"boss_relics":[{"not_picked":["Sozu","Ectoplasm","Velvet Choker"]}],"items_purged_floors":[],"is_endless":false,"potions_floor_spawned":[3,13,14,16,19],"killed_by":"Book of Stabbing","ascension_level":0}