{"gold_per_floor":[119,269,281,281,281,315,108,108,108,108,120,120,130,143,143,143],"floor_reached":16,"playtime":1597,"items_purged":["Zap"],"score":175,"play_id":"faded764-2823-46c1-927a-60873c176edf","local_time":"20190129230242","is_ascension_mode":true,"campfire_choices":[{"data":"Hyperbeam","floor":8.0,"key":"SMITH"},{"data":"Sweeping Beam","floor":10.0,"key":"SMITH"},{"data":"FTL","floor":12.0,"key":"SMITH"},{"data":"Hologram","floor":15,"key":"SMITH"}],"neow_cost":"NONE","seed_source_timestamp":119047963674926,"circlet_count":0,"master_deck":["AscendersBane","Strike_B","Strike_B","Strike_B","Strike_B","Defend_B","Defend_B","Defend_B","Defend_B","Hyperbeam+1","Conserve Battery","Doubt","Sweeping Beam+1","Darkness","Hologram+1","FTL+1","Reboot","Defragment"],"special_seed":0,"relics":["Cracked Core","Centennial Puzzle","Incense Burner"],"potions_floor_usage":[],"damage_taken":[{"damage":7.0,"enemies":"Jaw Worm","floor":1.0,"turns":2.0},{"damage":1.0,"enemies":"Small Slimes","floor":3.0,"turns":3.0},{"damage":23.0,"enemies":"3 Sentries","floor":6.0,"turns":7.0},{"damage":1.0,"enemies":"Cultist","floor":11.0,"turns":3.0},{"damage":14.0,"enemies":"Red Slaver","floor":13.0,"turns":2.0},{"damage":0,"enemies":"Large Slime","floor":14,"turns":3},{"damage":13,"enemies":"Hexaghost","floor":16,"turns":8}],"seed_played":"-1448237777994054516","potions_obtained":[{"floor":6.0,"key":"SpeedPotion"},{"floor":11.0,"key":"FearPotion"}],"is_trial":false,"path_per_floor":["M","?","M","?","?","E","$","R","T","R","M","R","M","M","R","B"],"character_chosen":"DEFECT","items_purchased":["FTL","AttackPotion"],"campfire_rested":0,"item_purchase_floors":[7,7],"current_hp_per_floor":[57,57,56,56,56,33,33,33,33,33,32,32,18,18,18,5],"gold":143,"neow_bonus":"ONE_RANDOM_RARE_CARD","is_prod":false,"is_daily":false,"chose_seed":false,"campfire_upgraded":4,"win_rate":0,"timestamp":1548799362,"path_taken":["M","?","M","?","?","E","$","R","T","R","M","R","?","M","R","BOSS"],"build_version":"2019-01-17v2","purchased_purges":1,"victory":false,"max_hp_per_floor":[71,71,71,71,71,71,71,71,71,71,71,71,71,71,71,71],"card_choices":[{"not_picked":["Skim","Steam"],"picked":"Conserve Battery","floor":1.0},{"not_picked":["Streamline","Stack"],"picked":"Sweeping Beam","floor":3.0},{"not_picked":["Rebound","Loop"],"picked":"Hologram","floor":6.0},{"not_picked":["Compile Driver","Loop","Darkness"],"picked":"SKIP","floor":11.0},{"not_picked":["Sweeping Beam","Ball Lightning"],"picked":"Reboot","floor":13.0},{"not_picked":["Ball Lightning","Chill"],"picked":"Defragment","floor":14}],"player_experience":1185746,"relics_obtained":[{"floor":6.0,"key":"Centennial Puzzle"},{"floor":9.0,"key":"Incense Burner"}],"event_choices":[{"damage_healed":0.0,"max_hp_gain":0.0,"max_hp_loss":0.0,"gold_gain":150.0,"event_name":"Liars Game","player_choice":"AGREE","floor":2.0,"gold_loss":0.0,"damage_taken":0.0,"cards_obtained":["Doubt"]},{"damage_healed":0.0,"max_hp_gain":0.0,"max_hp_loss":0.0,"gold_gain":0.0,"event_name":"Shining Light","player_choice":"Ignored","floor":4.0,"gold_loss":0.0,"damage_taken":0.0},{"damage_healed":0.0,"max_hp_gain":0.0,"max_hp_loss":0.0,"gold_gain":0.0,"cards_transformed":["Dualcast"],"event_name":"Transmorgrifier","player_choice":"Transformed","floor":5.0,"gold_loss":0.0,"damage_taken":0.0,"cards_obtained":["Darkness"]}],"is_beta":false,"boss_relics":[],"items_purged_floors":[7],"is_endless":false,"potions_floor_spawned":[6,11,13,14],"killed_by":"Hexaghost","ascension_level":15}