{"gold_per_floor":[113,113,113,38,113,147,147,191,216,236,261,261,161,180,180,180],"floor_reached":16,"playtime":321,"items_purged":["Strike_G","Strike_G"],"score":316,"play_id":"bb5d79c6-0c28-43db-a738-9c19839661cb","local_time":"20190529213251","is_ascension_mode":true,"campfire_choices":[{"data":"Neutralize","floor":7.0,"key":"SMITH"},{"data":"Catalyst","floor":12.0,"key":"SMITH"},{"data":"Catalyst","floor":15,"key":"SMITH"}],"neow_cost":"NONE","seed_source_timestamp":993012310786746,"circlet_count":0,"master_deck":["AscendersBane","Strike_G","Strike_G+1","Strike_G","Defend_G","Defend_G","Defend_G","Defend_G+1","Defend_G","Survivor","Neutralize+1","PiercingWail","Catalyst+1","Catalyst+1"],"special_seed":0,"relics":["Ring of the Snake","NeowsBlessing","Golden Idol","Pocketwatch","Gremlin Horn","Snake Skull"],"potions_floor_usage":[],"damage_taken":[{"damage":0.0,"enemies":"Jaw Worm","floor":1.0,"turns":1.0},{"damage":0.0,"enemies":"Gremlin Nob","floor":6.0,"turns":1.0},{"damage":0.0,"enemies":"3 Sentries","floor":8.0,"turns":2.0},{"damage":0.0,"enemies":"Small Slimes","floor":10.0,"turns":4.0},{"damage":0.0,"enemies":"2 Louse","floor":11.0,"turns":3.0},{"damage":15,"enemies":"Exordium Thugs","floor":14,"turns":10},{"damage":0,"enemies":"The Guardian","floor":16,"turns":1}],"seed_played":"-7211954189133953718","potions_obtained":[{"floor":1.0,"key":"GhostInAJar"},{"floor":11.0,"key":"Block Potion"}],"is_trial":false,"path_per_floor":["M","?","?","$","?","E","R","E","T","M","M","R","$","M","R","B"],"character_chosen":"THE_SILENT","items_purchased":[],"campfire_rested":0,"item_purchase_floors":[],"current_hp_per_floor":[59,39,39,39,28,28,28,28,28,28,28,28,28,13,13,13],"gold":180,"neow_bonus":"THREE_ENEMY_KILL","is_prod":false,"is_daily":false,"chose_seed":false,"campfire_upgraded":3,"win_rate":0,"timestamp":1559136771,"path_taken":["M","?","?","$","?","E","R","E","T","M","?","R","?","M","R","BOSS"],"build_version":"2019-05-28","purchased_purges":2,"victory":false,"max_hp_per_floor":[66,66,60,60,60,60,60,60,60,60,60,60,60,60,60,60],"card_choices":[{"not_picked":["Bouncing Flask","Cloak And Dagger","All Out Attack"],"picked":"SKIP","floor":1.0},{"not_picked":["Slice","Phantasmal Killer","Quick Slash"],"picked":"SKIP","floor":6.0},{"not_picked":["Dodge and Roll","Predator","Sucker Punch"],"picked":"SKIP","floor":8.0},{"not_picked":["Outmaneuver","Backflip"],"picked":"PiercingWail","floor":10.0},{"not_picked":["Riddle With Holes","Dodge and Roll"],"picked":"Catalyst","floor":11.0},{"not_picked":["Infinite Blades","Quick Slash"],"picked":"Catalyst","floor":14}],"player_experience":3048280,"relics_obtained":[{"floor":6.0,"key":"Pocketwatch"},{"floor":8.0,"key":"Gremlin Horn"},{"floor":9.0,"key":"Snake Skull"}],"event_choices":[{"damage_healed":0.0,"max_hp_gain":0.0,"max_hp_loss":0.0,"gold_gain":0.0,"event_name":"Shining Light","player_choice":"Entered Light","floor":2.0,"gold_loss":0.0,"damage_taken":20.0,"cards_upgraded":["Strike_G","Defend_G"]},{"damage_healed":0.0,"max_hp_gain":0.0,"max_hp_loss":6.0,"gold_gain":0.0,"event_name":"Golden Idol","player_choice":"Lose Max HP","floor":3.0,"gold_loss":0.0,"damage_taken":0.0,"relics_obtained":["Golden Idol"]},{"damage_healed":0.0,"max_hp_gain":0.0,"max_hp_loss":0.0,"gold_gain":75.0,"event_name":"World of Goop","player_choice":"Gather Gold","floor":5.0,"gold_loss":0.0,"damage_taken":11.0}],"is_beta":true,"boss_relics":[],"items_purged_floors":[4,13],"is_endless":false,"potions_floor_spawned":[1,11],"killed_by":"The Guardian","ascension_level":20}