{"gold_per_floor":[116,86,11,11,11,42,42,53,53,63,63,63,92,12,12,84,134,150,162,182,182,12,12,29,29,29,54,153,153],"floor_reached":29,"playtime":1169,"items_purged":["Strike_P","Strike_P"],"score":593,"play_id":"968c039b-3ba7-4cc8-9a82-0bec200e5a32","local_time":"20190911183720","is_ascension_mode":true,"campfire_choices":[{"data":"Meditate","floor":11.0,"key":"SMITH"},{"data":"MentalFortress","floor":15.0,"key":"SMITH"},{"data":"Vigilance","floor":23.0,"key":"SMITH"},{"floor":25.0,"key":"REST"}],"neow_cost":"NONE","seed_source_timestamp":2353444505019900,"circlet_count":0,"master_deck":["AscendersBane","Strike_P","Strike_P+1","Defend_P","Defend_P","Defend_P","Eruption","Vigilance+1","ClearTheMind","Meditate+1","BattleHymn+1","MentalFortress+1","EmptyBody","FearNoEvil","DeusExMachina","Adaptation","EmptyMind"],"special_seed":0,"relics":["PureWater","NeowsBlessing","Gremlin Horn","Boot","Regal Pillow","Tiny House","StrikeDummy","White Beast Statue"],"potions_floor_usage":[29,29],"damage_taken":[{"damage":0.0,"enemies":"Small Slimes","floor":1.0,"turns":1.0},{"damage":0.0,"enemies":"3 Sentries","floor":6.0,"turns":2.0},{"damage":0.0,"enemies":"Cultist","floor":8.0,"turns":1.0},{"damage":9.0,"enemies":"2 Louse","floor":10.0,"turns":3.0},{"damage":17.0,"enemies":"Gremlin Nob","floor":13.0,"turns":4.0},{"damage":0.0,"enemies":"Slime Boss","floor":16.0,"turns":10.0},{"damage":11.0,"enemies":"2 Thieves","floor":18.0,"turns":5.0},{"damage":0.0,"enemies":"Chosen","floor":19.0,"turns":4.0},{"damage":19.0,"enemies":"Sentry and Sphere","floor":20.0,"turns":11.0},{"damage":14.0,"enemies":"Centurion and Healer","floor":24.0,"turns":5.0},{"damage":30.0,"enemies":"Slavers","floor":27.0,"turns":3.0},{"damage":19,"enemies":"Shelled Parasite and Fungi","floor":29,"turns":2}],"seed_played":"6885056106919255211","potions_obtained":[{"floor":2.0,"key":"Swift Potion"},{"floor":2.0,"key":"SkillPotion"},{"floor":8.0,"key":"PowerPotion"},{"floor":17.0,"key":"Strength Potion"},{"floor":19.0,"key":"Block Potion"},{"floor":20.0,"key":"Energy Potion"}],"is_trial":false,"path_per_floor":["M","?","$","?","$","E","?","M","T","M","R","?","E","$","R","B",null,"M","M","M","?","$","R","M","R","T","E","?","M"],"character_chosen":"WATCHER","items_purchased":["FearNoEvil","Adaptation"],"campfire_rested":1,"item_purchase_floors":[14,22],"current_hp_per_floor":[55,55,55,48,48,48,48,48,48,39,39,39,22,22,22,22,56,45,45,26,26,26,26,12,46,46,16,16,0],"gold":153,"neow_bonus":"THREE_ENEMY_KILL","is_prod":false,"is_daily":false,"chose_seed":false,"campfire_upgraded":3,"win_rate":0,"timestamp":1568198240,"path_taken":["M","?","?","?","$","E","?","M","T","?","R","?","E","?","R","BOSS","M","M","M","?","$","R","M","R","T","E","?","M"],"build_version":"2019-09-10","purchased_purges":2,"victory":false,"max_hp_per_floor":[61,61,61,61,61,61,61,61,61,61,61,61,61,61,61,61,66,66,66,66,66,66,66,66,66,66,66,66,66],"card_choices":[{"not_picked":["Consecrate","CrushJoints"],"picked":"ClearTheMind","floor":1.0},{"not_picked":["SandsOfTime","Swivel"],"picked":"Meditate","floor":6.0},{"not_picked":["CrushJoints","FlyingSleeves"],"picked":"MentalFortress","floor":8.0},{"not_picked":["Crescendo","BowlingBash","Halt"],"picked":"SKIP","floor":10.0},{"not_picked":["Protect","Vengeance"],"picked":"EmptyBody","floor":13.0},{"not_picked":["Alpha","Unraveling"],"picked":"DeusExMachina","floor":16.0},{"not_picked":["CutThroughFate+1","LessonLearned","JustLucky"],"picked":"SKIP","floor":18.0},{"not_picked":["Crescendo","Vengeance","StepAndStrike"],"picked":"SKIP","floor":19.0},{"not_picked":["BowlingBash","WindmillStrike","MentalFortress"],"picked":"SKIP","floor":20.0},{"not_picked":["Devotion","EmptyFist"],"picked":"EmptyMind","floor":24.0},{"not_picked":["Evaluate+1","FollowUp","CutThroughFate"],"picked":"SKIP","floor":27.0}],"player_experience":3274294,"relics_obtained":[{"floor":6.0,"key":"Gremlin Horn"},{"floor":9.0,"key":"Boot"},{"floor":13.0,"key":"Regal Pillow"},{"floor":26.0,"key":"StrikeDummy"},{"floor":27.0,"key":"White Beast Statue"}],"event_choices":[{"damage_healed":0.0,"max_hp_gain":0.0,"max_hp_loss":0.0,"gold_gain":0.0,"event_name":"The Woman in Blue","player_choice":"Bought 2 Potions","floor":2.0,"gold_loss":0.0,"damage_taken":0.0},{"cards_removed":["Defend_P"],"damage_healed":0.0,"max_hp_gain":0.0,"max_hp_loss":0.0,"gold_gain":0.0,"event_name":"Golden Wing","player_choice":"Card Removal","floor":4.0,"gold_loss":0.0,"damage_taken":7.0},{"damage_healed":0.0,"max_hp_gain":0.0,"max_hp_loss":0.0,"gold_gain":0.0,"event_name":"Match and Keep!","player_choice":"1 cards matched","floor":7.0,"gold_loss":0.0,"damage_taken":0.0,"cards_obtained":["BattleHymn"]},{"damage_healed":0.0,"max_hp_gain":0.0,"max_hp_loss":0.0,"gold_gain":0.0,"event_name":"Accursed Blacksmith","player_choice":"Forge","floor":12.0,"gold_loss":0.0,"damage_taken":0.0,"cards_upgraded":["BattleHymn"]},{"damage_healed":0.0,"max_hp_gain":0.0,"max_hp_loss":0.0,"gold_gain":99.0,"event_name":"Nest","player_choice":"Stole From Cult","floor":28.0,"gold_loss":0.0,"damage_taken":0.0}],"is_beta":true,"boss_relics":[{"not_picked":["Snecko Eye","Cursed Key"],"picked":"Tiny House"}],"items_purged_floors":[3,22],"is_endless":false,"potions_floor_spawned":[6,8,19,20,24],"killed_by":"Shelled Parasite and Fungi","ascension_level":14}