{"path_per_floor":["M","M","M","M","?","R","E","M","T","?","?","M","M","?","R","B",null,"M","M","M","?","$","R","?","R","T","?","M","M","?"],"character_chosen":"DEFECT","items_purchased":[],"gold_per_floor":[110,124,144,164,239,239,274,292,292,292,292,307,322,322,322,420,420,435,449,462,462,387,387,387,387,387,357,370,390,305,305],"floor_reached":31,"campfire_rested":0,"playtime":14200,"item_purchase_floors":[],"current_hp_per_floor":[75,74,74,74,63,63,47,45,45,45,38,34,34,34,34,2,75,47,33,31,31,31,31,31,31,31,31,4,4,4,0],"items_purged":["Decay"],"gold":305,"score":251,"play_id":"47834f9e-8238-43d1-aecb-73f1b3783361","local_time":"20180605220447","is_prod":false,"is_daily":false,"chose_seed":false,"is_ascension_mode":true,"campfire_upgraded":4,"win_rate":0.0,"timestamp":1528229087,"campfire_choices":[{"data":"Dualcast","floor":6,"key":"SMITH"},{"data":"Doom and Gloom","floor":15,"key":"SMITH"},{"data":"Beam Cell","floor":23,"key":"SMITH"},{"data":"Zap","floor":25,"key":"SMITH"}],"path_taken":["M","M","M","M","?","R","E","?","T","?","?","M","M","?","R","BOSS","M","M","M","?","$","R","?","R","T","?","M","M","?","M"],"build_version":"2018-05-31","seed_source_timestamp":120267806250535,"purchased_purges":1,"victory":false,"master_deck":["Strike_B","Defend_B","Defend_B","Defend_B","Defend_B","Zap+1","Dualcast+1","Hologram+1","Gash","Skim","Doom and Gloom+1","Echo Form","Stack+1","Streamline+1","Beam Cell+1","Tempest+1","Stack+1"],"max_hp_per_floor":[75,75,75,75,75,75,75,75,75,75,75,75,75,75,75,75,75,75,75,75,75,75,75,75,75,75,75,75,75,75,75],"relics":["Cracked Core","Ancient Tea Set","Boot","White Beast Statue","Darkstone Periapt","Oddly Smooth Stone"],"card_choices":[{"not_picked":["Melter","Redo"],"picked":"Hologram","floor":1},{"not_picked":["Heatsinks","Rebound","Steam"],"picked":"SKIP","floor":2},{"not_picked":["Conserve Battery","Reinforced Body"],"picked":"Gash","floor":3},{"not_picked":["Loop","Conserve Battery","Cold Snap"],"picked":"SKIP","floor":4},{"not_picked":["Loop","Conserve Battery","Cold Snap"],"picked":"SKIP","floor":4},{"not_picked":["Coolheaded","Chill","Fusion"],"picked":"SKIP","floor":7},{"not_picked":["Darkness","Lockon"],"picked":"Skim","floor":8},{"not_picked":["Melter","Streamline","Coolheaded"],"picked":"SKIP","floor":12},{"not_picked":["Thunder Strike","Force Field","Cold Snap"],"picked":"SKIP","floor":13},{"not_picked":["Buffer","Biased Cognition"],"picked":"Echo Form","floor":16},{"not_picked":["Chaos","Glacier"],"picked":"Stack+1","floor":18},{"not_picked":["Coolheaded","Multi-Cast"],"picked":"Streamline+1","floor":19},{"not_picked":["Coolheaded","Ball Lightning"],"picked":"Beam Cell","floor":20},{"not_picked":["Scrape","Compile Driver"],"picked":"Tempest+1","floor":28},{"not_picked":["Hello World","Hologram+1"],"picked":"Stack+1","floor":29}],"player_experience":730161,"potions_floor_usage":[7,12,16,20,20,28,28,29,29,31],"damage_taken":[{"damage":0,"enemies":"Small Slimes","floor":1,"turns":2},{"damage":1,"enemies":"Cultist","floor":2,"turns":3},{"damage":0,"enemies":"2 Louse","floor":3,"turns":2},{"damage":0,"enemies":"Red Slaver","floor":4,"turns":4},{"damage":16,"enemies":"Gremlin Nob","floor":7,"turns":3},{"damage":2,"enemies":"3 Louse","floor":8,"turns":4},{"damage":4,"enemies":"2 Fungi Beasts","floor":12,"turns":2},{"damage":0,"enemies":"Lots of Slimes","floor":13,"turns":3},{"damage":32,"enemies":"Slime Boss","floor":16,"turns":7},{"damage":28,"enemies":"Chosen","floor":18,"turns":5},{"damage":14,"enemies":"Shell Parasite","floor":19,"turns":6},{"damage":2,"enemies":"3 Cultists","floor":20,"turns":4},{"damage":27,"enemies":"Snake Plant","floor":28,"turns":4},{"damage":0,"enemies":"Chosen and Byrds","floor":29,"turns":5},{"damage":7,"enemies":"Centurion and Healer","floor":31,"turns":1}],"relics_obtained":[{"floor":7,"key":"Ancient Tea Set"},{"floor":9,"key":"Boot"},{"floor":26,"key":"Darkstone Periapt"}],"event_choices":[{"event_name":"World of Goop","player_choice":"Gather Gold","floor":5,"damage_taken":0},{"event_name":"Upgrade Shrine","player_choice":"Upgraded","floor":10,"damage_taken":0},{"event_name":"Golden Wing","player_choice":"Card Removal","floor":11,"damage_taken":0},{"event_name":"Living Wall","player_choice":"Change","floor":14,"damage_taken":0},{"event_name":"Forgotten Altar","player_choice":"Smashed Altar","floor":21,"damage_taken":0},{"event_name":"Back to Basics","player_choice":"Elegance","floor":24,"damage_taken":0},{"event_name":"The Woman in Blue","player_choice":"Bought 2 Potions","floor":27,"damage_taken":0},{"event_name":"Addict","player_choice":"Obtained Relic","floor":30,"damage_taken":0}],"boss_relics":[{"not_picked":["Eternal Feather","Velvet Choker"],"picked":"White Beast Statue"}],"items_purged_floors":[22],"potions_floor_spawned":[1,4,8,18,19,20,28,29],"seed_played":"841183105719125504","killed_by":"Centurion and Healer","ascension_level":1,"potions_obtained":[{"floor":1,"key":"Explosive Potion"},{"floor":4,"key":"AttackPotion"},{"floor":8,"key":"Energy Potion"},{"floor":18,"key":"Explosive Potion"},{"floor":19,"key":"Fire Potion"},{"floor":20,"key":"AttackPotion"},{"floor":27,"key":"Poison Potion"},{"floor":27,"key":"EssenceOfSteel"},{"floor":28,"key":"Dexterity Potion"},{"floor":29,"key":"SkillPotion"}],"is_trial":false}