{"gold_per_floor":[119,44,55,67,67,67,98,98,149,224,238,255,266,297,297,374,374,386,34,50,50,69,69,102,112,112,146,166,166,177,10,10,87,87,103,120,45,61,71,100,120,153,153,178,178,205,223,66,66,66,66,66,66,3,37,37],"floor_reached":57,"playtime":2174,"items_purged":["Strike_G","Strike_G","Strike_G","Strike_G","Strike_G"],"score":3752,"play_id":"ad486bd3-7d3a-45c4-9c71-e4a1abda5986","local_time":"20190913013642","is_ascension_mode":true,"campfire_choices":[{"data":"Grand Finale","floor":6.0,"key":"SMITH"},{"data":"Doppelganger","floor":8.0,"key":"SMITH"},{"data":"Prepared","floor":15.0,"key":"SMITH"},{"data":"Tactician","floor":23.0,"key":"SMITH"},{"data":"Acrobatics","floor":32.0,"key":"SMITH"},{"floor":45.0,"key":"RECALL"},{"data":"Backflip","floor":49.0,"key":"SMITH"},{"data":"Neutralize","floor":53.0,"key":"SMITH"}],"neow_cost":"TEN_PERCENT_HP_LOSS","seed_source_timestamp":51522190150561,"circlet_count":0,"master_deck":["AscendersBane","Defend_G","Defend_G","Defend_G","Defend_G","Defend_G","Survivor+1","Neutralize+1","Grand Finale+1","Backflip+1","Adrenaline","Doppelganger+1","Tactician+1","Prepared+1","Acrobatics","Acrobatics+1","Calculated Gamble+1"],"special_seed":0,"relics":["Ring of the Snake","Snake Skull","Centennial Puzzle","Toy Ornithopter","HoveringKite","Membership Card","White Beast Statue","Gambling Chip","The Courier","Blood Vial","FaceOfCleric","Tiny Chest","War Paint","Busted Crown","Bag of Preparation","Pen Nib","Ornamental Fan","PrismaticShard","Orrery","Lantern"],"potions_floor_usage":[56],"damage_taken":[{"damage":6.0,"enemies":"2 Louse","floor":1.0,"turns":3.0},{"damage":23.0,"enemies":"Jaw Worm","floor":3.0,"turns":9.0},{"damage":2.0,"enemies":"Cultist","floor":4.0,"turns":5.0},{"damage":0.0,"enemies":"Gremlin Nob","floor":7.0,"turns":2.0},{"damage":0.0,"enemies":"Large Slime","floor":11.0,"turns":4.0},{"damage":0.0,"enemies":"Blue Slaver","floor":12.0,"turns":10.0},{"damage":0.0,"enemies":"3 Louse","floor":13.0,"turns":2.0},{"damage":0.0,"enemies":"Lagavulin","floor":14.0,"turns":3.0},{"damage":21.0,"enemies":"Slime Boss","floor":16.0,"turns":10.0},{"damage":3.0,"enemies":"3 Byrds","floor":18.0,"turns":2.0},{"damage":21.0,"enemies":"Chosen","floor":20.0,"turns":6.0},{"damage":0.0,"enemies":"3 Cultists","floor":22.0,"turns":2.0},{"damage":0.0,"enemies":"Slavers","floor":24.0,"turns":1.0},{"damage":0.0,"enemies":"Cultist and Chosen","floor":25.0,"turns":1.0},{"damage":0.0,"enemies":"Book of Stabbing","floor":27.0,"turns":2.0},{"damage":0.0,"enemies":"Centurion and Healer","floor":28.0,"turns":1.0},{"damage":0.0,"enemies":"Snake Plant","floor":30.0,"turns":2.0},{"damage":0.0,"enemies":"Champ","floor":33.0,"turns":5.0},{"damage":0.0,"enemies":"Orb Walker","floor":35.0,"turns":1.0},{"damage":0.0,"enemies":"3 Shapes","floor":36.0,"turns":1.0},{"damage":0.0,"enemies":"Maw","floor":38.0,"turns":2.0},{"damage":0.0,"enemies":"Writhing Mass","floor":39.0,"turns":2.0},{"damage":0.0,"enemies":"Giant Head","floor":40.0,"turns":2.0},{"damage":0.0,"enemies":"3 Darklings","floor":41.0,"turns":1.0},{"damage":0.0,"enemies":"Nemesis","floor":42.0,"turns":1.0},{"damage":0.0,"enemies":"Giant Head","floor":44.0,"turns":1.0},{"damage":0.0,"enemies":"Nemesis","floor":46.0,"turns":1.0},{"damage":0.0,"enemies":"4 Shapes","floor":47.0,"turns":1.0},{"damage":0.0,"enemies":"Time Eater","floor":50.0,"turns":6.0},{"damage":0.0,"enemies":"Donu and Deca","floor":51.0,"turns":2.0},{"damage":0.0,"enemies":"Shield and Spear","floor":55.0,"turns":1.0},{"damage":58,"enemies":"The Heart","floor":56,"turns":8}],"seed_played":"36793377106630594","potions_obtained":[{"floor":4.0,"key":"GamblersBrew"},{"floor":7.0,"key":"Energy Potion"},{"floor":12.0,"key":"Explosive Potion"},{"floor":16.0,"key":"Fire Potion"},{"floor":20.0,"key":"Swift Potion"},{"floor":22.0,"key":"SkillPotion"},{"floor":24.0,"key":"Explosive Potion"},{"floor":27.0,"key":"Explosive Potion"},{"floor":28.0,"key":"Dexterity Potion"},{"floor":30.0,"key":"Strength Potion"},{"floor":38.0,"key":"LiquidBronze"},{"floor":39.0,"key":"Strength Potion"},{"floor":40.0,"key":"Ancient Potion"},{"floor":41.0,"key":"GhostInAJar"},{"floor":55.0,"key":"GhostInAJar"}],"is_trial":false,"path_per_floor":["M","$","M","M","?","R","E","R","T","?","M","M","M","E","R","B",null,"M","$","M","?","M","R","E","M","T","E","M","?","M","$","R","B",null,"M","M","$","M","M","E","M","E","T","E","R","E","M","$","R","B","B",null,"R","$","E","B",null],"character_chosen":"THE_SILENT","items_purchased":["Membership Card","White Beast Statue","Tiny Chest","War Paint","PrismaticShard","Orrery"],"campfire_rested":0,"item_purchase_floors":[19,19,31,31,48,54],"current_hp_per_floor":[53,53,30,28,28,28,28,28,28,17,17,17,17,17,17,6,47,44,44,23,23,28,28,33,33,33,43,45,45,53,53,53,56,61,63,64,64,65,66,67,68,69,69,70,70,71,72,72,72,73,74,74,74,74,75,23],"gold":37,"neow_bonus":"THREE_RARE_CARDS","is_prod":false,"is_daily":false,"chose_seed":false,"campfire_upgraded":7,"win_rate":0,"timestamp":1568306202,"path_taken":["M","$","M","M","?","R","E","R","T","?","M","?","M","E","R","BOSS","M","$","M","?","M","R","E","M","T","E","M","?","?","$","R","BOSS","M","M","$","M","M","E","M","E","T","E","R","E","M","$","R","BOSS","BOSS","R","$","E","BOSS"],"build_version":"2019-09-11v2","purchased_purges":5,"victory":true,"max_hp_per_floor":[60,60,60,60,60,60,60,60,60,60,60,60,60,60,60,60,60,60,60,60,60,60,60,60,60,60,60,60,60,61,61,61,62,62,63,64,64,65,66,67,68,69,69,70,70,71,72,72,72,73,74,74,74,74,75,76],"card_choices":[{"not_picked":["Wraith Form v2","Adrenaline"],"picked":"Grand Finale","floor":0.0},{"not_picked":["Sucker Punch","Dodge and Roll","Deadly Poison"],"picked":"SKIP","floor":1.0},{"not_picked":["Noxious Fumes","Sucker Punch"],"picked":"Backflip","floor":3.0},{"not_picked":["Catalyst","Footwork"],"picked":"Adrenaline","floor":4.0},{"not_picked":["Catalyst","Blur"],"picked":"Doppelganger","floor":7.0},{"not_picked":["Slice","Bane"],"picked":"Tactician","floor":11.0},{"not_picked":["Terror","Sucker Punch"],"picked":"Prepared","floor":12.0},{"not_picked":["Deadly Poison","PiercingWail","Skewer"],"picked":"SKIP","floor":13.0},{"not_picked":["Deadly Poison","Bullet Time","Dash"],"picked":"SKIP","floor":14.0},{"not_picked":["Outmaneuver","Slice+1","Dagger Spray"],"picked":"SKIP","floor":18.0},{"not_picked":["Bane","Outmaneuver"],"picked":"Acrobatics","floor":20.0},{"not_picked":["Escape Plan","Tactician+1","Deadly Poison+1"],"picked":"SKIP","floor":22.0},{"not_picked":["Concentrate","Footwork","Dash"],"picked":"SKIP","floor":24.0},{"not_picked":["Dagger Throw","Backflip","Deflect"],"picked":"SKIP","floor":25.0},{"not_picked":["Choke","Bullet Time","Catalyst"],"picked":"SKIP","floor":27.0},{"not_picked":["Dagger Throw","Distraction"],"picked":"Calculated Gamble","floor":28.0},{"not_picked":["Predator","Noxious Fumes","Footwork"],"picked":"SKIP","floor":30.0},{"not_picked":["Blur+1"],"picked":"SKIP","floor":35.0},{"not_picked":["Dagger Spray+1"],"picked":"SKIP","floor":36.0},{"not_picked":["Dagger Spray"],"picked":"SKIP","floor":38.0},{"not_picked":["Leg Sweep+1"],"picked":"SKIP","floor":39.0},{"not_picked":["Unload"],"picked":"SKIP","floor":40.0},{"not_picked":["Distraction"],"picked":"SKIP","floor":41.0},{"not_picked":["Infinite Blades"],"picked":"SKIP","floor":42.0},{"not_picked":["Catalyst"],"picked":"SKIP","floor":44.0},{"not_picked":["Choke"],"picked":"SKIP","floor":46.0},{"not_picked":["Sucker Punch+1"],"picked":"SKIP","floor":47.0},{"not_picked":["EmptyFist+1"],"picked":"SKIP","floor":55.0}],"player_experience":1080936,"relics_obtained":[{"floor":7.0,"key":"Snake Skull"},{"floor":9.0,"key":"Centennial Puzzle"},{"floor":14.0,"key":"Toy Ornithopter"},{"floor":24.0,"key":"Gambling Chip"},{"floor":26.0,"key":"The Courier"},{"floor":27.0,"key":"Blood Vial"},{"floor":40.0,"key":"Bag of Preparation"},{"floor":42.0,"key":"Pen Nib"},{"floor":46.0,"key":"Ornamental Fan"},{"floor":55.0,"key":"Lantern"}],"event_choices":[{"damage_healed":0.0,"max_hp_gain":0.0,"max_hp_loss":0.0,"gold_gain":0.0,"event_name":"The Cleric","player_choice":"Leave","floor":5.0,"gold_loss":0.0,"damage_taken":0.0},{"damage_healed":0.0,"max_hp_gain":0.0,"max_hp_loss":0.0,"gold_gain":75.0,"event_name":"World of Goop","player_choice":"Gather Gold","floor":10.0,"gold_loss":0.0,"damage_taken":11.0},{"damage_healed":0.0,"max_hp_gain":0.0,"max_hp_loss":0.0,"gold_gain":0.0,"event_name":"The Library","player_choice":"Read","floor":21.0,"gold_loss":0.0,"damage_taken":0.0,"cards_obtained":["Acrobatics"]},{"damage_healed":0.0,"max_hp_gain":0.0,"max_hp_loss":0.0,"gold_gain":0.0,"event_name":"FaceTrader","player_choice":"Trade","floor":29.0,"gold_loss":0.0,"damage_taken":0.0,"relics_obtained":["FaceOfCleric"]}],"is_beta":true,"boss_relics":[{"not_picked":["Fusion Hammer","Runic Dome"],"picked":"HoveringKite"},{"not_picked":["Philosopher\u0027s Stone","Sozu"],"picked":"Busted Crown"}],"items_purged_floors":[2,19,31,37,48],"is_endless":false,"potions_floor_spawned":[4,7,12,13,16,20,22,24,25,27,28,30,33,35,36,38,39,40,41,42,44,46,47,55],"ascension_level":20}