{"gold_per_floor":[116,35,46,56,56,85,85,118,118,151,31,65,65,94,106,189,201,224,236,258,270,282,321,359,397,483,522,563,210,210,239,239,313,313,330,108,118,43,43,71,71,100,123,156,156,191,237,268,268,268,268,268,268,5,30,30],"floor_reached":57,"playtime":2710,"items_purged":["Strike_R","Strike_R","Feed+1"],"score":4588,"play_id":"3d2ff438-a368-497e-b29e-144209e1951f","local_time":"20190329165301","is_ascension_mode":true,"campfire_choices":[{"data":"Corruption","floor":7.0,"key":"SMITH"},{"data":"Feel No Pain","floor":13.0,"key":"SMITH"},{"data":"Warcry","floor":15.0,"key":"SMITH"},{"data":"Feed","floor":30.0,"key":"SMITH"},{"data":"Body Slam","floor":32.0,"key":"SMITH"},{"floor":49.0,"key":"RECALL"},{"data":"Evolve","floor":53.0,"key":"SMITH"}],"neow_cost":"NONE","seed_source_timestamp":715371721083678,"circlet_count":0,"master_deck":["AscendersBane","Defend_R","Defend_R","Defend_R","Power Through","Corruption+1","Warcry+1","Second Wind","Shockwave+1","Feel No Pain+1","Shrug It Off+1","Havoc+1","Armaments+1","Body Slam+1","True Grit+1","Burning Pact+1","Entrench+1","Parasite","Intimidate+1","Clumsy","Shame","Dark Shackles+1","Panacea+1","Evolve+1"],"special_seed":0,"relics":["Runic Dome","Dead Branch","Kunai","Toxic Egg 2","WingedGreaves","Pen Nib","MawBank","Cursed Key","Enchiridion","Matryoshka","Du-Vu Doll","PreservedInsect","Self Forming Clay","Dream Catcher","Turnip","Bottled Lightning","Bag of Marbles","Empty Cage","ClockworkSouvenir","Oddly Smooth Stone","Whetstone","Gremlin Horn","Art of War","Juzu Bracelet","Bronze Scales","Smiling Mask","Unceasing Top","Paper Frog","OrangePellets","Mercury Hourglass"],"potions_floor_usage":[56,56],"damage_taken":[{"damage":2.0,"enemies":"Small Slimes","floor":1.0,"turns":3.0},{"damage":0.0,"enemies":"2 Louse","floor":3.0,"turns":2.0},{"damage":0.0,"enemies":"Jaw Worm","floor":4.0,"turns":4.0},{"damage":50.0,"enemies":"3 Sentries","floor":6.0,"turns":18.0},{"damage":0.0,"enemies":"Lagavulin","floor":8.0,"turns":4.0},{"damage":0.0,"enemies":"3 Sentries","floor":10.0,"turns":4.0},{"damage":0.0,"enemies":"Lagavulin","floor":12.0,"turns":2.0},{"damage":0.0,"enemies":"3 Sentries","floor":14.0,"turns":3.0},{"damage":0.0,"enemies":"Slime Boss","floor":16.0,"turns":3.0},{"damage":0.0,"enemies":"3 Byrds","floor":18.0,"turns":3.0},{"damage":0.0,"enemies":"Chosen","floor":20.0,"turns":4.0},{"damage":0.0,"enemies":"Book of Stabbing","floor":23.0,"turns":2.0},{"damage":0.0,"enemies":"Gremlin Leader","floor":24.0,"turns":2.0},{"damage":0.0,"enemies":"Book of Stabbing","floor":25.0,"turns":2.0},{"damage":0.0,"enemies":"Gremlin Leader","floor":27.0,"turns":3.0},{"damage":0.0,"enemies":"Slavers","floor":28.0,"turns":4.0},{"damage":0.0,"enemies":"Book of Stabbing","floor":31.0,"turns":2.0},{"damage":3.0,"enemies":"Champ","floor":33.0,"turns":5.0},{"damage":6.0,"enemies":"3 Shapes","floor":35.0,"turns":1.0},{"damage":0.0,"enemies":"Orb Walker","floor":37.0,"turns":1.0},{"damage":0.0,"enemies":"Nemesis","floor":40.0,"turns":3.0},{"damage":0.0,"enemies":"Giant Head","floor":42.0,"turns":2.0},{"damage":0.0,"enemies":"Nemesis","floor":44.0,"turns":3.0},{"damage":0.0,"enemies":"Reptomancer","floor":46.0,"turns":2.0},{"damage":0.0,"enemies":"2 Orb Walkers","floor":47.0,"turns":2.0},{"damage":6.0,"enemies":"Giant Head","floor":48.0,"turns":2.0},{"damage":0.0,"enemies":"Time Eater","floor":50.0,"turns":3.0},{"damage":0.0,"enemies":"Awakened One","floor":51.0,"turns":4.0},{"damage":6.0,"enemies":"Shield and Spear","floor":55.0,"turns":3.0},{"damage":6,"enemies":"The Heart","floor":56,"turns":7}],"seed_played":"777654418","potions_obtained":[{"floor":1.0,"key":"Ancient Potion"},{"floor":3.0,"key":"Swift Potion"},{"floor":8.0,"key":"FairyPotion"},{"floor":16.0,"key":"Dexterity Potion"},{"floor":35.0,"key":"SkillPotion"},{"floor":42.0,"key":"Block Potion"},{"floor":44.0,"key":"Swift Potion"},{"floor":46.0,"key":"PowerPotion"}],"is_trial":false,"path_per_floor":["M","$","M","M","?","E","R","E","T","E","$","E","R","E","R","B",null,"M","?","M","?","?","E","E","E","T","E","E","$","R","E","R","B",null,"M","$","M","?","$","E","T","E","T","E","?","E","?","E","R","B","B",null,"R","$","E","B",null],"character_chosen":"IRONCLAD","items_purchased":["Corruption","Feel No Pain","Bottled Lightning","ClockworkSouvenir","OrangePellets"],"campfire_rested":0,"item_purchase_floors":[2,11,29,36,54],"current_hp_per_floor":[66,66,66,66,59,9,9,9,9,9,9,9,9,9,9,9,59,59,59,59,38,38,38,38,38,38,38,38,38,38,42,42,43,73,71,71,75,75,75,79,79,83,83,87,77,81,85,83,83,83,83,107,107,107,101,95],"gold":30,"neow_bonus":"BOSS_RELIC","is_prod":false,"is_daily":false,"chose_seed":false,"campfire_upgraded":6,"win_rate":0,"timestamp":1553849581,"path_taken":["M","$","M","M","?","E","R","E","T","E","$","E","R","E","R","BOSS","M","?","M","?","?","E","E","E","T","E","E","$","R","E","R","BOSS","BOSS","M","$","M","?","?","E","?","E","T","E","?","E","?","E","R","BOSS","BOSS","R","$","E","BOSS"],"build_version":"2019-03-15","purchased_purges":3,"victory":true,"max_hp_per_floor":[75,75,75,75,75,75,75,75,75,75,75,75,75,75,75,75,75,75,75,75,75,75,75,75,75,75,75,75,75,75,79,79,83,83,87,87,91,91,91,95,95,99,99,103,103,107,111,115,115,115,115,115,115,115,115,115],"card_choices":[{"not_picked":["Infernal Blade","Flame Barrier"],"picked":"Power Through","floor":1.0},{"not_picked":["Bloodletting","Twin Strike"],"picked":"Warcry","floor":3.0},{"not_picked":["Heavy Blade","Sever Soul"],"picked":"Second Wind","floor":4.0},{"not_picked":["Perfected Strike","Iron Wave","Uppercut"],"picked":"SKIP","floor":6.0},{"not_picked":["Headbutt","Carnage","Whirlwind"],"picked":"SKIP","floor":8.0},{"not_picked":["True Grit+1","Flex+1"],"picked":"Shockwave+1","floor":10.0},{"not_picked":["Bloodletting+1","Searing Blow","Ghostly Armor+1"],"picked":"SKIP","floor":12.0},{"not_picked":["Entrench+1","Anger"],"picked":"Shrug It Off+1","floor":14.0},{"not_picked":["Pummel+1","Headbutt"],"picked":"Havoc+1","floor":18.0},{"not_picked":["Combust","Warcry+1"],"picked":"Armaments+1","floor":20.0},{"not_picked":["Heavy Blade","Dual Wield+1"],"picked":"True Grit+1","floor":23.0},{"not_picked":["Power Through+1","Dropkick","Cleave"],"picked":"SKIP","floor":24.0},{"not_picked":["Pummel","Warcry+1","Shrug It Off+1"],"picked":"SKIP","floor":25.0},{"not_picked":["Brutality","Dropkick+1"],"picked":"Burning Pact+1","floor":27.0},{"not_picked":["Whirlwind","Searing Blow+1"],"picked":"Feed","floor":28.0},{"not_picked":["Armaments+1","Pummel+1","Pommel Strike"],"picked":"SKIP","floor":31.0},{"not_picked":["True Grit+1","Clash","Twin Strike"],"picked":"SKIP","floor":35.0},{"not_picked":["Rage+1","Sentinel+1"],"picked":"Entrench+1","floor":37.0},{"not_picked":["Fiend Fire","Warcry+1","Wild Strike"],"picked":"SKIP","floor":40.0},{"not_picked":["Thunderclap","Pommel Strike","Rage+1"],"picked":"SKIP","floor":42.0},{"not_picked":["Uppercut+1","Rage+1","Twin Strike+1"],"picked":"SKIP","floor":44.0},{"not_picked":["Discovery+1","Transmutation+1"],"picked":"Dark Shackles+1","floor":45.0},{"not_picked":["Discovery+1","Enlightenment+1"],"picked":"Panacea+1","floor":45.0},{"not_picked":["Impervious+1","Flex+1"],"picked":"Evolve","floor":46.0},{"not_picked":["Juggernaut","Anger+1","Headbutt"],"picked":"SKIP","floor":48.0},{"not_picked":["Sword Boomerang","Twin Strike","Bloodletting+1"],"picked":"SKIP","floor":55.0}],"player_experience":2976624,"relics_obtained":[{"floor":6.0,"key":"Dead Branch"},{"floor":8.0,"key":"Kunai"},{"floor":9.0,"key":"Toxic Egg 2"},{"floor":10.0,"key":"WingedGreaves"},{"floor":12.0,"key":"Pen Nib"},{"floor":14.0,"key":"MawBank"},{"floor":21.0,"key":"Enchiridion"},{"floor":23.0,"key":"Matryoshka"},{"floor":24.0,"key":"Du-Vu Doll"},{"floor":25.0,"key":"PreservedInsect"},{"floor":26.0,"key":"Self Forming Clay"},{"floor":27.0,"key":"Dream Catcher"},{"floor":28.0,"key":"Turnip"},{"floor":31.0,"key":"Bag of Marbles"},{"floor":40.0,"key":"Oddly Smooth Stone"},{"floor":41.0,"key":"Whetstone"},{"floor":41.0,"key":"Gremlin Horn"},{"floor":42.0,"key":"Art of War"},{"floor":43.0,"key":"Juzu Bracelet"},{"floor":44.0,"key":"Bronze Scales"},{"floor":46.0,"key":"Smiling Mask"},{"floor":47.0,"key":"Unceasing Top"},{"floor":48.0,"key":"Paper Frog"},{"floor":55.0,"key":"Mercury Hourglass"}],"event_choices":[{"cards_removed":["Strike_R"],"damage_healed":0.0,"max_hp_gain":0.0,"max_hp_loss":0.0,"gold_gain":0.0,"event_name":"Golden Wing","player_choice":"Card Removal","floor":5.0,"gold_loss":0.0,"damage_taken":7.0},{"cards_removed":["Strike_R"],"damage_healed":0.0,"max_hp_gain":0.0,"max_hp_loss":0.0,"gold_gain":0.0,"event_name":"Back to Basics","player_choice":"Elegance","floor":19.0,"gold_loss":0.0,"damage_taken":0.0},{"damage_healed":0.0,"max_hp_gain":0.0,"max_hp_loss":0.0,"gold_gain":0.0,"event_name":"Cursed Tome","player_choice":"Obtained Book","floor":21.0,"gold_loss":0.0,"damage_taken":21.0},{"damage_healed":0.0,"max_hp_gain":0.0,"max_hp_loss":0.0,"gold_gain":0.0,"event_name":"The Library","player_choice":"Read","floor":22.0,"gold_loss":0.0,"damage_taken":0.0,"cards_obtained":["Body Slam"]},{"damage_healed":0.0,"max_hp_gain":0.0,"max_hp_loss":0.0,"gold_gain":0.0,"cards_transformed":["Shame","Defend_R"],"event_name":"Designer","player_choice":"Transformed Cards","floor":38.0,"gold_loss":75.0,"damage_taken":0.0,"cards_obtained":["Parasite","Intimidate"]},{"damage_healed":0.0,"max_hp_gain":0.0,"max_hp_loss":0.0,"gold_gain":0.0,"event_name":"SensoryStone","player_choice":"Memory 3","floor":45.0,"gold_loss":0.0,"damage_taken":10.0},{"damage_healed":0.0,"max_hp_gain":0.0,"max_hp_loss":0.0,"gold_gain":0.0,"event_name":"Mysterious Sphere","player_choice":"Fight","floor":47.0,"gold_loss":0.0,"damage_taken":0.0}],"is_beta":true,"boss_relics":[{"not_picked":["Astrolabe","Velvet Choker"],"picked":"Cursed Key"},{"not_picked":["Orrery","Pandora\u0027s Box"],"picked":"Empty Cage"}],"items_purged_floors":[11,29,54],"is_endless":false,"potions_floor_spawned":[1,3,8,16,20,23,31,33,35,37,42,44,46],"ascension_level":20}