{"gold_per_floor":[114,114,134,59,6,6,34,34,34,34,45,59,5,40,40,114,114,127,127,141,154,42,42,42,42,68,87,115,138,150,162,174,263,275,298,235,265,296,308,320,345,387,475,16,48,64,97,97,97,97,97,97,97,10,44,44],"floor_reached":57,"playtime":2684,"items_purged":["Strike_B","Parasite"],"score":2986,"play_id":"48965b8b-8caf-4bd6-914f-91f46eba4bb5","local_time":"20190909234343","is_ascension_mode":true,"campfire_choices":[{"data":"Streamline","floor":6.0,"key":"SMITH"},{"data":"Dualcast","floor":8.0,"key":"SMITH"},{"data":"Zap","floor":10.0,"key":"SMITH"},{"data":"Chaos","floor":15.0,"key":"SMITH"},{"data":"Turbo","floor":23.0,"key":"SMITH"},{"data":"Coolheaded","floor":25.0,"key":"SMITH"},{"data":"Heatsinks","floor":30.0,"key":"SMITH"},{"data":"Multi-Cast","floor":32.0,"key":"SMITH"},{"data":"Skim","floor":40.0,"key":"SMITH"},{"floor":49.0,"key":"RECALL"},{"data":"Coolheaded","floor":53.0,"key":"SMITH"}],"neow_cost":"PERCENT_DAMAGE","seed_source_timestamp":1122804004161257,"circlet_count":0,"master_deck":["AscendersBane","Zap+1","Dualcast+1","Loop","Conserve Battery","Turbo+1","Undo","Streamline+1","Meteor Strike","Chaos+1","Coolheaded+1","Heatsinks+1","Multi-Cast+1","Skim","Glacier","Skim+1","Core Surge","Hologram","Ghostly","Ghostly","Meteor Strike","Biased Cognition","Compile Driver+1","Self Repair","Heatsinks","Coolheaded+1","Coolheaded+1","Heatsinks","Force Field+1"],"special_seed":0,"relics":["Cracked Core","Bag of Marbles","Pen Nib","Meat on the Bone","Ice Cream","Runic Dome","Nilry\u0027s Codex","MawBank","Empty Cage","Mango","Singing Bowl","Mummified Hand","Question Card","Anchor","Smiling Mask","Orichalcum"],"potions_floor_usage":[55,56],"damage_taken":[{"damage":0.0,"enemies":"Small Slimes","floor":1.0,"turns":3.0},{"damage":2.0,"enemies":"Jaw Worm","floor":3.0,"turns":4.0},{"damage":0.0,"enemies":"Lagavulin","floor":7.0,"turns":7.0},{"damage":0.0,"enemies":"Cultist","floor":11.0,"turns":3.0},{"damage":11.0,"enemies":"Large Slime","floor":12.0,"turns":5.0},{"damage":0.0,"enemies":"Gremlin Nob","floor":14.0,"turns":2.0},{"damage":12.0,"enemies":"Hexaghost","floor":16.0,"turns":9.0},{"damage":15.0,"enemies":"Chosen","floor":18.0,"turns":5.0},{"damage":7.0,"enemies":"3 Byrds","floor":20.0,"turns":6.0},{"damage":0.0,"enemies":"Snake Plant","floor":21.0,"turns":1.0},{"damage":17.0,"enemies":"Shelled Parasite and Fungi","floor":27.0,"turns":4.0},{"damage":12.0,"enemies":"Gremlin Leader","floor":28.0,"turns":5.0},{"damage":0.0,"enemies":"Chosen and Byrds","floor":29.0,"turns":4.0},{"damage":14.0,"enemies":"Champ","floor":33.0,"turns":9.0},{"damage":9.0,"enemies":"Orb Walker","floor":35.0,"turns":3.0},{"damage":2.0,"enemies":"3 Shapes","floor":37.0,"turns":4.0},{"damage":0.0,"enemies":"Transient","floor":38.0,"turns":6.0},{"damage":0.0,"enemies":"Writhing Mass","floor":41.0,"turns":5.0},{"damage":2.0,"enemies":"Reptomancer","floor":42.0,"turns":5.0},{"damage":3.0,"enemies":"Nemesis","floor":45.0,"turns":3.0},{"damage":10.0,"enemies":"3 Darklings","floor":46.0,"turns":2.0},{"damage":0.0,"enemies":"Reptomancer","floor":47.0,"turns":3.0},{"damage":0.0,"enemies":"Awakened One","floor":50.0,"turns":5.0},{"damage":19.0,"enemies":"Time Eater","floor":51.0,"turns":5.0},{"damage":7,"enemies":"Shield and Spear","floor":55,"turns":4},{"damage":10,"enemies":"The Heart","floor":56,"turns":8}],"seed_played":"-5170091649948571846","potions_obtained":[{"floor":1.0,"key":"GamblersBrew"},{"floor":7.0,"key":"Dexterity Potion"},{"floor":14.0,"key":"PowerPotion"},{"floor":16.0,"key":"Strength Potion"},{"floor":20.0,"key":"GamblersBrew"},{"floor":24.0,"key":"FocusPotion"},{"floor":42.0,"key":"PowerPotion"}],"is_trial":false,"path_per_floor":["M","?","M","?","$","R","E","R","T","R","M","M","$","E","R","B",null,"M","?","M","M","$","R","?","R","T","M","E","M","R","?","R","B",null,"M","?","M","M","?","R","M","E","T","$","E","M","E","?","R","B","B",null,"R","$","E","B",null],"character_chosen":"DEFECT","items_purchased":["Streamline","Coolheaded","Skim","Mummified Hand","Heatsinks","Coolheaded","Heatsinks"],"campfire_rested":0,"item_purchase_floors":[5,13,22,44,44,44,54],"current_hp_per_floor":[46,41,39,39,39,39,39,39,39,39,39,40,40,40,40,40,63,48,27,32,44,44,44,44,44,44,39,39,39,39,35,35,21,32,23,23,21,21,21,21,21,33,33,33,37,36,45,45,45,50,38,47,47,47,47,44],"gold":44,"neow_bonus":"TRANSFORM_TWO_CARDS","is_prod":false,"is_daily":false,"chose_seed":false,"campfire_upgraded":10,"win_rate":0,"timestamp":1568043823,"path_taken":["M","?","M","?","$","R","E","R","T","R","M","M","?","E","R","BOSS","M","?","M","M","$","R","?","R","T","?","E","M","R","?","R","BOSS","M","?","?","?","?","R","?","E","T","?","E","M","E","?","R","BOSS","BOSS","R","$","E","BOSS"],"build_version":"2019-07-17","purchased_purges":2,"victory":true,"max_hp_per_floor":[71,71,71,71,71,71,71,71,71,71,71,71,71,71,71,71,71,71,71,71,71,71,71,71,71,71,71,71,71,71,35,35,35,35,35,35,35,35,35,35,35,49,49,46,46,48,50,50,50,50,50,50,50,50,50,50],"card_choices":[{"not_picked":["Hologram","Redo"],"picked":"Turbo","floor":1.0},{"not_picked":["Cold Snap","Ball Lightning"],"picked":"Undo","floor":3.0},{"not_picked":["Cold Snap","Hologram"],"picked":"Meteor Strike","floor":7.0},{"not_picked":["Barrage","Cold Snap"],"picked":"Chaos","floor":11.0},{"not_picked":["Stack","Go for the Eyes","Gash"],"picked":"SKIP","floor":12.0},{"not_picked":["Gash","Electrodynamics"],"picked":"Heatsinks","floor":14.0},{"not_picked":["All For One","Seek"],"picked":"Multi-Cast","floor":16.0},{"not_picked":["Conserve Battery","Storm"],"picked":"Skim","floor":18.0},{"not_picked":["Lockon","Beam Cell","Go for the Eyes"],"picked":"SKIP","floor":20.0},{"not_picked":["Consume","Loop"],"picked":"Glacier","floor":21.0},{"not_picked":["Ball Lightning","Steam","Go for the Eyes"],"picked":"SKIP","floor":27.0},{"not_picked":["Cold Snap+1","Streamline"],"picked":"Core Surge","floor":28.0},{"not_picked":["Sweeping Beam","Genetic Algorithm"],"picked":"Hologram","floor":29.0},{"not_picked":["Creative AI","Multi-Cast"],"picked":"Meteor Strike","floor":33.0},{"not_picked":["Ball Lightning+1","Redo","Barrage"],"picked":"SKIP","floor":35.0},{"not_picked":["Chill+1","Lockon","Sweeping Beam"],"picked":"SKIP","floor":37.0},{"not_picked":["Ball Lightning","Force Field","Streamline+1"],"picked":"SKIP","floor":38.0},{"not_picked":["Streamline","Reprogram+1"],"picked":"Compile Driver+1","floor":41.0},{"not_picked":["BootSequence","Loop"],"picked":"Self Repair","floor":42.0},{"not_picked":["Heatsinks","Melter+1"],"picked":"Coolheaded+1","floor":45.0},{"not_picked":["Beam Cell","Steam Power","Storm","Lockon"],"picked":"Singing Bowl","floor":46.0},{"not_picked":["Leap+1","Gash","Rebound","Ball Lightning"],"picked":"Singing Bowl","floor":47.0},{"not_picked":["Loop","Gash","BootSequence"],"picked":"Force Field+1","floor":55}],"player_experience":2277339,"relics_obtained":[{"floor":7.0,"key":"Pen Nib"},{"floor":9.0,"key":"Meat on the Bone"},{"floor":14.0,"key":"Ice Cream"},{"floor":19.0,"key":"Nilry\u0027s Codex"},{"floor":28.0,"key":"MawBank"},{"floor":42.0,"key":"Mango"},{"floor":43.0,"key":"Singing Bowl"},{"floor":45.0,"key":"Question Card"},{"floor":47.0,"key":"Anchor"},{"floor":55,"key":"Orichalcum"}],"event_choices":[{"damage_healed":0.0,"max_hp_gain":0.0,"max_hp_loss":0.0,"gold_gain":0.0,"event_name":"Scrap Ooze","player_choice":"Success","floor":2.0,"gold_loss":0.0,"damage_taken":5.0,"relics_obtained":["Bag of Marbles"]},{"cards_removed":["Defend_B"],"damage_healed":0.0,"max_hp_gain":0.0,"max_hp_loss":0.0,"gold_gain":0.0,"event_name":"The Cleric","player_choice":"Card Removal","floor":4.0,"gold_loss":75.0,"damage_taken":0.0},{"damage_healed":0.0,"max_hp_gain":0.0,"max_hp_loss":0.0,"gold_gain":0.0,"event_name":"Cursed Tome","player_choice":"Obtained Book","floor":19.0,"gold_loss":0.0,"damage_taken":21.0},{"damage_healed":0.0,"max_hp_gain":0.0,"max_hp_loss":0.0,"gold_gain":0.0,"event_name":"Lab","player_choice":"Got Potions","floor":24.0,"gold_loss":0.0,"damage_taken":0.0},{"damage_healed":0.0,"max_hp_gain":0.0,"max_hp_loss":36.0,"gold_gain":0.0,"event_name":"Ghosts","player_choice":"Became a Ghost","floor":31.0,"gold_loss":0.0,"damage_taken":0.0,"cards_obtained":["Ghostly","Ghostly","Ghostly"]},{"damage_healed":0.0,"max_hp_gain":0.0,"max_hp_loss":0.0,"gold_gain":0.0,"cards_transformed":["Defend_B","Defend_B"],"event_name":"Designer","player_choice":"Transformed Cards","floor":36.0,"gold_loss":75.0,"damage_taken":0.0,"cards_obtained":["Biased Cognition","Ball Lightning"]},{"cards_removed":["Ball Lightning"],"damage_healed":0.0,"max_hp_gain":0.0,"max_hp_loss":0.0,"gold_gain":0.0,"event_name":"Purifier","player_choice":"Purged","floor":39.0,"gold_loss":0.0,"damage_taken":0.0},{"cards_removed":["Ghostly"],"damage_healed":0.0,"max_hp_gain":0.0,"max_hp_loss":0.0,"gold_gain":0.0,"event_name":"WeMeetAgain","player_choice":"Gave Card","floor":48.0,"gold_loss":0.0,"damage_taken":0.0,"relics_obtained":["Smiling Mask"]}],"is_beta":false,"boss_relics":[{"not_picked":["Tiny House","Fusion Hammer"],"picked":"Runic Dome"},{"not_picked":["Sozu","Eternal Feather"],"picked":"Empty Cage"}],"items_purged_floors":[22,44],"is_endless":false,"potions_floor_spawned":[1,7,14,16,18,20,29,38,42,46,47],"ascension_level":20}