{"gold_per_floor":[110,126,144,155,168,168,185,185,257,257,274,274,24,40,40,142,142,154,6,6,16,29,58,58,75,143,162,181,199,199,7,7,7],"floor_reached":33,"playtime":3460,"items_purged":[],"score":290,"play_id":"8de4a7a3-e44d-45e8-ab78-0e39e15b9986","local_time":"20190105133237","is_ascension_mode":false,"campfire_choices":[{"data":"Cleave","floor":6,"key":"SMITH"},{"floor":8,"key":"REST"},{"data":"Perfected Strike","floor":15,"key":"SMITH"},{"floor":24,"key":"REST"},{"floor":32,"key":"REST"}],"neow_cost":"NONE","seed_source_timestamp":85187091097214,"circlet_count":0,"master_deck":["Strike_R","Strike_R","Strike_R","Strike_R","Strike_R","Defend_R","Defend_R","Defend_R","Defend_R","Bash","Ghostly Armor","Twin Strike","Uppercut","Perfected Strike+1","Cleave+1","Thunderclap","Anger+1","Battle Trance","Pommel Strike","Feed","Blood for Blood+1","Dramatic Entrance","Anger","Carnage","Clash+1","Evolve+1","Headbutt+1","Barricade","Disarm+1","Flex","Infernal Blade"],"relics":["Black Blood","Pantograph","Bag of Marbles","Red Skull","Sundial","Strawberry"],"potions_floor_usage":[11,11,14,16,16,22,23,23,27,27,28],"damage_taken":[{"damage":0,"enemies":"Cultist","floor":1,"turns":5},{"damage":6,"enemies":"Jaw Worm","floor":2,"turns":3},{"damage":1,"enemies":"2 Louse","floor":3,"turns":3},{"damage":15,"enemies":"Lots of Slimes","floor":4,"turns":5},{"damage":5,"enemies":"Looter","floor":5,"turns":3},{"damage":21,"enemies":"Exordium Wildlife","floor":7,"turns":4},{"damage":17,"enemies":"Gremlin Gang","floor":11,"turns":3},{"damage":2,"enemies":"Exordium Thugs","floor":14,"turns":4},{"damage":35,"enemies":"The Guardian","floor":16,"turns":8},{"damage":15,"enemies":"Spheric Guardian","floor":18,"turns":4},{"damage":5,"enemies":"Chosen","floor":21,"turns":3},{"damage":8,"enemies":"Snecko","floor":22,"turns":3},{"damage":45,"enemies":"Book of Stabbing","floor":23,"turns":5},{"damage":21,"enemies":"Snake Plant","floor":25,"turns":3},{"damage":0,"enemies":"Chosen and Byrds","floor":27,"turns":3},{"damage":12,"enemies":"Centurion and Healer","floor":28,"turns":3},{"damage":25,"enemies":"Sentry and Sphere","floor":29,"turns":5},{"damage":102,"enemies":"Champ","floor":33,"turns":10}],"seed_played":"-772559053493740451","potions_obtained":[{"floor":1,"key":"SmokeBomb"},{"floor":3,"key":"FearPotion"},{"floor":5,"key":"SteroidPotion"},{"floor":7,"key":"Weak Potion"},{"floor":14,"key":"SteroidPotion"},{"floor":18,"key":"EntropicBrew"},{"floor":21,"key":"Strength Potion"},{"floor":25,"key":"FearPotion"},{"floor":27,"key":"Poison Potion"}],"is_trial":false,"path_per_floor":["M","M","M","M","M","R","M","R","T","?","M","?","$","M","R","B",null,"M","$","?","M","M","E","R","M","T","M","M","M","?","$","R","B"],"character_chosen":"IRONCLAD","items_purchased":["Bag of Marbles","Fire Potion","Block Potion","Dramatic Entrance","Anger","Strawberry","Infernal Blade"],"campfire_rested":3,"item_purchase_floors":[13,13,13,19,19,31,31],"current_hp_per_floor":[80,80,80,71,72,72,57,80,80,80,69,69,69,73,73,51,80,75,75,75,80,80,45,69,61,61,74,72,60,60,67,95,0],"gold":7,"neow_bonus":"THREE_CARDS","is_prod":false,"is_daily":false,"chose_seed":false,"campfire_upgraded":2,"win_rate":0.0,"timestamp":1546723957,"path_taken":["M","M","M","M","?","R","M","R","T","?","M","?","$","M","R","BOSS","M","$","?","?","M","E","R","M","T","M","M","M","?","?","R","BOSS"],"build_version":"2019-01-03v4","purchased_purges":0,"victory":false,"max_hp_per_floor":[80,80,80,80,80,80,80,80,80,80,80,80,80,80,80,80,80,80,80,80,80,80,80,80,83,83,86,86,89,89,96,96,96],"card_choices":[{"not_picked":["Thunderclap","Pommel Strike"],"picked":"Ghostly Armor","floor":0},{"not_picked":["Bloodletting","Body Slam"],"picked":"Twin Strike","floor":1},{"not_picked":["Corruption","Inflame"],"picked":"Uppercut","floor":2},{"not_picked":["Flex","Inflame"],"picked":"Perfected Strike","floor":3},{"not_picked":["True Grit","Second Wind"],"picked":"Cleave","floor":4},{"not_picked":["Dark Embrace","Iron Wave"],"picked":"Thunderclap","floor":5},{"not_picked":["Heavy Blade","Sword Boomerang"],"picked":"Anger","floor":7},{"not_picked":["Corruption","Pummel"],"picked":"Battle Trance","floor":11},{"not_picked":["Hemokinesis","Burning Pact"],"picked":"Pommel Strike","floor":14},{"not_picked":["Brutality","Barricade"],"picked":"Feed","floor":16},{"not_picked":["Reckless Charge","Twin Strike"],"picked":"Blood for Blood+1","floor":18},{"not_picked":["Flex","Shrug It Off"],"picked":"Carnage","floor":21},{"not_picked":["Clothesline","Iron Wave"],"picked":"Clash+1","floor":22},{"not_picked":["Power Through","Clothesline"],"picked":"Evolve+1","floor":23},{"not_picked":["Heavy Blade+1","Ghostly Armor"],"picked":"Headbutt+1","floor":25},{"not_picked":["Seeing Red+1","Thunderclap"],"picked":"Barricade","floor":27},{"not_picked":["Hemokinesis","Heavy Blade"],"picked":"Disarm+1","floor":28},{"not_picked":["Clothesline","Combust"],"picked":"Flex","floor":29}],"player_experience":106298,"relics_obtained":[{"floor":9,"key":"Pantograph"},{"floor":23,"key":"Red Skull"},{"floor":26,"key":"Sundial"}],"event_choices":[{"damage_healed":0,"gold_gain":0,"player_choice":"Leave","damage_taken":0,"max_hp_gain":0,"max_hp_loss":0,"event_name":"The Cleric","floor":10,"gold_loss":0},{"damage_healed":0,"gold_gain":0,"player_choice":"Ignored","damage_taken":0,"max_hp_gain":0,"max_hp_loss":0,"event_name":"Golden Idol","floor":12,"gold_loss":0},{"damage_healed":0,"gold_gain":0,"player_choice":"Forge","damage_taken":0,"max_hp_gain":0,"max_hp_loss":0,"event_name":"Accursed Blacksmith","floor":20,"gold_loss":0,"cards_upgraded":["Anger"]},{"damage_healed":0,"gold_gain":0,"player_choice":"Ignored","damage_taken":0,"max_hp_gain":0,"max_hp_loss":0,"event_name":"Cursed Tome","floor":30,"gold_loss":0}],"is_beta":false,"boss_relics":[{"not_picked":["Coffee Dripper","Calling Bell"],"picked":"Black Blood"}],"items_purged_floors":[],"is_endless":false,"potions_floor_spawned":[1,3,5,7,14,18,21,25,27],"killed_by":"Champ","ascension_level":0}