{"gold_per_floor":[116,126,139,153,153,185,185,202,225,225,225,150,35,53,53,129,129,149,149,49,67,67,101,101,128,128,157,157,175,234,254,254,330,380,400,424,444,456,234,264,264,289,340,340,340,352,364,389,389,389,389,389,389,3,29,29],"floor_reached":57,"playtime":2163,"items_purged":["Strike_G","Strike_G","Neutralize","Defend_G"],"score":3665,"play_id":"3ced2aaf-8bd6-4737-9e69-4cef8e3bfe43","local_time":"20190819140359","is_ascension_mode":true,"campfire_choices":[{"data":"Acrobatics","floor":7.0,"key":"SMITH"},{"data":"Corpse Explosion","floor":10.0,"key":"SMITH"},{"data":"Tactician","floor":15.0,"key":"SMITH"},{"data":"Adrenaline","floor":24.0,"key":"SMITH"},{"data":"Prepared","floor":32.0,"key":"SMITH"},{"data":"Reflex","floor":41.0,"key":"SMITH"},{"floor":49.0,"key":"RECALL"},{"data":"Deep Breath","floor":53.0,"key":"SMITH"}],"neow_cost":"NONE","seed_source_timestamp":381673386226821,"circlet_count":0,"master_deck":["AscendersBane","Defend_G","Defend_G","Defend_G","Defend_G+1","Survivor","Adrenaline+1","Corpse Explosion+1","Flechettes+1","PiercingWail","Acrobatics+1","Tactician+1","Crippling Poison","Ghostly","Ghostly","Ghostly","Prepared+1","Calculated Gamble+1","Backflip","Deep Breath+1","Reflex+1","Ghostly"],"special_seed":0,"relics":["Ring of the Snake","Art of War","Omamori","Runic Pyramid","Ancient Tea Set","Happy Flower","Boot","Tiny Chest","Tiny House","Strawberry","Vajra","Smiling Mask","Anchor","Potion Belt","DollysMirror","Orichalcum"],"potions_floor_usage":[56,56,56,56,56,56,56],"damage_taken":[{"damage":2.0,"enemies":"Small Slimes","floor":1.0,"turns":4.0},{"damage":7.0,"enemies":"Cultist","floor":2.0,"turns":6.0},{"damage":0.0,"enemies":"Jaw Worm","floor":3.0,"turns":6.0},{"damage":4.0,"enemies":"2 Fungi Beasts","floor":4.0,"turns":2.0},{"damage":42.0,"enemies":"Lagavulin","floor":6.0,"turns":8.0},{"damage":0.0,"enemies":"Looter","floor":8.0,"turns":4.0},{"damage":0.0,"enemies":"Gremlin Gang","floor":14.0,"turns":2.0},{"damage":1.0,"enemies":"The Guardian","floor":16.0,"turns":14.0},{"damage":4.0,"enemies":"Chosen","floor":18.0,"turns":3.0},{"damage":0.0,"enemies":"Spheric Guardian","floor":21.0,"turns":2.0},{"damage":0.0,"enemies":"Slavers","floor":23.0,"turns":2.0},{"damage":0.0,"enemies":"Book of Stabbing","floor":25.0,"turns":4.0},{"damage":0.0,"enemies":"Gremlin Leader","floor":27.0,"turns":5.0},{"damage":0.0,"enemies":"Centurion and Healer","floor":29.0,"turns":3.0},{"damage":0.0,"enemies":"Slavers","floor":30.0,"turns":3.0},{"damage":0.0,"enemies":"3 Cultists","floor":31.0,"turns":2.0},{"damage":0.0,"enemies":"Automaton","floor":33.0,"turns":7.0},{"damage":0.0,"enemies":"3 Shapes","floor":35.0,"turns":3.0},{"damage":0.0,"enemies":"3 Darklings","floor":37.0,"turns":2.0},{"damage":0.0,"enemies":"Spire Growth","floor":38.0,"turns":4.0},{"damage":16.0,"enemies":"Nemesis","floor":40.0,"turns":5.0},{"damage":0.0,"enemies":"Giant Head","floor":42.0,"turns":2.0},{"damage":0.0,"enemies":"Transient","floor":46.0,"turns":6.0},{"damage":0.0,"enemies":"Jaw Worm Horde","floor":47.0,"turns":2.0},{"damage":0.0,"enemies":"Nemesis","floor":48.0,"turns":3.0},{"damage":0.0,"enemies":"Time Eater","floor":50.0,"turns":5.0},{"damage":0.0,"enemies":"Awakened One","floor":51.0,"turns":4.0},{"damage":0.0,"enemies":"Shield and Spear","floor":55.0,"turns":3.0},{"damage":0,"enemies":"The Heart","floor":56,"turns":5}],"seed_played":"1359076885522006422","potions_obtained":[{"floor":3.0,"key":"Ancient Potion"},{"floor":6.0,"key":"Block Potion"},{"floor":16.0,"key":"Explosive Potion"},{"floor":18.0,"key":"SkillPotion"},{"floor":25.0,"key":"GamblersBrew"},{"floor":40.0,"key":"Dexterity Potion"}],"is_trial":false,"path_per_floor":["M","M","M","M","?","E","R","M","T","R","?","?","$","M","R","B",null,"M","?","$","M","?","E","R","E","T","E","?","M","E","M","R","B",null,"M","T","M","M","$","E","R","E","T","?","?","M","M","E","R","B","B",null,"R","$","E","B",null],"character_chosen":"THE_SILENT","items_purchased":["Tactician","Deep Breath","EntropicBrew","DollysMirror"],"campfire_rested":0,"item_purchase_floors":[13,39,54,54],"current_hp_per_floor":[57,50,50,46,46,4,4,4,4,4,4,4,4,4,4,3,50,46,46,46,46,33,33,33,33,33,33,33,33,33,33,33,33,38,38,45,45,45,45,29,29,29,29,29,29,29,29,29,29,29,29,41,41,41,41,41],"gold":29,"neow_bonus":"ONE_RANDOM_RARE_CARD","is_prod":false,"is_daily":false,"chose_seed":false,"campfire_upgraded":7,"win_rate":0,"timestamp":1566191039,"path_taken":["M","M","M","M","?","E","R","?","T","R","?","?","$","M","R","BOSS","M","?","$","?","?","E","R","E","T","E","?","M","E","?","R","BOSS","M","?","?","M","$","E","R","E","T","?","?","M","M","E","R","BOSS","BOSS","R","$","E","BOSS"],"build_version":"2019-07-17","purchased_purges":4,"victory":true,"max_hp_per_floor":[66,66,66,66,66,66,66,66,66,66,66,66,66,66,66,66,66,66,66,66,66,33,33,33,33,33,33,33,33,33,33,33,33,38,38,45,45,45,45,45,45,45,45,45,45,45,45,45,45,45,45,45,45,45,45,45],"card_choices":[{"not_picked":["Slice","Underhanded Strike","Outmaneuver"],"picked":"SKIP","floor":1.0},{"not_picked":["Eviscerate","Accuracy"],"picked":"Corpse Explosion","floor":2.0},{"not_picked":["Deadly Poison","Skewer"],"picked":"Flechettes","floor":3.0},{"not_picked":["Crippling Poison","Backflip"],"picked":"PiercingWail","floor":4.0},{"not_picked":["Dagger Spray","Quick Slash"],"picked":"Acrobatics","floor":6.0},{"not_picked":["Acrobatics","Malaise","Deadly Poison"],"picked":"SKIP","floor":8.0},{"not_picked":["Concentrate","Underhanded Strike","Dash"],"picked":"SKIP","floor":14.0},{"not_picked":["Backflip","Crippling Poison","Deadly Poison"],"picked":"SKIP","floor":18.0},{"not_picked":["Flechettes","Cloak And Dagger","Expertise"],"picked":"SKIP","floor":21.0},{"not_picked":["Poisoned Stab+1","Corpse Explosion","Distraction"],"picked":"SKIP","floor":23.0},{"not_picked":["Dagger Spray","Accuracy","Crippling Poison+1"],"picked":"SKIP","floor":25.0},{"not_picked":["Deflect","Finisher+1"],"picked":"Prepared","floor":27.0},{"not_picked":["Backstab","Dash","Tactician+1"],"picked":"SKIP","floor":29.0},{"not_picked":["Infinite Blades","Expertise+1","Wraith Form v2"],"picked":"SKIP","floor":30.0},{"not_picked":["Accuracy","Heel Hook+1","Tactician"],"picked":"SKIP","floor":31.0},{"not_picked":["Quick Slash","Deadly Poison"],"picked":"Calculated Gamble+1","floor":34.0},{"not_picked":["Prepared+1","Cloak And Dagger+1"],"picked":"Backflip","floor":35.0},{"not_picked":["Sucker Punch+1","Dagger Spray","Backflip"],"picked":"SKIP","floor":37.0},{"not_picked":["Slice+1","Noxious Fumes","Dodge and Roll"],"picked":"SKIP","floor":38.0},{"not_picked":["Accuracy","Expertise+1"],"picked":"Reflex","floor":40.0},{"not_picked":["Dagger Throw","Endless Agony","Bouncing Flask"],"picked":"SKIP","floor":42.0},{"not_picked":["Blur","Dodge and Roll","Choke"],"picked":"SKIP","floor":46.0},{"not_picked":["Blur","Dodge and Roll","Choke"],"picked":"SKIP","floor":46.0},{"not_picked":["Slice+1","Dagger Spray","Flying Knee"],"picked":"SKIP","floor":47.0},{"not_picked":["Endless Agony","Crippling Poison","Outmaneuver"],"picked":"SKIP","floor":48.0},{"not_picked":["Eviscerate","Backflip","Slice"],"picked":"SKIP","floor":55.0}],"player_experience":938063,"relics_obtained":[{"floor":6.0,"key":"Art of War"},{"floor":9.0,"key":"Omamori"},{"floor":23.0,"key":"Ancient Tea Set"},{"floor":25.0,"key":"Happy Flower"},{"floor":27.0,"key":"Boot"},{"floor":30.0,"key":"Tiny Chest"},{"floor":36.0,"key":"Strawberry"},{"floor":40.0,"key":"Vajra"},{"floor":42.0,"key":"Smiling Mask"},{"floor":43.0,"key":"Anchor"},{"floor":48.0,"key":"Potion Belt"},{"floor":55.0,"key":"Orichalcum"}],"event_choices":[{"damage_healed":0.0,"max_hp_gain":0.0,"max_hp_loss":0.0,"gold_gain":0.0,"event_name":"Accursed Blacksmith","player_choice":"Forge","floor":5.0,"gold_loss":0.0,"damage_taken":0.0,"cards_upgraded":["Flechettes"]},{"cards_removed":["Strike_G"],"damage_healed":0.0,"max_hp_gain":0.0,"max_hp_loss":0.0,"gold_gain":0.0,"event_name":"Living Wall","player_choice":"Forget","floor":11.0,"gold_loss":0.0,"damage_taken":0.0},{"cards_removed":["Strike_G"],"damage_healed":0.0,"max_hp_gain":0.0,"max_hp_loss":0.0,"gold_gain":0.0,"event_name":"The Cleric","player_choice":"Card Removal","floor":12.0,"gold_loss":75.0,"damage_taken":0.0},{"damage_healed":0.0,"max_hp_gain":0.0,"max_hp_loss":0.0,"gold_gain":0.0,"cards_transformed":["Strike_G"],"event_name":"Transmorgrifier","player_choice":"Transformed","floor":19.0,"gold_loss":0.0,"damage_taken":0.0,"cards_obtained":["Crippling Poison"]},{"damage_healed":0.0,"max_hp_gain":0.0,"max_hp_loss":33.0,"gold_gain":0.0,"event_name":"Ghosts","player_choice":"Became a Ghost","floor":22.0,"gold_loss":0.0,"damage_taken":0.0,"cards_obtained":["Ghostly","Ghostly","Ghostly"]},{"damage_healed":0.0,"max_hp_gain":0.0,"max_hp_loss":0.0,"gold_gain":0.0,"event_name":"Match and Keep!","player_choice":"0 cards matched","floor":28.0,"gold_loss":0.0,"damage_taken":0.0,"cards_obtained":[]},{"damage_healed":0.0,"max_hp_gain":0.0,"max_hp_loss":0.0,"gold_gain":0.0,"event_name":"SensoryStone","player_choice":"Memory 1","floor":44.0,"gold_loss":0.0,"damage_taken":0.0},{"damage_healed":0.0,"max_hp_gain":0.0,"max_hp_loss":0.0,"gold_gain":0.0,"event_name":"SecretPortal","player_choice":"Ignored","floor":45.0,"gold_loss":0.0,"damage_taken":0.0}],"is_beta":false,"boss_relics":[{"not_picked":["Sozu","WristBlade"],"picked":"Runic Pyramid"},{"not_picked":["Pandora\u0027s Box","Eternal Feather"],"picked":"Tiny House"}],"items_purged_floors":[13,20,39,54],"is_endless":false,"potions_floor_spawned":[3,6,8,16,18,25,30,33,37,40,42,46],"ascension_level":20}