{"gold_per_floor":[111,111,131,131,131,159,174,174,174,174,174,209,219,246,246,348,348,365,379,397,24,24,24,50,50,50,50,50,61,71,84,84,189,189,203,220,54,68,80,80,98,98,167,167,167,167,177,177,177,177],"floor_reached":51,"playtime":3818,"items_purged":[],"score":745,"play_id":"fdc4609c-68e2-42da-b8c7-3f7a6d24f0a2","local_time":"20190920133910","is_ascension_mode":true,"campfire_choices":[{"floor":8,"key":"REST"},{"data":"Whirlwind","floor":11,"key":"SMITH"},{"data":"Flex","floor":15,"key":"SMITH"},{"floor":23,"key":"REST"},{"data":"Apotheosis","floor":27,"key":"SMITH"},{"floor":32,"key":"REST"},{"floor":40,"key":"REST"},{"floor":42,"key":"REST"},{"data":"Limit Break","floor":45,"key":"SMITH"},{"data":"Double Tap","floor":49,"key":"SMITH"}],"neow_cost":"NONE","seed_source_timestamp":310953058984920,"circlet_count":0,"master_deck":["Strike_R","Strike_R","Strike_R","Strike_R","Strike_R","Defend_R","Defend_R","Defend_R","Defend_R","Bash","Iron Wave","Whirlwind+1","Perfected Strike","Thunderclap","Battle Trance","Flex+1","Shrug It Off","Barricade","Perfected Strike","Uppercut+1","Apotheosis+1","Pommel Strike","Inflame","Demon Form","Heavy Blade","Flex","Limit Break+1","Entrench+1","Shockwave+1","Ghostly Armor","Good Instincts","Shrug It Off","Iron Wave+1","Panacea","Flex+1","Double Tap+1"],"relics":["Burning Blood","Bird Faced Urn","Ice Cream","Gremlin Horn","HornCleat","Oddly Smooth Stone","SlaversCollar","Chemical X","Lizard Tail","Pear","Snecko Eye","Frozen Egg 2"],"potions_floor_usage":[14,14,16,33,35,39,39,50,50],"damage_taken":[{"damage":10,"enemies":"Jaw Worm","floor":1,"turns":5},{"damage":5,"enemies":"2 Louse","floor":3,"turns":3},{"damage":44,"enemies":"3 Sentries","floor":6,"turns":7},{"damage":1,"enemies":"Cultist","floor":7,"turns":3},{"damage":22,"enemies":"Gremlin Nob","floor":12,"turns":4},{"damage":5,"enemies":"Exordium Thugs","floor":13,"turns":3},{"damage":4,"enemies":"3 Sentries","floor":14,"turns":4},{"damage":19,"enemies":"Slime Boss","floor":16,"turns":9},{"damage":3,"enemies":"Chosen","floor":18,"turns":5},{"damage":18,"enemies":"2 Thieves","floor":19,"turns":5},{"damage":46,"enemies":"Sentry and Sphere","floor":20,"turns":7},{"damage":26,"enemies":"Slavers","floor":24,"turns":6},{"damage":0,"enemies":"Shelled Parasite and Fungi","floor":29,"turns":3},{"damage":13,"enemies":"Cultist and Chosen","floor":30,"turns":6},{"damage":24,"enemies":"Centurion and Healer","floor":31,"turns":5},{"damage":35,"enemies":"Champ","floor":33,"turns":7},{"damage":10,"enemies":"Orb Walker","floor":35,"turns":3},{"damage":51,"enemies":"3 Shapes","floor":36,"turns":3},{"damage":20,"enemies":"3 Darklings","floor":38,"turns":6},{"damage":20,"enemies":"Sphere and 2 Shapes","floor":39,"turns":5},{"damage":5,"enemies":"Jaw Worm Horde","floor":41,"turns":4},{"damage":3,"enemies":"Maw","floor":47,"turns":6},{"damage":45,"enemies":"Awakened One","floor":50,"turns":10}],"seed_played":"7608421255729898048","potions_obtained":[{"floor":3,"key":"Ancient Potion"},{"floor":7,"key":"Regen Potion"},{"floor":13,"key":"Regen Potion"},{"floor":14,"key":"SteroidPotion"},{"floor":22,"key":"DuplicationPotion"},{"floor":22,"key":"SneckoOil"},{"floor":22,"key":"FearPotion"},{"floor":33,"key":"AttackPotion"},{"floor":35,"key":"AttackPotion"},{"floor":41,"key":"SkillPotion"}],"is_trial":false,"path_per_floor":["M","?","M","$","?","E","M","R","T","?","R","E","M","E","R","B",null,"M","M","M","$","?","R","E","$","T","R","$","M","M","M","R","B",null,"M","M","$","M","M","R","M","R","T","?","R","?","M","?","R","B",null],"character_chosen":"IRONCLAD","items_purchased":["Apotheosis","Chemical X","Pommel Strike","Ghostly Armor","Good Instincts"],"campfire_rested":5,"item_purchase_floors":[21,21,21,37,37],"current_hp_per_floor":[84,84,85,85,85,47,52,78,78,78,78,62,63,77,77,64,88,88,76,36,36,36,62,42,42,52,52,52,60,57,41,70,45,98,94,49,49,41,31,60,63,92,92,92,92,92,98,98,98,63],"gold":177,"neow_bonus":"TEN_PERCENT_HP_BONUS","is_prod":false,"is_daily":false,"chose_seed":false,"campfire_upgraded":5,"win_rate":0,"timestamp":1569011950,"path_taken":["M","?","M","$","?","E","M","R","T","?","R","E","M","E","R","BOSS","M","M","M","$","?","R","E","?","T","R","$","M","?","M","R","BOSS","M","M","$","M","M","R","M","R","T","?","R","?","M","?","R","BOSS"],"build_version":"2019-09-20","purchased_purges":0,"victory":true,"max_hp_per_floor":[88,88,88,88,88,88,88,88,88,88,88,88,88,88,88,88,88,88,88,88,88,88,88,88,88,98,98,98,98,98,98,98,98,98,98,98,98,98,98,98,98,98,98,98,98,98,98,98,98,98],"card_choices":[{"not_picked":["Twin Strike","Clash"],"picked":"Iron Wave","floor":1},{"not_picked":["Warcry","Twin Strike"],"picked":"Whirlwind","floor":3},{"not_picked":["Warcry","Cleave"],"picked":"Perfected Strike","floor":6},{"not_picked":["Body Slam","Dual Wield"],"picked":"Thunderclap","floor":7},{"not_picked":["Wild Strike","Feed"],"picked":"Battle Trance","floor":12},{"not_picked":["Body Slam","Sword Boomerang"],"picked":"Flex","floor":13},{"not_picked":["Pommel Strike","Clash"],"picked":"Shrug It Off","floor":14},{"not_picked":["Feed","Offering"],"picked":"Barricade","floor":16},{"not_picked":["Pummel","Wild Strike+1"],"picked":"Perfected Strike","floor":18},{"not_picked":["Cleave","Wild Strike"],"picked":"Uppercut+1","floor":19},{"not_picked":["Cleave","Pummel","Evolve"],"picked":"SKIP","floor":20},{"not_picked":["Flex","Feel No Pain"],"picked":"Inflame","floor":24},{"not_picked":["Clothesline+1","Iron Wave+1"],"picked":"Demon Form","floor":29},{"not_picked":["Armaments","Fire Breathing"],"picked":"Heavy Blade","floor":30},{"not_picked":["Cleave","Clash"],"picked":"Flex","floor":31},{"not_picked":["Impervious","Immolate"],"picked":"Limit Break","floor":33},{"not_picked":["Pommel Strike+1","Body Slam+1"],"picked":"Entrench+1","floor":35},{"not_picked":["Clash","Pummel+1"],"picked":"Shockwave+1","floor":36},{"not_picked":["Pummel+1","Fire Breathing"],"picked":"Shrug It Off","floor":38},{"not_picked":["Twin Strike+1","Headbutt","True Grit"],"picked":"SKIP","floor":39},{"not_picked":["Hemokinesis+1","Limit Break"],"picked":"Iron Wave+1","floor":41},{"not_picked":["Bandage Up","Impatience"],"picked":"Panacea","floor":46},{"not_picked":["Whirlwind+1","Warcry"],"picked":"Flex+1","floor":47}],"player_experience":83957,"relics_obtained":[{"floor":6,"key":"Bird Faced Urn"},{"floor":9,"key":"Ice Cream"},{"floor":12,"key":"HornCleat"},{"floor":14,"key":"Oddly Smooth Stone"},{"floor":24,"key":"Lizard Tail"},{"floor":26,"key":"Pear"},{"floor":43,"key":"Frozen Egg 2"}],"event_choices":[{"damage_healed":0,"gold_gain":0,"player_choice":"Ignored","damage_taken":0,"max_hp_gain":0,"max_hp_loss":0,"event_name":"Golden Wing","floor":2,"gold_loss":0},{"damage_healed":0,"gold_gain":0,"player_choice":"Ignored","damage_taken":0,"max_hp_gain":0,"max_hp_loss":0,"event_name":"Golden Idol","floor":5,"gold_loss":0},{"damage_healed":0,"gold_gain":0,"player_choice":"Gave Potion","damage_taken":0,"relics_obtained":["Gremlin Horn"],"max_hp_gain":0,"max_hp_loss":0,"event_name":"WeMeetAgain","floor":10,"gold_loss":0},{"damage_healed":0,"gold_gain":0,"player_choice":"Got Potions","damage_taken":0,"max_hp_gain":0,"max_hp_loss":0,"event_name":"Lab","floor":22,"gold_loss":0},{"damage_healed":0,"gold_gain":0,"player_choice":"Ignored","damage_taken":0,"max_hp_gain":0,"max_hp_loss":0,"event_name":"Tomb of Lord Red Mask","floor":44,"gold_loss":0},{"damage_healed":0,"gold_gain":0,"player_choice":"Memory 1","damage_taken":0,"max_hp_gain":0,"max_hp_loss":0,"event_name":"SensoryStone","floor":46,"gold_loss":0},{"damage_healed":0,"gold_gain":0,"player_choice":"1 cards matched","damage_taken":0,"max_hp_gain":0,"max_hp_loss":0,"event_name":"Match and Keep!","floor":48,"gold_loss":0,"cards_obtained":["Double Tap"]}],"is_beta":true,"boss_relics":[{"not_picked":["Sozu","Tiny House"],"picked":"SlaversCollar"},{"not_picked":["SacredBark","Velvet Choker"],"picked":"Snecko Eye"}],"items_purged_floors":[],"is_endless":false,"potions_floor_spawned":[3,7,13,14,24,29,31,33,35,36,41],"ascension_level":1}