{"gold_per_floor":[116,116,116,1,20,20,50,68,68,83,95,113,129,140,140,244,244,256,34,34,48,67,67,166,166,166,166,185,211,54,54],"floor_reached":31,"playtime":2612,"items_purged":[],"score":239,"play_id":"1204afdd-aa3a-4297-9acf-ddcee6d24e5b","local_time":"20190128194342","is_ascension_mode":false,"campfire_choices":[{"data":"Armaments","floor":6.0,"key":"SMITH"},{"floor":15.0,"key":"REST"},{"floor":23,"key":"REST"},{"floor":25,"key":"REST"}],"neow_cost":"NONE","seed_source_timestamp":0,"circlet_count":0,"master_deck":["Strike_R","Strike_R","Strike_R","Defend_R","Defend_R","Defend_R","Defend_R","Bash","Demon Form","Flex","Sentinel","Shrug It Off","Madness","Armaments+1","Iron Wave","Iron Wave","Dual Wield","Uppercut","Pommel Strike","Hemokinesis","Dual Wield","Immolate","Armaments","Dramatic Entrance","Flame Barrier","Anger","Iron Wave","Armaments","Entrench"],"special_seed":0,"relics":["Black Blood","Dead Branch","Self Forming Clay","Girya","Red Mask","Lantern"],"potions_floor_usage":[28],"damage_taken":[{"damage":2.0,"enemies":"Small Slimes","floor":1.0,"turns":4.0},{"damage":1.0,"enemies":"Cultist","floor":5.0,"turns":4.0},{"damage":31.0,"enemies":"Lagavulin","floor":7.0,"turns":8.0},{"damage":8.0,"enemies":"Jaw Worm","floor":8.0,"turns":6.0},{"damage":11.0,"enemies":"Large Slime","floor":10.0,"turns":10.0},{"damage":9.0,"enemies":"Looter","floor":11.0,"turns":4.0},{"damage":5.0,"enemies":"2 Fungi Beasts","floor":12.0,"turns":3.0},{"damage":11.0,"enemies":"Large Slime","floor":13.0,"turns":5.0},{"damage":5.0,"enemies":"Blue Slaver","floor":14.0,"turns":3.0},{"damage":19.0,"enemies":"Slime Boss","floor":16.0,"turns":8.0},{"damage":47.0,"enemies":"Spheric Guardian","floor":18.0,"turns":6.0},{"damage":25.0,"enemies":"Chosen","floor":21.0,"turns":7.0},{"damage":22,"enemies":"Snecko","floor":22,"turns":5},{"damage":12,"enemies":"3 Cultists","floor":28,"turns":3},{"damage":62,"enemies":"Masked Bandits","floor":29,"turns":6},{"damage":19,"enemies":"Cultist and Chosen","floor":31,"turns":5}],"seed_played":"-5910590435693749764","potions_obtained":[{"floor":1.0,"key":"SkillPotion"},{"floor":3.0,"key":"Weak Potion"},{"floor":3.0,"key":"Swift Potion"},{"floor":10.0,"key":"GamblersBrew"},{"floor":13.0,"key":"Fire Potion"},{"floor":14.0,"key":"EssenceOfSteel"},{"floor":16.0,"key":"Regen Potion"},{"floor":18.0,"key":"SpeedPotion"},{"floor":22,"key":"AttackPotion"}],"is_trial":false,"path_per_floor":["M","?","?","$","M","R","E","M","T","M","M","M","M","M","R","B",null,"M","$","$","M","M","R","?","R","T","?","M","?","$","M"],"character_chosen":"IRONCLAD","items_purchased":["Shrug It Off","Madness","Dramatic Entrance","Flame Barrier","Anger","Lantern"],"campfire_rested":3,"item_purchase_floors":[4,4,19,19,19,30],"current_hp_per_floor":[80,80,80,80,80,80,55,53,53,48,45,46,41,42,66,53,80,52,52,52,37,25,49,49,73,73,73,71,19,19,0],"gold":54,"neow_bonus":"TRANSFORM_CARD","is_prod":false,"is_daily":false,"chose_seed":false,"campfire_upgraded":1,"win_rate":0.0,"timestamp":1548733422,"path_taken":["M","?","?","$","M","R","E","M","T","M","M","M","M","M","R","BOSS","M","?","$","M","?","R","?","R","T","?","M","?","$","M"],"build_version":"2019-01-23","purchased_purges":0,"victory":false,"max_hp_per_floor":[80,80,80,80,80,80,80,80,80,80,80,80,80,80,80,80,80,80,80,80,80,80,80,80,80,80,80,80,80,80,80],"card_choices":[{"not_picked":["Havoc","Corruption"],"picked":"Flex","floor":1.0},{"not_picked":["Cleave","Shrug It Off"],"picked":"Armaments","floor":5.0},{"not_picked":["Flex","Rupture"],"picked":"Iron Wave","floor":7.0},{"not_picked":["Anger","Seeing Red"],"picked":"Iron Wave","floor":8.0},{"not_picked":["Clothesline","Cleave"],"picked":"Dual Wield","floor":10.0},{"not_picked":["Immolate","True Grit"],"picked":"Uppercut","floor":11.0},{"not_picked":["Twin Strike","Sentinel"],"picked":"Pommel Strike","floor":12.0},{"not_picked":["Clash","Headbutt"],"picked":"Hemokinesis","floor":13.0},{"not_picked":["Heavy Blade","Fire Breathing"],"picked":"Dual Wield","floor":14.0},{"not_picked":["Impervious","Berserk"],"picked":"Immolate","floor":16.0},{"not_picked":["Pommel Strike+1","Shrug It Off"],"picked":"Armaments","floor":18.0},{"not_picked":["Clash","Havoc","Cleave"],"picked":"SKIP","floor":21},{"not_picked":["Second Wind","Pommel Strike"],"picked":"Iron Wave","floor":22},{"not_picked":["Searing Blow","Perfected Strike"],"picked":"Armaments","floor":28},{"not_picked":["Berserk","Burning Pact+1"],"picked":"Entrench","floor":29}],"player_experience":284750,"relics_obtained":[{"floor":7.0,"key":"Dead Branch"},{"floor":9.0,"key":"Self Forming Clay"},{"floor":26,"key":"Girya"},{"floor":29,"key":"Red Mask"}],"event_choices":[{"damage_healed":0.0,"max_hp_gain":0.0,"max_hp_loss":0.0,"gold_gain":0.0,"cards_transformed":["Strike_R"],"event_name":"Living Wall","player_choice":"Change","floor":2.0,"gold_loss":0.0,"damage_taken":0.0,"cards_obtained":["Sentinel"]},{"damage_healed":0.0,"max_hp_gain":0.0,"max_hp_loss":0.0,"gold_gain":0.0,"event_name":"Lab","player_choice":"Got Potions","floor":3.0,"gold_loss":0.0,"damage_taken":0.0},{"damage_healed":0,"gold_gain":99,"player_choice":"Stole From Cult","damage_taken":0,"max_hp_gain":0,"max_hp_loss":0,"event_name":"Nest","floor":24,"gold_loss":0},{"damage_healed":0,"gold_gain":0,"player_choice":"Ignored","damage_taken":0,"max_hp_gain":0,"max_hp_loss":0,"event_name":"The Mausoleum","floor":27,"gold_loss":0},{"damage_healed":0,"gold_gain":0,"player_choice":"Fought Bandits","damage_taken":0,"max_hp_gain":0,"max_hp_loss":0,"event_name":"Masked Bandits","floor":29,"gold_loss":0}],"is_beta":false,"boss_relics":[{"not_picked":["Empty Cage","Runic Dome"],"picked":"Black Blood"}],"items_purged_floors":[],"is_endless":false,"potions_floor_spawned":[1,10,13,14,16,18,22],"killed_by":"Cultist and Chosen","ascension_level":0}