{"gold_per_floor":[122,152,164,191,203,215,237,249,334,366,174,203,203,219,219,296,346,360,389,389,267,267,267,287,287,287,321,335,368,205,231,231,304,304,320,200,218,43,43,75,86,86,86,86,102,114,130,158,158,158,158,158,158,96,121,121],"floor_reached":57,"playtime":3032,"items_purged":["Strike_R","Perfected Strike","Strike_R","Bash"],"score":3590,"play_id":"a3c3b556-1ed3-4150-9c41-b455c55f890f","local_time":"20190823175739","is_ascension_mode":true,"campfire_choices":[{"data":"Second Wind","floor":6.0,"key":"SMITH"},{"data":"Battle Trance","floor":8.0,"key":"SMITH"},{"data":"Feel No Pain","floor":13.0,"key":"SMITH"},{"data":"Burning Pact","floor":15.0,"key":"SMITH"},{"data":"Body Slam","floor":23.0,"key":"SMITH"},{"data":"Evolve","floor":32.0,"key":"SMITH"},{"data":"Offering","floor":42.0,"key":"SMITH"},{"floor":44.0,"key":"RECALL"},{"data":"Finesse","floor":49.0,"key":"SMITH"},{"data":"Terror","floor":53.0,"key":"SMITH"}],"neow_cost":"NONE","seed_source_timestamp":704237243865200,"circlet_count":0,"master_deck":["AscendersBane","Defend_R","Defend_R","Defend_R","Defend_R","Battle Trance+1","Second Wind+1","Feel No Pain+1","Reckless Charge+1","Burning Pact+1","Offering+1","Body Slam+1","Reaper","Pommel Strike+1","Evolve+1","Finesse+1","Entrench+1","Terror+1","Rage"],"special_seed":0,"relics":["Burning Blood","MawBank","Omamori","The Courier","Tiny House","Red Mask","Strawberry","Bottled Lightning","Singing Bowl","Bag of Preparation","Sozu","PrismaticShard","Oddly Smooth Stone","PreservedInsect","Red Skull","Ornamental Fan"],"potions_floor_usage":[56,56],"damage_taken":[{"damage":7.0,"enemies":"Small Slimes","floor":1.0,"turns":4.0},{"damage":7.0,"enemies":"Cultist","floor":2.0,"turns":4.0},{"damage":12.0,"enemies":"Jaw Worm","floor":4.0,"turns":3.0},{"damage":7.0,"enemies":"Exordium Wildlife","floor":7.0,"turns":4.0},{"damage":27.0,"enemies":"Large Slime","floor":10.0,"turns":9.0},{"damage":15.0,"enemies":"Lagavulin","floor":12.0,"turns":7.0},{"damage":0.0,"enemies":"Looter","floor":14.0,"turns":4.0},{"damage":0.0,"enemies":"Slime Boss","floor":16.0,"turns":16.0},{"damage":9.0,"enemies":"3 Byrds","floor":18.0,"turns":5.0},{"damage":26.0,"enemies":"Masked Bandits","floor":19.0,"turns":5.0},{"damage":17.0,"enemies":"Shell Parasite","floor":24.0,"turns":3.0},{"damage":6.0,"enemies":"Slavers","floor":27.0,"turns":4.0},{"damage":18.0,"enemies":"3 Cultists","floor":28.0,"turns":5.0},{"damage":6.0,"enemies":"Gremlin Leader","floor":29.0,"turns":3.0},{"damage":6.0,"enemies":"Book of Stabbing","floor":31.0,"turns":3.0},{"damage":6.0,"enemies":"Champ","floor":33.0,"turns":6.0},{"damage":6.0,"enemies":"3 Shapes","floor":35.0,"turns":3.0},{"damage":6.0,"enemies":"Orb Walker","floor":37.0,"turns":1.0},{"damage":6.0,"enemies":"Nemesis","floor":40.0,"turns":3.0},{"damage":6.0,"enemies":"4 Shapes","floor":41.0,"turns":2.0},{"damage":6.0,"enemies":"Writhing Mass","floor":45.0,"turns":2.0},{"damage":9.0,"enemies":"Jaw Worm Horde","floor":46.0,"turns":3.0},{"damage":6.0,"enemies":"Transient","floor":47.0,"turns":6.0},{"damage":6.0,"enemies":"Reptomancer","floor":48.0,"turns":2.0},{"damage":6.0,"enemies":"Time Eater","floor":50.0,"turns":3.0},{"damage":6.0,"enemies":"Awakened One","floor":51.0,"turns":4.0},{"damage":6.0,"enemies":"Shield and Spear","floor":55.0,"turns":3.0},{"damage":8,"enemies":"The Heart","floor":56,"turns":6}],"seed_played":"-2532394629159029075","potions_obtained":[{"floor":2.0,"key":"EssenceOfSteel"},{"floor":10.0,"key":"Energy Potion"},{"floor":12.0,"key":"SkillPotion"},{"floor":17.0,"key":"AttackPotion"},{"floor":29.0,"key":"Block Potion"},{"floor":31.0,"key":"Ancient Potion"},{"floor":33.0,"key":"FearPotion"}],"is_trial":false,"path_per_floor":["M","M","?","M","?","R","M","R","T","M","$","E","R","M","R","B",null,"M","?","?","$","T","R","M","?","T","E","M","E","$","E","R","B",null,"M","$","M","$","?","E","M","R","T","R","M","M","M","E","R","B","B",null,"R","$","E","B",null],"character_chosen":"IRONCLAD","items_purchased":["Reckless Charge","Fire Potion","AttackPotion","Evolve","PrismaticShard","Rage"],"campfire_rested":0,"item_purchase_floors":[11,11,21,30,38,54],"current_hp_per_floor":[67,66,66,60,60,60,59,59,59,38,38,29,29,35,35,41,72,69,49,49,49,56,56,45,45,45,51,48,60,60,68,68,74,90,97,97,99,99,99,101,101,101,101,101,101,100,105,105,105,105,105,105,105,105,107,105],"gold":121,"neow_bonus":"RANDOM_COMMON_RELIC","is_prod":false,"is_daily":false,"chose_seed":false,"campfire_upgraded":9,"win_rate":0,"timestamp":1566554259,"path_taken":["M","M","?","?","?","R","M","R","T","?","?","E","R","M","R","BOSS","M","?","?","$","?","R","M","?","T","E","M","E","?","E","R","BOSS","M","$","M","$","?","E","M","R","T","R","M","?","M","E","R","BOSS","BOSS","R","$","E","BOSS"],"build_version":"2019-08-15","purchased_purges":4,"victory":true,"max_hp_per_floor":[75,75,75,75,75,75,75,75,75,75,75,75,75,75,75,75,80,80,80,80,80,87,87,87,87,87,89,91,91,91,93,93,95,95,97,97,99,99,99,101,101,101,101,101,101,103,105,105,105,105,105,105,105,105,107,107],"card_choices":[{"not_picked":["Cleave","Perfected Strike","Wild Strike"],"picked":"SKIP","floor":1.0},{"not_picked":["Uppercut","Entrench"],"picked":"Battle Trance","floor":2.0},{"not_picked":["Ghostly Armor","Bloodletting"],"picked":"Second Wind","floor":4.0},{"not_picked":["Ghostly Armor","Iron Wave","Perfected Strike"],"picked":"SKIP","floor":7.0},{"not_picked":["Blood for Blood","Flex"],"picked":"Feel No Pain","floor":10.0},{"not_picked":["Twin Strike","Metallicize"],"picked":"Burning Pact","floor":12.0},{"not_picked":["Anger","Rage","Flex"],"picked":"SKIP","floor":14.0},{"not_picked":["Demon Form","Fiend Fire"],"picked":"Offering","floor":16.0},{"not_picked":["Reckless Charge","Feel No Pain"],"picked":"Body Slam","floor":17.0},{"not_picked":["Infernal Blade","Headbutt","Perfected Strike"],"picked":"SKIP","floor":18.0},{"not_picked":["Twin Strike","Whirlwind","Anger"],"picked":"SKIP","floor":24.0},{"not_picked":["Anger","Inflame","Clothesline"],"picked":"Singing Bowl","floor":27.0},{"not_picked":["Metallicize","Corruption","Cleave"],"picked":"Singing Bowl","floor":28.0},{"not_picked":["Clash","Armaments"],"picked":"Pommel Strike+1","floor":29.0},{"not_picked":["Clothesline","Brutality","Reckless Charge+1"],"picked":"Singing Bowl","floor":31.0},{"not_picked":["Demon Form","Impervious","Feed"],"picked":"Singing Bowl","floor":33.0},{"not_picked":["Twin Strike","Perfected Strike","Corruption"],"picked":"Singing Bowl","floor":35.0},{"not_picked":["Body Slam","Havoc","Perfected Strike"],"picked":"Singing Bowl","floor":37.0},{"not_picked":["The Bomb","Blade Dance","Battle Trance"],"picked":"Singing Bowl","floor":40.0},{"not_picked":["Noxious Fumes+1","Backflip"],"picked":"Finesse","floor":41.0},{"not_picked":["Defragment+1","Finesse"],"picked":"Entrench+1","floor":45.0},{"not_picked":["Stack","Perfected Strike+1","Deadly Poison"],"picked":"Singing Bowl","floor":46.0},{"not_picked":["Acrobatics+1","Slice","Cold Snap"],"picked":"Singing Bowl","floor":47.0},{"not_picked":["Acrobatics","Streamline"],"picked":"Terror","floor":48.0},{"not_picked":["Reinforced Body","Slice","Loop"],"picked":"Singing Bowl","floor":55.0}],"player_experience":3090065,"relics_obtained":[{"floor":12.0,"key":"The Courier"},{"floor":19.0,"key":"Red Mask"},{"floor":22.0,"key":"Strawberry"},{"floor":26.0,"key":"Bottled Lightning"},{"floor":27.0,"key":"Singing Bowl"},{"floor":31.0,"key":"Bag of Preparation"},{"floor":40.0,"key":"Oddly Smooth Stone"},{"floor":43.0,"key":"PreservedInsect"},{"floor":48.0,"key":"Red Skull"},{"floor":55.0,"key":"Ornamental Fan"}],"event_choices":[{"damage_healed":0.0,"max_hp_gain":0.0,"max_hp_loss":0.0,"gold_gain":0.0,"event_name":"WeMeetAgain","player_choice":"Gave Potion","floor":3.0,"gold_loss":0.0,"damage_taken":0.0,"relics_obtained":["Omamori"]},{"cards_removed":["Strike_R"],"damage_healed":0.0,"max_hp_gain":0.0,"max_hp_loss":0.0,"gold_gain":0.0,"event_name":"Purifier","player_choice":"Purged","floor":5.0,"gold_loss":0.0,"damage_taken":0.0},{"damage_healed":0.0,"max_hp_gain":0.0,"max_hp_loss":0.0,"gold_gain":0.0,"event_name":"Masked Bandits","player_choice":"Fought Bandits","floor":19.0,"gold_loss":0.0,"damage_taken":0.0},{"damage_healed":0.0,"max_hp_gain":0.0,"max_hp_loss":0.0,"gold_gain":0.0,"cards_transformed":["Strike_R","Strike_R"],"event_name":"Drug Dealer","player_choice":"Became Test Subject","floor":20.0,"gold_loss":0.0,"damage_taken":0.0,"cards_obtained":["Perfected Strike","Reaper"]},{"damage_healed":0.0,"max_hp_gain":0.0,"max_hp_loss":0.0,"gold_gain":0.0,"event_name":"Ghosts","player_choice":"Ignored","floor":25.0,"gold_loss":0.0,"damage_taken":0.0},{"damage_healed":0.0,"max_hp_gain":0.0,"max_hp_loss":0.0,"gold_gain":0.0,"event_name":"Lab","player_choice":"Got Potions","floor":39.0,"gold_loss":0.0,"damage_taken":0.0}],"is_beta":true,"boss_relics":[{"not_picked":["Calling Bell","Black Star"],"picked":"Tiny House"},{"not_picked":["Busted Crown","Black Blood"],"picked":"Sozu"}],"items_purged_floors":[11,21,30,36],"is_endless":false,"potions_floor_spawned":[2,10,12,14,24,29,31,33,45,47],"ascension_level":20}