{"gold_per_floor":[113,132,207,221,221,256,256,92,117,133,133,37,49,49,49,150,150,170,183,183,113,129,129,129,129,129,152,186,186,205,205,205,301,301,320,336,355,355],"floor_reached":38,"playtime":4974,"items_purged":[],"score":394,"play_id":"5c16d620-0da7-48a3-ba63-05cc314b2d86","local_time":"20181228140618","is_ascension_mode":false,"campfire_choices":[{"floor":7.0,"key":"REST"},{"floor":11.0,"key":"REST"},{"floor":15.0,"key":"REST"},{"floor":23,"key":"REST"},{"floor":25,"key":"REST"},{"floor":32,"key":"REST"}],"neow_cost":"NONE","seed_source_timestamp":0,"circlet_count":0,"master_deck":["Strike_B","Strike_B","Strike_B","Strike_B","Defend_B","Defend_B","Defend_B","Defend_B","Zap+1","Dualcast","Static Discharge","Sweeping Beam","Leap","Conserve Battery","Creative AI+1","Sunder","Loop","Cold Snap","Chill","Trip","Force Field","All For One","Ball Lightning","Storm","Conserve Battery","Steam","Biased Cognition","Static Discharge+1","Redo+1","Thunder Strike","Fusion+1","Sweeping Beam+1","Go for the Eyes+1"],"special_seed":0,"relics":["FrozenCore","Juzu Bracelet","Anchor","Enchiridion","Toxic Egg 2","Orichalcum","Omamori","Ornamental Fan","Black Star"],"potions_floor_usage":[33,33,33],"damage_taken":[{"damage":2.0,"enemies":"2 Louse","floor":1.0,"turns":4.0},{"damage":1.0,"enemies":"Jaw Worm","floor":2.0,"turns":4.0},{"damage":2.0,"enemies":"Small Slimes","floor":4.0,"turns":4.0},{"damage":17.0,"enemies":"3 Sentries","floor":6.0,"turns":8.0},{"damage":20.0,"enemies":"Blue Slaver","floor":10.0,"turns":5.0},{"damage":4.0,"enemies":"3 Louse","floor":13.0,"turns":4.0},{"damage":31.0,"enemies":"Slime Boss","floor":16.0,"turns":8.0},{"damage":15.0,"enemies":"Chosen","floor":18.0,"turns":7.0},{"damage":18,"enemies":"Spheric Guardian","floor":19,"turns":7},{"damage":3,"enemies":"Snake Plant","floor":22,"turns":4},{"damage":39,"enemies":"Gremlin Leader","floor":28,"turns":11},{"damage":3,"enemies":"Centurion and Healer","floor":30,"turns":5},{"damage":51,"enemies":"Champ","floor":33,"turns":8},{"damage":12,"enemies":"Orb Walker","floor":35,"turns":5},{"damage":13,"enemies":"3 Shapes","floor":36,"turns":7},{"damage":3,"enemies":"3 Darklings","floor":37,"turns":6},{"damage":54,"enemies":"2 Orb Walkers","floor":38,"turns":4}],"seed_played":"-8717465459692962946","potions_obtained":[{"floor":2.0,"key":"Regen Potion"},{"floor":4.0,"key":"Dexterity Potion"},{"floor":10.0,"key":"FearPotion"},{"floor":33,"key":"Explosive Potion"},{"floor":37,"key":"FearPotion"}],"is_trial":false,"path_per_floor":["M","M","?","M","?","E","R","$","T","M","R","$","M","?","R","B",null,"M","M","M","?","$","M","R","?","R","T","T","E","?","M","T","R","B",null,"M","M","M","?"],"character_chosen":"DEFECT","items_purchased":["Sunder","Loop","Cold Snap","Trip","Conserve Battery","Steam"],"campfire_rested":6,"item_purchase_floors":[8,8,8,12,21,21],"current_hp_per_floor":[73,72,61,59,59,42,64,64,64,44,66,66,62,47,69,38,75,60,42,42,42,39,61,45,67,67,67,28,28,25,25,47,11,75,63,50,47,0],"gold":355,"neow_bonus":"THREE_CARDS","is_prod":false,"is_daily":false,"chose_seed":false,"campfire_upgraded":0,"win_rate":0.0,"timestamp":1546034778,"path_taken":["M","M","?","M","?","E","R","?","T","M","R","$","M","?","R","BOSS","M","M","?","$","M","R","?","R","T","?","E","?","M","?","R","BOSS","M","M","M","?"],"build_version":"2018-12-20","purchased_purges":0,"victory":false,"max_hp_per_floor":[75,75,75,75,75,75,75,75,75,75,75,75,75,75,75,75,75,75,75,75,75,75,75,75,75,75,75,75,75,75,75,75,75,75,75,75,75,75],"card_choices":[{"not_picked":["Beam Cell","Turbo"],"picked":"Static Discharge","floor":0.0},{"not_picked":["Streamline","Reprogram"],"picked":"Sweeping Beam","floor":1.0},{"not_picked":["Turbo","Coolheaded"],"picked":"Leap","floor":2.0},{"not_picked":["Heatsinks","Steam Power"],"picked":"Conserve Battery","floor":4.0},{"not_picked":["Leap","Hologram"],"picked":"Creative AI","floor":6.0},{"not_picked":["Beam Cell","Coolheaded"],"picked":"Chill","floor":10.0},{"not_picked":["Beam Cell","Redo"],"picked":"Force Field","floor":13.0},{"not_picked":["Seek","Electrodynamics"],"picked":"All For One","floor":16.0},{"not_picked":["Scrape","Steam Power"],"picked":"Ball Lightning","floor":18},{"not_picked":["Rip and Tear","Redo"],"picked":"Storm","floor":19},{"not_picked":["Redo+1","Rebound"],"picked":"Biased Cognition","floor":22},{"not_picked":["Cold Snap","Blizzard"],"picked":"Static Discharge+1","floor":28},{"not_picked":["Sunder","Cold Snap"],"picked":"Redo+1","floor":30},{"not_picked":["All For One","Seek+1"],"picked":"Thunder Strike","floor":33},{"not_picked":["Rebound","Streamline"],"picked":"Fusion+1","floor":35},{"not_picked":["Stack+1","Coolheaded+1"],"picked":"Sweeping Beam+1","floor":36},{"not_picked":["Hello World+1","Barrage"],"picked":"Go for the Eyes+1","floor":37}],"player_experience":45464,"relics_obtained":[{"floor":6.0,"key":"Juzu Bracelet"},{"floor":9.0,"key":"Anchor"},{"floor":24,"key":"Enchiridion"},{"floor":26,"key":"Toxic Egg 2"},{"floor":27,"key":"Orichalcum"},{"floor":28,"key":"Omamori"},{"floor":31,"key":"Ornamental Fan"}],"event_choices":[{"damage_healed":0.0,"max_hp_gain":0.0,"max_hp_loss":0.0,"gold_gain":75.0,"event_name":"World of Goop","player_choice":"Gather Gold","floor":3.0,"gold_loss":0.0,"damage_taken":11.0},{"damage_healed":0.0,"max_hp_gain":0.0,"max_hp_loss":0.0,"gold_gain":0.0,"event_name":"Liars Game","player_choice":"Ignored","floor":5.0,"gold_loss":0.0,"damage_taken":0.0},{"damage_healed":0.0,"max_hp_gain":0.0,"max_hp_loss":0.0,"gold_gain":0.0,"event_name":"Shining Light","player_choice":"Entered Light","floor":14.0,"gold_loss":0.0,"damage_taken":15.0,"cards_upgraded":["Zap","Creative AI"]},{"damage_healed":0,"gold_gain":0,"player_choice":"Ignored","damage_taken":0,"max_hp_gain":0,"max_hp_loss":0,"event_name":"Beggar","floor":20,"gold_loss":0},{"damage_healed":0,"gold_gain":0,"player_choice":"Obtained Book","damage_taken":16,"max_hp_gain":0,"max_hp_loss":0,"event_name":"Cursed Tome","floor":24,"gold_loss":0},{"damage_healed":0,"gold_gain":0,"player_choice":"Ignored","damage_taken":0,"max_hp_gain":0,"max_hp_loss":0,"event_name":"Vampires","floor":29,"gold_loss":0},{"damage_healed":0,"gold_gain":0,"player_choice":"Fight","damage_taken":0,"max_hp_gain":0,"max_hp_loss":0,"event_name":"Mysterious Sphere","floor":38,"gold_loss":0}],"is_beta":false,"boss_relics":[{"not_picked":["Ectoplasm","Fusion Hammer"],"picked":"FrozenCore"},{"not_picked":["Runic Pyramid","Astrolabe"],"picked":"Black Star"}],"items_purged_floors":[],"is_endless":false,"potions_floor_spawned":[2,4,10,30,33,37],"killed_by":"2 Orb Walkers","ascension_level":0}