{"gold_per_floor":[109,124,49,49,68,68,68,68,94,129,129,167,55,88,88,182,182,201,220,120,170,189,233,233,302,350,350,374,387,262,303,303,398,398,423,448,218,643,493,528,528,568,568,568,584,584,602,54,54,54,54],"floor_reached":52,"playtime":2184,"items_purged":["Strike_R","Bash","Strike_R","Defend_R","Defend_R"],"score":2723,"play_id":"ae829df8-1e8b-4dc9-bf7f-3c692694ce95","local_time":"20190903205503","is_ascension_mode":true,"campfire_choices":[{"data":"Body Slam","floor":6.0,"key":"SMITH"},{"data":"True Grit","floor":8.0,"key":"SMITH"},{"data":"Evolve","floor":15.0,"key":"SMITH"},{"data":"Barricade","floor":24.0,"key":"SMITH"},{"data":"Burning Pact","floor":27.0,"key":"SMITH"},{"data":"Corruption","floor":32.0,"key":"SMITH"},{"data":"1","floor":41,"key":"LIFT"},{"data":"2","floor":44,"key":"LIFT"},{"data":"3","floor":49,"key":"LIFT"}],"neow_cost":"PERCENT_DAMAGE","seed_source_timestamp":1666245462917000,"circlet_count":0,"master_deck":["AscendersBane","Defend_R","Defend_R","Body Slam+1","True Grit+1","Shrug It Off","Second Wind","Evolve+1","Barricade+1","Feel No Pain+1","Power Through","Burning Pact+1","Corruption+1","Havoc+1","Shockwave+1","Bloodletting","Seeing Red"],"special_seed":0,"relics":["Burning Blood","Dead Branch","Golden Idol","Odd Mushroom","Darkstone Periapt","Turnip","Gambling Chip","Empty Cage","Mercury Hourglass","Tiny Chest","Bag of Preparation","Girya","Runic Pyramid","ClockworkSouvenir","Old Coin","Ice Cream","FossilizedHelix","Happy Flower","Sundial"],"potions_floor_usage":[],"damage_taken":[{"damage":5.0,"enemies":"Small Slimes","floor":1.0,"turns":8.0},{"damage":9.0,"enemies":"2 Louse","floor":2.0,"turns":3.0},{"damage":0.0,"enemies":"Cultist","floor":5.0,"turns":4.0},{"damage":17.0,"enemies":"The Mushroom Lair","floor":10.0,"turns":6.0},{"damage":23.0,"enemies":"Gremlin Nob","floor":12.0,"turns":4.0},{"damage":3.0,"enemies":"3 Sentries","floor":14.0,"turns":8.0},{"damage":7.0,"enemies":"Hexaghost","floor":16.0,"turns":9.0},{"damage":11.0,"enemies":"Shell Parasite","floor":18.0,"turns":6.0},{"damage":0.0,"enemies":"Chosen","floor":19.0,"turns":6.0},{"damage":0.0,"enemies":"Snake Plant","floor":22.0,"turns":6.0},{"damage":0.0,"enemies":"Gremlin Leader","floor":23.0,"turns":8.0},{"damage":26.0,"enemies":"Slavers","floor":25.0,"turns":7.0},{"damage":22.0,"enemies":"Snecko","floor":28.0,"turns":5.0},{"damage":0.0,"enemies":"Sentry and Sphere","floor":29.0,"turns":3.0},{"damage":6.0,"enemies":"Book of Stabbing","floor":31.0,"turns":1.0},{"damage":3.0,"enemies":"Automaton","floor":33.0,"turns":2.0},{"damage":0,"enemies":"3 Darklings","floor":35,"turns":2},{"damage":0,"enemies":"Orb Walker","floor":36,"turns":3},{"damage":0,"enemies":"Mind Bloom Boss Battle","floor":38,"turns":2},{"damage":6,"enemies":"Nemesis","floor":40,"turns":5},{"damage":0,"enemies":"Reptomancer","floor":42,"turns":1},{"damage":0,"enemies":"Jaw Worm Horde","floor":45,"turns":3},{"damage":0,"enemies":"3 Darklings","floor":47,"turns":3},{"damage":0,"enemies":"Donu and Deca","floor":50,"turns":2},{"damage":0,"enemies":"Time Eater","floor":51,"turns":5}],"seed_played":"-1622977956753128025","potions_obtained":[{"floor":2.0,"key":"Fire Potion"},{"floor":10.0,"key":"Fire Potion"},{"floor":22.0,"key":"SpeedPotion"},{"floor":23.0,"key":"Block Potion"},{"floor":28.0,"key":"Block Potion"},{"floor":33.0,"key":"GamblersBrew"},{"floor":36,"key":"Ancient Potion"}],"is_trial":false,"path_per_floor":["M","M","?","?","M","R","$","R","T","?","T","E","$","E","R","B",null,"M","M","$","?","M","E","R","E","T","R","M","M","$","E","R","B",null,"M","M","$","?","$","E","R","E","T","R","M","?","M","$","R","B","B",null],"character_chosen":"IRONCLAD","items_purchased":["Evolve","ClockworkSouvenir","Sundial","Seeing Red"],"campfire_rested":0,"item_purchase_floors":[13,37,48,48],"current_hp_per_floor":[51,48,48,48,54,54,54,54,54,43,43,26,26,29,29,28,58,53,59,59,59,65,68,68,48,48,48,32,38,38,38,38,41,61,67,68,68,68,68,68,68,68,68,68,68,58,64,64,64,68,68],"gold":54,"neow_bonus":"ONE_RARE_RELIC","is_prod":false,"is_daily":false,"chose_seed":false,"campfire_upgraded":6,"win_rate":0,"timestamp":1567515303,"path_taken":["M","M","?","?","M","R","$","R","T","?","?","E","$","E","R","BOSS","M","M","$","?","M","E","R","E","T","R","M","M","$","E","R","BOSS","M","M","$","?","$","E","R","E","T","R","M","?","M","$","R","BOSS","BOSS"],"build_version":"2019-08-26","purchased_purges":5,"victory":true,"max_hp_per_floor":[75,75,75,68,68,68,68,68,68,68,68,68,68,68,68,68,68,68,68,68,68,68,68,68,68,68,68,68,68,68,68,68,68,68,68,68,68,68,68,68,68,68,68,68,68,68,68,68,68,68,68],"card_choices":[{"not_picked":["Heavy Blade","Battle Trance"],"picked":"Body Slam","floor":1.0},{"not_picked":["Perfected Strike","Sword Boomerang"],"picked":"True Grit","floor":2.0},{"not_picked":["Twin Strike","Flame Barrier"],"picked":"Shrug It Off","floor":5.0},{"not_picked":["Headbutt","Thunderclap"],"picked":"Second Wind","floor":10.0},{"not_picked":["Reaper","Thunderclap","Rupture"],"picked":"SKIP","floor":12.0},{"not_picked":["Perfected Strike","Clash","Iron Wave"],"picked":"SKIP","floor":14.0},{"not_picked":["Exhume","Juggernaut"],"picked":"Barricade","floor":16.0},{"not_picked":["Bloodletting","Infernal Blade"],"picked":"Feel No Pain+1","floor":18.0},{"not_picked":["Body Slam","Sword Boomerang+1"],"picked":"Power Through","floor":19.0},{"not_picked":["Heavy Blade","Whirlwind"],"picked":"Burning Pact","floor":22.0},{"not_picked":["Searing Blow","Blood for Blood+1","Disarm"],"picked":"SKIP","floor":23.0},{"not_picked":["Reaper","Disarm","Metallicize"],"picked":"SKIP","floor":25.0},{"not_picked":["Headbutt","Intimidate","Feel No Pain"],"picked":"SKIP","floor":28.0},{"not_picked":["Shockwave","True Grit"],"picked":"Corruption","floor":29.0},{"not_picked":["Spot Weakness","Sword Boomerang","Clash"],"picked":"SKIP","floor":31.0},{"not_picked":["Shrug It Off+1","Whirlwind+1"],"picked":"Havoc+1","floor":35},{"not_picked":["Clash","Warcry"],"picked":"Shockwave+1","floor":36},{"not_picked":["Sword Boomerang","Dropkick","Carnage"],"picked":"SKIP","floor":40},{"not_picked":["Disarm","Warcry","Feed"],"picked":"SKIP","floor":42},{"not_picked":["Shockwave","Body Slam"],"picked":"Bloodletting","floor":45},{"not_picked":["Body Slam","Clothesline","Havoc"],"picked":"SKIP","floor":47}],"player_experience":3167412,"relics_obtained":[{"floor":10.0,"key":"Odd Mushroom"},{"floor":11.0,"key":"Darkstone Periapt"},{"floor":12.0,"key":"Turnip"},{"floor":14.0,"key":"Gambling Chip"},{"floor":23.0,"key":"Mercury Hourglass"},{"floor":25.0,"key":"Tiny Chest"},{"floor":26.0,"key":"Bag of Preparation"},{"floor":31.0,"key":"Girya"},{"floor":38,"key":"Old Coin"},{"floor":40,"key":"Ice Cream"},{"floor":42,"key":"FossilizedHelix"},{"floor":43,"key":"Happy Flower"}],"event_choices":[{"cards_removed":["Strike_R"],"damage_healed":0.0,"max_hp_gain":0.0,"max_hp_loss":0.0,"gold_gain":0.0,"event_name":"The Cleric","player_choice":"Card Removal","floor":3.0,"gold_loss":75.0,"damage_taken":0.0},{"damage_healed":0.0,"max_hp_gain":0.0,"max_hp_loss":7.0,"gold_gain":0.0,"event_name":"Golden Idol","player_choice":"Lose Max HP","floor":4.0,"gold_loss":0.0,"damage_taken":0.0,"relics_obtained":["Golden Idol"]},{"damage_healed":0.0,"max_hp_gain":0.0,"max_hp_loss":0.0,"gold_gain":0.0,"event_name":"Mushrooms","player_choice":"Fought Mushrooms","floor":10.0,"gold_loss":0.0,"damage_taken":0.0},{"damage_healed":0.0,"max_hp_gain":0.0,"max_hp_loss":0.0,"gold_gain":50.0,"event_name":"Nest","player_choice":"Stole From Cult","floor":21.0,"gold_loss":0.0,"damage_taken":0.0},{"damage_healed":0,"gold_gain":0,"player_choice":"Fight","damage_taken":0,"max_hp_gain":0,"max_hp_loss":0,"event_name":"MindBloom","floor":38,"gold_loss":0},{"damage_healed":0,"gold_gain":0,"player_choice":"Damaged","damage_taken":10,"max_hp_gain":0,"max_hp_loss":0,"event_name":"Wheel of Change","floor":46,"gold_loss":0}],"is_beta":true,"boss_relics":[{"not_picked":["White Beast Statue","Busted Crown"],"picked":"Empty Cage"},{"not_picked":["Astrolabe","Pandora\u0027s Box"],"picked":"Runic Pyramid"}],"items_purged_floors":[13,20,30,39,48],"is_endless":false,"potions_floor_spawned":[2,10,22,23,28,33,36,45,47],"ascension_level":20}