{"gold_per_floor":[113,131,56,56,72,72,97,97,97,124,124,124,152,167,167,246,246,263,263,277,327,327,327,360,376,376,405,405,423,423,20,20,91,91,105,105,205,155,168,168,199,199,199,224,235,185,185,204,204,204,204,204,204,52,84,84],"floor_reached":57,"playtime":3491,"items_purged":["Sucker Punch","Burst","Deadly Poison","Dodge and Roll","Survivor+1"],"score":3383,"play_id":"a897af52-929a-4d6e-9b5d-b8f189006df7","local_time":"20190902194940","is_ascension_mode":true,"campfire_choices":[{"data":"Calculated Gamble","floor":6.0,"key":"SMITH"},{"data":"Well Laid Plans","floor":12.0,"key":"SMITH"},{"data":"Acrobatics","floor":15.0,"key":"SMITH"},{"floor":23.0,"key":"RECALL"},{"data":"Backflip","floor":30.0,"key":"SMITH"},{"data":"Eviscerate","floor":32.0,"key":"SMITH"},{"data":"Grand Finale","floor":40.0,"key":"SMITH"},{"data":"Footwork","floor":42.0,"key":"SMITH"},{"data":"Malaise","floor":49.0,"key":"SMITH"},{"data":"Doppelganger","floor":53.0,"key":"SMITH"}],"neow_cost":"NONE","seed_source_timestamp":0,"circlet_count":0,"master_deck":["AscendersBane","Neutralize+1","A Thousand Cuts","Doppelganger+1","Calculated Gamble+1","Backstab","Well Laid Plans+1","Doppelganger","Malaise+1","Acrobatics+1","Eviscerate+1","Backflip+1","Acrobatics+1","Reflex+1","Tactician+1","Footwork+1","Prepared+1","Purity+1"],"special_seed":0,"relics":["Pandora\u0027s Box","Odd Mushroom","Snake Skull","PreservedInsect","Art of War","White Beast Statue","Question Card","Ancient Tea Set","Vajra","Smiling Mask","Toxic Egg 2","Orrery","Mango","Bag of Marbles","Dodecahedron","StoneCalendar","Calipers"],"potions_floor_usage":[56],"damage_taken":[{"damage":9.0,"enemies":"Jaw Worm","floor":1.0,"turns":4.0},{"damage":0.0,"enemies":"Small Slimes","floor":2.0,"turns":3.0},{"damage":0.0,"enemies":"Cultist","floor":5.0,"turns":5.0},{"damage":16.0,"enemies":"The Mushroom Lair","floor":7.0,"turns":4.0},{"damage":0.0,"enemies":"Lagavulin","floor":10.0,"turns":8.0},{"damage":4.0,"enemies":"3 Sentries","floor":13.0,"turns":9.0},{"damage":2.0,"enemies":"Red Slaver","floor":14.0,"turns":4.0},{"damage":0.0,"enemies":"Hexaghost","floor":16.0,"turns":10.0},{"damage":1.0,"enemies":"3 Byrds","floor":18.0,"turns":4.0},{"damage":3.0,"enemies":"Shell Parasite","floor":20.0,"turns":5.0},{"damage":0.0,"enemies":"Gremlin Leader","floor":24.0,"turns":7.0},{"damage":17.0,"enemies":"Shelled Parasite and Fungi","floor":25.0,"turns":7.0},{"damage":13.0,"enemies":"Slavers","floor":27.0,"turns":6.0},{"damage":12.0,"enemies":"Centurion and Healer","floor":29.0,"turns":4.0},{"damage":0.0,"enemies":"Collector","floor":33.0,"turns":3.0},{"damage":1.0,"enemies":"3 Shapes","floor":35.0,"turns":2.0},{"damage":0.0,"enemies":"Mind Bloom Boss Battle","floor":37.0,"turns":3.0},{"damage":1.0,"enemies":"3 Darklings","floor":39.0,"turns":2.0},{"damage":0.0,"enemies":"Nemesis","floor":41.0,"turns":3.0},{"damage":0.0,"enemies":"Giant Head","floor":44.0,"turns":3.0},{"damage":0.0,"enemies":"Writhing Mass","floor":45.0,"turns":2.0},{"damage":0.0,"enemies":"Sphere and 2 Shapes","floor":48.0,"turns":2.0},{"damage":0.0,"enemies":"Donu and Deca","floor":50.0,"turns":1.0},{"damage":0.0,"enemies":"Time Eater","floor":51.0,"turns":7.0},{"damage":0.0,"enemies":"Shield and Spear","floor":55.0,"turns":1.0},{"damage":61,"enemies":"The Heart","floor":56,"turns":6}],"seed_played":"-7109007506327458623","potions_obtained":[{"floor":5.0,"key":"Energy Potion"},{"floor":13.0,"key":"Swift Potion"},{"floor":16.0,"key":"Swift Potion"},{"floor":18.0,"key":"Block Potion"},{"floor":20.0,"key":"SpeedPotion"},{"floor":25.0,"key":"Strength Potion"},{"floor":27.0,"key":"GamblersBrew"},{"floor":29.0,"key":"Block Potion"},{"floor":33.0,"key":"Poison Potion"},{"floor":35.0,"key":"AttackPotion"},{"floor":39.0,"key":"GamblersBrew"},{"floor":48.0,"key":"Dexterity Potion"},{"floor":55.0,"key":"Explosive Potion"}],"is_trial":false,"path_per_floor":["M","M","$","?","M","R","?","?","T","E","?","R","E","M","R","B",null,"M","?","M","?","T","R","E","M","T","E","?","M","R","$","R","B",null,"M","?","?","$","M","R","E","R","T","E","M","$","?","M","R","B","B",null,"R","$","E","B",null],"character_chosen":"THE_SILENT","items_purchased":["Toxic Egg 2","Reflex+1","Purity+1"],"campfire_rested":0,"item_purchase_floors":[31,31,54],"current_hp_per_floor":[50,50,50,50,50,50,34,29,29,29,9,9,5,3,3,3,50,49,49,46,46,46,46,46,29,29,16,16,4,4,4,4,4,51,50,50,64,64,63,63,63,63,63,63,63,63,63,63,63,63,63,74,74,74,74,13],"gold":84,"neow_bonus":"BOSS_RELIC","is_prod":false,"is_daily":false,"chose_seed":false,"campfire_upgraded":9,"win_rate":0,"timestamp":1567424980,"path_taken":["M","M","$","?","M","R","?","?","T","E","?","R","E","?","R","BOSS","M","?","M","?","?","R","E","M","T","E","?","?","R","$","R","BOSS","M","?","?","$","M","R","E","R","T","E","M","$","?","M","R","BOSS","BOSS","R","$","E","BOSS"],"build_version":"2019-08-26","purchased_purges":5,"victory":true,"max_hp_per_floor":[66,66,66,66,66,66,66,66,66,66,66,66,66,66,66,66,66,66,66,66,66,66,66,66,66,66,66,66,66,66,66,66,66,66,66,63,77,77,77,77,77,77,77,77,77,77,77,77,77,77,77,77,77,77,77,77],"card_choices":[{"not_picked":["Prepared","Dash"],"picked":"Acrobatics","floor":1.0},{"not_picked":["Eviscerate","Acrobatics","Sucker Punch"],"picked":"SKIP","floor":2.0},{"not_picked":["Eviscerate","Acrobatics","Sucker Punch"],"picked":"SKIP","floor":2.0},{"not_picked":["PiercingWail","Distraction","Blade Dance"],"picked":"SKIP","floor":5.0},{"not_picked":["Dodge and Roll","Acrobatics"],"picked":"Deadly Poison","floor":7.0},{"not_picked":["Outmaneuver","Endless Agony","Choke"],"picked":"SKIP","floor":10.0},{"not_picked":["Unload","Envenom"],"picked":"Eviscerate","floor":13.0},{"not_picked":["Setup","Leg Sweep"],"picked":"Backflip","floor":14.0},{"not_picked":["Blade Dance","Skewer","Distraction"],"picked":"SKIP","floor":18.0},{"not_picked":["Dodge and Roll","Quick Slash","Bane"],"picked":"SKIP","floor":20.0},{"not_picked":["Dodge and Roll","Quick Slash","Bane"],"picked":"SKIP","floor":20.0},{"not_picked":["Deflect+1","Poisoned Stab","Tools of the Trade","Blade Dance"],"picked":"SKIP","floor":24.0},{"not_picked":["Bane","Acrobatics","Blur","Poisoned Stab"],"picked":"SKIP","floor":25.0},{"not_picked":["Poisoned Stab","PiercingWail","Backflip","Leg Sweep+1"],"picked":"SKIP","floor":27.0},{"not_picked":["Calculated Gamble","Deadly Poison","Infinite Blades","Burst"],"picked":"SKIP","floor":29.0},{"not_picked":["Night Terror+1","Die Die Die","Glass Knife"],"picked":"Grand Finale","floor":33.0},{"not_picked":["Cloak And Dagger+1","Distraction+1","Sucker Punch"],"picked":"Tactician+1","floor":34.0},{"not_picked":["Bane","Flechettes","Poisoned Stab+1"],"picked":"Footwork","floor":34.0},{"not_picked":["Phantasmal Killer+1","Underhanded Strike","Bane","Dagger Spray"],"picked":"SKIP","floor":35.0},{"not_picked":["Finisher+1","Dagger Spray+1","Backflip+1"],"picked":"Prepared+1","floor":39.0},{"not_picked":["Cloak And Dagger+1","Blur+1","Slice+1","Quick Slash"],"picked":"SKIP","floor":41.0},{"not_picked":["Acrobatics+1","Backflip+1","Grand Finale","Eviscerate"],"picked":"SKIP","floor":44.0},{"not_picked":["PiercingWail+1","Well Laid Plans+1","Finisher","Infinite Blades"],"picked":"SKIP","floor":45.0},{"not_picked":["Accuracy+1","Prepared+1","Blade Dance+1","Backflip+1"],"picked":"SKIP","floor":48.0},{"not_picked":["Riddle With Holes","Well Laid Plans","Expertise+1","Setup+1"],"picked":"SKIP","floor":55.0}],"player_experience":3157090,"relics_obtained":[{"floor":7.0,"key":"Odd Mushroom"},{"floor":10.0,"key":"PreservedInsect"},{"floor":13.0,"key":"Art of War"},{"floor":22.0,"key":"Question Card"},{"floor":24.0,"key":"Ancient Tea Set"},{"floor":26.0,"key":"Vajra"},{"floor":27.0,"key":"Smiling Mask"},{"floor":37.0,"key":"Mango"},{"floor":41.0,"key":"Bag of Marbles"},{"floor":43.0,"key":"Dodecahedron"},{"floor":44.0,"key":"StoneCalendar"},{"floor":55.0,"key":"Calipers"}],"event_choices":[{"damage_healed":0.0,"max_hp_gain":0.0,"max_hp_loss":0.0,"gold_gain":0.0,"event_name":"Liars Game","player_choice":"Ignored","floor":4.0,"gold_loss":0.0,"damage_taken":0.0},{"damage_healed":0.0,"max_hp_gain":0.0,"max_hp_loss":0.0,"gold_gain":0.0,"event_name":"Mushrooms","player_choice":"Fought Mushrooms","floor":7.0,"gold_loss":0.0,"damage_taken":0.0},{"damage_healed":0.0,"max_hp_gain":0.0,"max_hp_loss":0.0,"gold_gain":0.0,"event_name":"Scrap Ooze","player_choice":"Success","floor":8.0,"gold_loss":0.0,"damage_taken":5.0,"relics_obtained":["Snake Skull"]},{"damage_healed":0.0,"max_hp_gain":0.0,"max_hp_loss":0.0,"gold_gain":0.0,"event_name":"Shining Light","player_choice":"Entered Light","floor":11.0,"gold_loss":0.0,"damage_taken":20.0,"cards_upgraded":["Survivor","Neutralize"]},{"damage_healed":0.0,"max_hp_gain":0.0,"max_hp_loss":0.0,"gold_gain":0.0,"event_name":"Ghosts","player_choice":"Ignored","floor":19.0,"gold_loss":0.0,"damage_taken":0.0},{"damage_healed":0.0,"max_hp_gain":0.0,"max_hp_loss":0.0,"gold_gain":50.0,"event_name":"Nest","player_choice":"Stole From Cult","floor":21.0,"gold_loss":0.0,"damage_taken":0.0},{"damage_healed":0.0,"max_hp_gain":0.0,"max_hp_loss":0.0,"gold_gain":0.0,"event_name":"Duplicator","player_choice":"Copied","floor":28.0,"gold_loss":0.0,"damage_taken":0.0,"cards_obtained":["Acrobatics"]},{"damage_healed":0.0,"max_hp_gain":0.0,"max_hp_loss":3.0,"gold_gain":0.0,"event_name":"Winding Halls","player_choice":"Max HP","floor":36.0,"gold_loss":0.0,"damage_taken":0.0},{"damage_healed":0.0,"max_hp_gain":0.0,"max_hp_loss":0.0,"gold_gain":0.0,"event_name":"MindBloom","player_choice":"Fight","floor":37.0,"gold_loss":0.0,"damage_taken":0.0},{"cards_removed":["Grand Finale"],"damage_healed":0.0,"max_hp_gain":0.0,"max_hp_loss":0.0,"gold_gain":0.0,"event_name":"Falling","player_choice":"Removed Attack","floor":47.0,"gold_loss":0.0,"damage_taken":0.0}],"is_beta":true,"boss_relics":[{"not_picked":["Tiny House","Busted Crown"],"picked":"White Beast Statue"},{"not_picked":["Astrolabe","Eternal Feather"],"picked":"Orrery"}],"items_purged_floors":[3,31,38,46,54],"is_endless":false,"potions_floor_spawned":[5,13,16,18,20,24,25,27,29,33,35,37,39,41,44,45,48,55],"ascension_level":20}