{"gold_per_floor":[117,117,42,58,58,91,91,109,179,208,283,283,301,336,348,435,447,474,502,414,428,439,465,465,390,390,402,402,113,128,142,142,218,218,229,247,264,11,111,145,195,225,225,225,243,271,285,300,300,300,300,300,300,15,48,48],"floor_reached":56,"playtime":3078,"items_purged":["Strike_G","Strike_G","Defend_G","Finisher","Masterful Stab+1"],"score":2483,"play_id":"1dd0cd24-ed73-4222-8072-3bb0fd9d9a89","local_time":"20190530174243","is_ascension_mode":true,"campfire_choices":[{"data":"Masterful Stab","floor":7.0,"key":"SMITH"},{"data":"Footwork","floor":12.0,"key":"SMITH"},{"data":"Neutralize","floor":15.0,"key":"SMITH"},{"floor":24.0,"key":"RECALL"},{"data":"Defend_G","floor":32.0,"key":"SMITH"},{"data":"Grand Finale","floor":44.0,"key":"SMITH"},{"floor":49.0,"key":"REST"},{"data":"Survivor","floor":53,"key":"SMITH"}],"neow_cost":"NONE","seed_source_timestamp":1061900087711858,"circlet_count":0,"master_deck":["AscendersBane","Defend_G","Defend_G","Defend_G","Defend_G+1","Survivor+1","Neutralize+1","Infinite Blades","Footwork+1","Deadly Poison+1","Adrenaline+1","Venomology+1","Prepared+1","Noxious Fumes+1","Catalyst+1","PiercingWail+1","Acrobatics+1","Malaise+1","Grand Finale+1","Reflex+1","Concentrate+1","Calculated Gamble+1"],"special_seed":0,"relics":["Ring of the Snake","NeowsBlessing","Orichalcum","Toxic Egg 2","Ancient Tea Set","MawBank","Runic Pyramid","Letter Opener","Kunai","Membership Card","Runic Dome","Paper Crane","Pocketwatch","Bronze Scales","Happy Flower","Dodecahedron","Pen Nib","Snake Skull","Bag of Preparation"],"potions_floor_usage":[51,55,55,56,56],"damage_taken":[{"damage":0.0,"enemies":"Jaw Worm","floor":1.0,"turns":1.0},{"damage":0.0,"enemies":"Cultist","floor":4.0,"turns":1.0},{"damage":0.0,"enemies":"Lagavulin","floor":6.0,"turns":1.0},{"damage":0.0,"enemies":"Small Slimes","floor":8.0,"turns":3.0},{"damage":17.0,"enemies":"3 Sentries","floor":10.0,"turns":12.0},{"damage":0.0,"enemies":"Blue Slaver","floor":13.0,"turns":4.0},{"damage":14.0,"enemies":"Gremlin Nob","floor":14.0,"turns":4.0},{"damage":8.0,"enemies":"Slime Boss","floor":16.0,"turns":7.0},{"damage":0.0,"enemies":"Spheric Guardian","floor":18.0,"turns":6.0},{"damage":6.0,"enemies":"2 Thieves","floor":19.0,"turns":4.0},{"damage":14.0,"enemies":"Shelled Parasite and Fungi","floor":21.0,"turns":7.0},{"damage":9.0,"enemies":"Snake Plant","floor":22.0,"turns":6.0},{"damage":1.0,"enemies":"Book of Stabbing","floor":23.0,"turns":7.0},{"damage":10.0,"enemies":"Sentry and Sphere","floor":27.0,"turns":6.0},{"damage":0.0,"enemies":"Centurion and Healer","floor":30.0,"turns":5.0},{"damage":0.0,"enemies":"Snake Plant","floor":31.0,"turns":4.0},{"damage":0.0,"enemies":"Collector","floor":33.0,"turns":6.0},{"damage":0.0,"enemies":"Orb Walker","floor":35.0,"turns":3.0},{"damage":1.0,"enemies":"3 Darklings","floor":36.0,"turns":3.0},{"damage":4.0,"enemies":"4 Shapes","floor":37.0,"turns":4.0},{"damage":0.0,"enemies":"Mind Bloom Boss Battle","floor":39.0,"turns":2.0},{"damage":0.0,"enemies":"Reptomancer","floor":40.0,"turns":3.0},{"damage":0.0,"enemies":"Giant Head","floor":42.0,"turns":4.0},{"damage":3.0,"enemies":"Maw","floor":45.0,"turns":5.0},{"damage":10.0,"enemies":"Nemesis","floor":46.0,"turns":5.0},{"damage":3.0,"enemies":"Transient","floor":47.0,"turns":6.0},{"damage":0.0,"enemies":"Writhing Mass","floor":48.0,"turns":3.0},{"damage":0.0,"enemies":"Donu and Deca","floor":50.0,"turns":7.0},{"damage":0,"enemies":"Awakened One","floor":51,"turns":8},{"damage":63,"enemies":"Shield and Spear","floor":55,"turns":8},{"damage":16,"enemies":"The Heart","floor":56,"turns":2}],"seed_played":"2773578639234641473","potions_obtained":[{"floor":1.0,"key":"AttackPotion"},{"floor":6.0,"key":"Block Potion"},{"floor":10.0,"key":"Explosive Potion"},{"floor":13.0,"key":"AttackPotion"},{"floor":16.0,"key":"Swift Potion"},{"floor":19.0,"key":"GamblersBrew"},{"floor":22.0,"key":"Poison Potion"},{"floor":30.0,"key":"EssenceOfSteel"},{"floor":37.0,"key":"Swift Potion"},{"floor":45.0,"key":"SkillPotion"},{"floor":46.0,"key":"Ancient Potion"},{"floor":47.0,"key":"PowerPotion"}],"is_trial":false,"path_per_floor":["M","?","$","M","?","E","R","M","T","E","?","R","M","E","R","B",null,"M","M","$","M","M","E","R","?","T","M","?","$","M","M","R","B",null,"M","M","M","$","?","E","?","E","T","R","M","E","M","M","R","B","B",null,"R","$","E","B"],"character_chosen":"THE_SILENT","items_purchased":["Membership Card","Calculated Gamble+1","Paper Crane","Pen Nib","Snake Skull","Strength Potion"],"campfire_rested":1,"item_purchase_floors":[29,38,38,54,54,54],"current_hp_per_floor":[59,59,59,59,59,59,59,59,59,42,31,31,31,17,17,9,52,52,46,46,32,23,22,22,22,22,12,12,12,12,12,12,12,53,53,52,48,48,48,48,48,48,48,48,45,50,47,47,66,66,66,66,66,66,3,0],"gold":48,"neow_bonus":"THREE_ENEMY_KILL","is_prod":false,"is_daily":false,"chose_seed":false,"campfire_upgraded":6,"win_rate":0,"timestamp":1559209363,"path_taken":["M","?","$","?","?","E","R","M","T","E","?","R","M","E","R","BOSS","M","M","$","M","M","E","R","?","T","M","?","$","M","?","R","BOSS","M","M","M","$","?","E","?","E","T","R","M","E","?","M","R","BOSS","BOSS","R","$","E","BOSS"],"build_version":"2019-05-28","purchased_purges":5,"victory":false,"max_hp_per_floor":[66,66,66,66,66,66,66,66,66,66,66,66,66,66,66,66,66,66,66,66,66,66,66,66,66,66,66,66,66,66,66,66,66,66,66,66,66,66,66,66,66,66,66,66,66,66,66,66,66,66,66,66,66,66,66,66],"card_choices":[{"not_picked":["Accuracy","Distraction","Prepared"],"picked":"SKIP","floor":1.0},{"not_picked":["Dagger Spray","Choke","PiercingWail"],"picked":"SKIP","floor":4.0},{"not_picked":["Prepared","Quick Slash"],"picked":"Masterful Stab","floor":6.0},{"not_picked":["Cloak And Dagger","PiercingWail","Poisoned Stab"],"picked":"SKIP","floor":8.0},{"not_picked":["Dagger Spray","Quick Slash"],"picked":"Footwork","floor":10.0},{"not_picked":["Riddle With Holes","Blade Dance+1"],"picked":"Deadly Poison+1","floor":13.0},{"not_picked":["Underhanded Strike","Predator"],"picked":"Adrenaline+1","floor":14.0},{"not_picked":["Night Terror+1","A Thousand Cuts"],"picked":"Venomology+1","floor":16.0},{"not_picked":["Dagger Spray","Deadly Poison+1","Expertise+1"],"picked":"SKIP","floor":18.0},{"not_picked":["Sucker Punch","Deflect+1"],"picked":"Prepared+1","floor":19.0},{"not_picked":["Sucker Punch","Dagger Spray"],"picked":"Noxious Fumes+1","floor":21.0},{"not_picked":["Crippling Poison+1","Prepared+1"],"picked":"Catalyst+1","floor":22.0},{"not_picked":["Flechettes","Endless Agony","Finisher"],"picked":"SKIP","floor":23.0},{"not_picked":["Terror+1","Underhanded Strike"],"picked":"PiercingWail+1","floor":27.0},{"not_picked":["Deflect+1","Eviscerate"],"picked":"Acrobatics+1","floor":30.0},{"not_picked":["Noxious Fumes","Deadly Poison+1"],"picked":"Malaise+1","floor":31.0},{"not_picked":["Envenom","Glass Knife"],"picked":"Grand Finale","floor":33.0},{"not_picked":["Choke","Noxious Fumes","Bane"],"picked":"SKIP","floor":35.0},{"not_picked":["Dagger Spray","Prepared+1"],"picked":"Reflex+1","floor":36.0},{"not_picked":["Underhanded Strike","Outmaneuver+1"],"picked":"Concentrate+1","floor":37.0},{"not_picked":["PiercingWail+1","Noxious Fumes","Finisher"],"picked":"SKIP","floor":40.0},{"not_picked":["Corpse Explosion+1","PiercingWail+1","Dagger Spray"],"picked":"SKIP","floor":42.0},{"not_picked":["Finisher","Blur+1","Poisoned Stab+1"],"picked":"SKIP","floor":45.0},{"not_picked":["PiercingWail+1","Cloak And Dagger+1","Catalyst+1"],"picked":"SKIP","floor":46.0},{"not_picked":["Eviscerate","Setup+1","Deadly Poison+1"],"picked":"SKIP","floor":47.0},{"not_picked":["Dagger Throw","Deadly Poison+1","Poisoned Stab"],"picked":"SKIP","floor":48.0},{"not_picked":["Noxious Fumes","Cloak And Dagger+1","Endless Agony+1"],"picked":"SKIP","floor":55}],"player_experience":3054426,"relics_obtained":[{"floor":6.0,"key":"Orichalcum"},{"floor":9.0,"key":"Toxic Egg 2"},{"floor":10.0,"key":"Ancient Tea Set"},{"floor":14.0,"key":"MawBank"},{"floor":23.0,"key":"Letter Opener"},{"floor":26.0,"key":"Kunai"},{"floor":39.0,"key":"Pocketwatch"},{"floor":40.0,"key":"Bronze Scales"},{"floor":42.0,"key":"Happy Flower"},{"floor":46.0,"key":"Dodecahedron"},{"floor":55,"key":"Bag of Preparation"}],"event_choices":[{"damage_healed":0.0,"max_hp_gain":0.0,"max_hp_loss":0.0,"gold_gain":0.0,"cards_transformed":["Strike_G"],"event_name":"Transmorgrifier","player_choice":"Transformed","floor":2.0,"gold_loss":0.0,"damage_taken":0.0,"cards_obtained":["Infinite Blades"]},{"damage_healed":0.0,"max_hp_gain":0.0,"max_hp_loss":0.0,"gold_gain":0.0,"cards_transformed":["Strike_G"],"event_name":"Living Wall","player_choice":"Change","floor":5.0,"gold_loss":0.0,"damage_taken":0.0,"cards_obtained":["Finisher"]},{"damage_healed":0.0,"max_hp_gain":0.0,"max_hp_loss":0.0,"gold_gain":75.0,"event_name":"World of Goop","player_choice":"Gather Gold","floor":11.0,"gold_loss":0.0,"damage_taken":11.0},{"cards_removed":["Strike_G"],"damage_healed":0.0,"max_hp_gain":0.0,"max_hp_loss":0.0,"gold_gain":0.0,"event_name":"Beggar","player_choice":"Gave Gold","floor":25.0,"gold_loss":75.0,"damage_taken":0.0},{"damage_healed":0.0,"max_hp_gain":0.0,"max_hp_loss":0.0,"gold_gain":0.0,"event_name":"N\u0027loth","player_choice":"Ignored","floor":28.0,"gold_loss":0.0,"damage_taken":0.0},{"damage_healed":0.0,"max_hp_gain":0.0,"max_hp_loss":0.0,"gold_gain":0.0,"event_name":"MindBloom","player_choice":"Fight","floor":39.0,"gold_loss":0.0,"damage_taken":0.0},{"damage_healed":0.0,"max_hp_gain":0.0,"max_hp_loss":0.0,"gold_gain":50.0,"event_name":"Golden Shrine","player_choice":"Pray","floor":41.0,"gold_loss":0.0,"damage_taken":0.0}],"is_beta":true,"boss_relics":[{"not_picked":["WristBlade","Ectoplasm"],"picked":"Runic Pyramid"},{"not_picked":["Velvet Choker","White Beast Statue"],"picked":"Runic Dome"}],"items_purged_floors":[3,20,29,38,54],"is_endless":false,"potions_floor_spawned":[1,6,10,13,16,19,22,30,31,37,42,45,46,47],"killed_by":"The Heart","ascension_level":20}