{"gold_per_floor":[359,29,49,49,62,62,81,81,81,92,3,13,13,40,40,117,117,132,142,57,57,77,77,103,103,185,198,217,246,246,61,61,135,135,148,148,148,148,48,48,77,92,118,147,194,69,96,110,110,110,110,110,110,22,49,49],"floor_reached":61,"playtime":2767,"items_purged":["All Out Attack","Bouncing Flask+1","Corpse Explosion+1"],"score":3521,"play_id":"1312ec8f-0e60-42bf-9399-9637a041fd41","local_time":"20190811031234","is_ascension_mode":true,"campfire_choices":[{"data":"Bouncing Flask","floor":6.0,"key":"SMITH"},{"data":"Acrobatics","floor":8.0,"key":"SMITH"},{"data":"Well Laid Plans","floor":15.0,"key":"SMITH"},{"data":"Calculated Gamble","floor":23.0,"key":"SMITH"},{"data":"Tactician","floor":25.0,"key":"SMITH"},{"data":"Acrobatics","floor":32.0,"key":"SMITH"},{"floor":44,"key":"RECALL"},{"floor":53,"key":"REST"},{"floor":57,"key":"REST"}],"neow_cost":"PERCENT_DAMAGE","seed_source_timestamp":396759830237108,"circlet_count":0,"master_deck":["AscendersBane","Defend_G+1","Defend_G+1","Defend_G+1","Survivor+1","PiercingWail+1","Acrobatics+1","Escape Plan+1","Well Laid Plans+1","Calculated Gamble+1","Escape Plan+1","Footwork+1","Tools of the Trade+1","Malaise+1","Slice+1","Well Laid Plans+1","Escape Plan+1","Tactician+1","Prepared+1","Backflip+1","Escape Plan+1","Acrobatics+1","Grand Finale+1","After Image+1"],"special_seed":0,"relics":["Ring of the Snake","Prayer Wheel","Sundial","Happy Flower","Astrolabe","Frozen Egg 2","Pantograph","Blood Vial","Sozu","Mark of the Bloom","Vajra","Lantern","The Specimen","Tingsha","Strawberry","Turnip"],"potions_floor_usage":[60],"damage_taken":[{"damage":4.0,"enemies":"Jaw Worm","floor":1.0,"turns":5.0},{"damage":2.0,"enemies":"Cultist","floor":3.0,"turns":5.0},{"damage":5.0,"enemies":"Small Slimes","floor":5.0,"turns":7.0},{"damage":2.0,"enemies":"Looter","floor":7.0,"turns":5.0},{"damage":4.0,"enemies":"2 Fungi Beasts","floor":10.0,"turns":4.0},{"damage":7.0,"enemies":"Gremlin Gang","floor":12.0,"turns":7.0},{"damage":16.0,"enemies":"3 Sentries","floor":14.0,"turns":12.0},{"damage":0.0,"enemies":"Hexaghost","floor":16.0,"turns":9.0},{"damage":4.0,"enemies":"Shell Parasite","floor":18.0,"turns":7.0},{"damage":8.0,"enemies":"2 Thieves","floor":19.0,"turns":4.0},{"damage":10.0,"enemies":"Snecko","floor":22.0,"turns":5.0},{"damage":2.0,"enemies":"Slavers","floor":24.0,"turns":6.0},{"damage":0.0,"enemies":"Snake Plant","floor":27.0,"turns":5.0},{"damage":0.0,"enemies":"Centurion and Healer","floor":28.0,"turns":6.0},{"damage":0.0,"enemies":"Gremlin Leader","floor":29.0,"turns":6.0},{"damage":0.0,"enemies":"Automaton","floor":33.0,"turns":2.0},{"damage":0,"enemies":"3 Shapes","floor":39,"turns":2},{"damage":0,"enemies":"Reptomancer","floor":45,"turns":2},{"damage":0,"enemies":"Orb Walker","floor":46,"turns":2},{"damage":0,"enemies":"Giant Head","floor":48,"turns":2},{"damage":0,"enemies":"2 Orb Walkers","floor":49,"turns":2},{"damage":0,"enemies":"Reptomancer","floor":51,"turns":2},{"damage":0,"enemies":"Sphere and 2 Shapes","floor":52,"turns":2},{"damage":0,"enemies":"Awakened One","floor":54,"turns":3},{"damage":0,"enemies":"Donu and Deca","floor":55,"turns":1},{"damage":0,"enemies":"Shield and Spear","floor":59,"turns":2},{"damage":0,"enemies":"The Heart","floor":60,"turns":5}],"seed_played":"2561251881521166804","potions_obtained":[{"floor":1.0,"key":"GamblersBrew"},{"floor":7.0,"key":"Dexterity Potion"},{"floor":16.0,"key":"Block Potion"},{"floor":18.0,"key":"SpeedPotion"},{"floor":21.0,"key":"EntropicBrew"},{"floor":24.0,"key":"Ancient Potion"},{"floor":27.0,"key":"Energy Potion"},{"floor":29.0,"key":"GhostInAJar"}],"is_trial":false,"path_per_floor":["M","$","M","?","M","R","M","R","T","M","$","M","?","E","R","B",null,"M","M","?","?","M","R","E","R","T","M","M","E","?","$","R","B",null,"M","?","?","?","$","R","E","M","T","E","?","$","E","M","R","B","B",null,"R","$","E","B",null],"character_chosen":"THE_SILENT","items_purchased":["Prayer Wheel","Well Laid Plans","Acrobatics","GhostInAJar","After Image+1"],"campfire_rested":2,"item_purchase_floors":[2,11,31,31,58],"current_hp_per_floor":[40,40,38,38,33,33,31,31,31,27,27,20,20,4,4,4,51,47,39,39,39,29,29,27,27,27,27,27,27,27,27,27,54,66,66,66,66,66,66,66,66,66,66,66,66,66,66,66,66,66,66,66,66,66,66,66],"gold":49,"neow_bonus":"TWO_FIFTY_GOLD","is_prod":false,"is_daily":false,"chose_seed":false,"campfire_upgraded":6,"win_rate":0,"timestamp":1565460754,"path_taken":["M","$","M","?","M","R","M","R","T","M","?","M","?","E","R","BOSS","M","M","?","?","M","R","E","R","T","?","M","E","?","$","R","BOSS","M","?","?","?","$","R","E","?","T","E","?","$","E","M","R","BOSS","BOSS","R","$","E","BOSS"],"build_version":"2019-07-17","purchased_purges":3,"victory":true,"max_hp_per_floor":[66,66,66,66,66,66,66,66,66,66,66,66,66,66,66,66,66,66,66,66,66,66,66,66,66,66,66,66,66,66,66,66,66,66,66,66,66,66,66,66,66,66,66,66,66,66,73,73,73,73,73,73,73,73,73,73],"card_choices":[{"not_picked":["Eviscerate","Dagger Throw","Dagger Spray"],"picked":"SKIP","floor":1.0},{"not_picked":["Dagger Throw","Reflex"],"picked":"Bouncing Flask","floor":3.0},{"not_picked":["Outmaneuver","Slice"],"picked":"PiercingWail","floor":3.0},{"not_picked":["Flying Knee","Envenom","Deadly Poison"],"picked":"SKIP","floor":5.0},{"not_picked":["Quick Slash","Sucker Punch","Cloak And Dagger"],"picked":"SKIP","floor":5.0},{"not_picked":["Underhanded Strike","Dodge and Roll"],"picked":"Acrobatics","floor":7.0},{"not_picked":["Flying Knee","Deflect","Setup"],"picked":"SKIP","floor":7.0},{"not_picked":["Sucker Punch","Deflect"],"picked":"Escape Plan","floor":10.0},{"not_picked":["Eviscerate","Prepared","Doppelganger"],"picked":"SKIP","floor":10.0},{"not_picked":["Slice","Prepared"],"picked":"Calculated Gamble","floor":12.0},{"not_picked":["Backflip","Quick Slash"],"picked":"Escape Plan","floor":12.0},{"not_picked":["Dodge and Roll","Cloak And Dagger"],"picked":"Footwork","floor":14.0},{"not_picked":["Tools of the Trade","Wraith Form v2"],"picked":"Corpse Explosion","floor":16.0},{"not_picked":["Bane+1","Flying Knee"],"picked":"Well Laid Plans","floor":18.0},{"not_picked":["Dodge and Roll","Deflect","Endless Agony"],"picked":"SKIP","floor":18.0},{"not_picked":["Endless Agony","Heel Hook","Predator+1"],"picked":"SKIP","floor":19.0},{"not_picked":["Crippling Poison+1","Distraction","Quick Slash"],"picked":"SKIP","floor":19.0},{"not_picked":["Backstab","Dagger Throw"],"picked":"Escape Plan","floor":22.0},{"not_picked":["Bouncing Flask","Setup","PiercingWail"],"picked":"SKIP","floor":22.0},{"not_picked":["Cloak And Dagger","Dodge and Roll"],"picked":"Tactician","floor":24.0},{"not_picked":["Dodge and Roll","Deflect","Poisoned Stab"],"picked":"SKIP","floor":27.0},{"not_picked":["Concentrate","Venomology","Endless Agony"],"picked":"SKIP","floor":27.0},{"not_picked":["Underhanded Strike+1","Crippling Poison+1"],"picked":"Prepared+1","floor":28.0},{"not_picked":["Quick Slash","Prepared"],"picked":"Backflip","floor":28.0},{"not_picked":["Deflect","Dagger Throw","Underhanded Strike"],"picked":"SKIP","floor":29.0},{"not_picked":["Doppelganger","Bullet Time"],"picked":"Grand Finale","floor":33.0},{"not_picked":["Backflip","Finisher","Flying Knee"],"picked":"SKIP","floor":39},{"not_picked":["Flying Knee","Backflip","Heel Hook"],"picked":"SKIP","floor":39},{"not_picked":["Deflect+1","Finisher","Sucker Punch"],"picked":"SKIP","floor":45},{"not_picked":["Quick Slash+1","Dagger Spray+1","Concentrate"],"picked":"SKIP","floor":46},{"not_picked":["Underhanded Strike","Heel Hook","Tactician"],"picked":"SKIP","floor":46},{"not_picked":["Corpse Explosion","Bouncing Flask","Outmaneuver"],"picked":"SKIP","floor":48},{"not_picked":["Dodge and Roll","Heel Hook","Blade Dance"],"picked":"SKIP","floor":51},{"not_picked":["Cloak And Dagger","Underhanded Strike+1","Prepared"],"picked":"SKIP","floor":52},{"not_picked":["Predator","Poisoned Stab","Deflect+1"],"picked":"SKIP","floor":52},{"not_picked":["Infinite Blades+1","Die Die Die","Storm of Steel"],"picked":"SKIP","floor":59}],"player_experience":844494,"relics_obtained":[{"floor":9.0,"key":"Sundial"},{"floor":14.0,"key":"Happy Flower"},{"floor":24.0,"key":"Pantograph"},{"floor":29.0,"key":"Blood Vial"},{"floor":45,"key":"Vajra"},{"floor":47,"key":"Lantern"},{"floor":48,"key":"The Specimen"},{"floor":49,"key":"Tingsha"},{"floor":51,"key":"Strawberry"},{"floor":59,"key":"Turnip"}],"event_choices":[{"cards_removed":["Strike_G"],"damage_healed":0.0,"max_hp_gain":0.0,"max_hp_loss":0.0,"gold_gain":0.0,"event_name":"Purifier","player_choice":"Purged","floor":4.0,"gold_loss":0.0,"damage_taken":0.0},{"cards_removed":["Strike_G"],"damage_healed":0.0,"max_hp_gain":0.0,"max_hp_loss":0.0,"gold_gain":0.0,"event_name":"Living Wall","player_choice":"Forget","floor":13.0,"gold_loss":0.0,"damage_taken":0.0},{"damage_healed":0.0,"max_hp_gain":0.0,"max_hp_loss":0.0,"gold_gain":0.0,"event_name":"Addict","player_choice":"Obtained Relic","floor":20.0,"gold_loss":85.0,"damage_taken":0.0,"relics_obtained":["Frozen Egg 2"]},{"damage_healed":0.0,"max_hp_gain":0.0,"max_hp_loss":0.0,"gold_gain":0.0,"event_name":"Lab","player_choice":"Got Potions","floor":21.0,"gold_loss":0.0,"damage_taken":0.0},{"damage_healed":0.0,"max_hp_gain":0.0,"max_hp_loss":0.0,"gold_gain":0.0,"cards_transformed":["Defend_G","Defend_G"],"event_name":"Drug Dealer","player_choice":"Became Test Subject","floor":30.0,"gold_loss":0.0,"damage_taken":0.0,"cards_obtained":["Escape Plan","All Out Attack"]},{"damage_healed":0,"gold_gain":0,"player_choice":"Upgrade","damage_taken":0,"relics_obtained":["Mark of the Bloom"],"max_hp_gain":0,"max_hp_loss":0,"event_name":"MindBloom","floor":40,"gold_loss":0,"cards_upgraded":["Defend_G","Defend_G","Defend_G","Survivor","Neutralize","PiercingWail","Escape Plan","Escape Plan","Footwork","Corpse Explosion","Well Laid Plans","Escape Plan","Backflip","Escape Plan","Grand Finale"]},{"damage_healed":0,"gold_gain":0,"player_choice":"Ignored","damage_taken":0,"max_hp_gain":0,"max_hp_loss":0,"event_name":"Tomb of Lord Red Mask","floor":41,"gold_loss":0},{"cards_removed":["Neutralize"],"damage_healed":0,"gold_gain":0,"player_choice":"Removed Attack","damage_taken":0,"max_hp_gain":0,"max_hp_loss":0,"event_name":"Falling","floor":42,"gold_loss":0},{"damage_healed":0,"gold_gain":0,"player_choice":"Fight","damage_taken":0,"max_hp_gain":0,"max_hp_loss":0,"event_name":"Mysterious Sphere","floor":49,"gold_loss":0}],"is_beta":false,"boss_relics":[{"not_picked":["Runic Dome","Snecko Eye"],"picked":"Astrolabe"},{"not_picked":["Coffee Dripper","Pandora\u0027s Box"],"picked":"Sozu"}],"items_purged_floors":[31,43,50],"is_endless":false,"potions_floor_spawned":[1,7,12,16,18,24,27,28,29,45,48,49,52],"ascension_level":20}