{"gold_per_floor":[212,60,71,71,90,90,108,118,142,142,142,142,152,162,162,265,265,284,301,216,27,41,41,41,54,77,77,96,96,125,139,139,139],"floor_reached":33,"playtime":2838,"items_purged":[],"score":241,"play_id":"c2d3e49f-95ca-41fd-9078-b6cbf61a31db","local_time":"20190912220406","is_ascension_mode":false,"campfire_choices":[{"data":"Conserve Battery","floor":6.0,"key":"SMITH"},{"floor":11.0,"key":"REST"},{"data":"Loop","floor":15.0,"key":"SMITH"},{"floor":23,"key":"REST"},{"floor":27,"key":"REST"},{"floor":29,"key":"REST"},{"floor":32,"key":"REST"}],"neow_cost":"NONE","seed_source_timestamp":0,"circlet_count":0,"master_deck":["Strike_B","Strike_B","Strike_B+1","Strike_B","Defend_B","Defend_B","Defend_B","Defend_B","Zap","Dualcast","Conserve Battery+1","Stack","Reinforced Body","Chaos+1","Aggregate","Loop+1","Auto Shields","Machine Learning","Storm","Streamline","Go for the Eyes+1","Genetic Algorithm+1","Static Discharge","Tempest","Leap+1","Doom and Gloom","Go for the Eyes"],"special_seed":0,"relics":["FrozenCore","Lantern","Ancient Tea Set","Happy Flower","Toolbox","Whetstone","Red Mask"],"potions_floor_usage":[19,25,28,33],"damage_taken":[{"damage":1.0,"enemies":"2 Louse","floor":1.0,"turns":3.0},{"damage":1.0,"enemies":"Jaw Worm","floor":3.0,"turns":4.0},{"damage":5.0,"enemies":"Small Slimes","floor":5.0,"turns":3.0},{"damage":7.0,"enemies":"Blue Slaver","floor":7.0,"turns":4.0},{"damage":2.0,"enemies":"Exordium Thugs","floor":8.0,"turns":8.0},{"damage":5.0,"enemies":"Large Slime","floor":13.0,"turns":7.0},{"damage":5.0,"enemies":"Looter","floor":14.0,"turns":4.0},{"damage":21.0,"enemies":"The Guardian","floor":16.0,"turns":13.0},{"damage":9,"enemies":"Chosen","floor":18,"turns":8},{"damage":18,"enemies":"3 Byrds","floor":19,"turns":8},{"damage":29,"enemies":"Centurion and Healer","floor":22,"turns":13},{"damage":6,"enemies":"Snake Plant","floor":25,"turns":3},{"damage":7,"enemies":"Sentry and Sphere","floor":28,"turns":5},{"damage":51,"enemies":"Masked Bandits","floor":30,"turns":5},{"damage":13,"enemies":"Shelled Parasite and Fungi","floor":31,"turns":4},{"damage":51,"enemies":"Collector","floor":33,"turns":5}],"seed_played":"749462930626640","potions_obtained":[{"floor":7.0,"key":"SpeedPotion"},{"floor":16.0,"key":"FearPotion"},{"floor":22,"key":"PowerPotion"},{"floor":28,"key":"Dexterity Potion"},{"floor":30,"key":"Dexterity Potion"}],"is_trial":false,"path_per_floor":["M","$","M","?","M","R","M","M","T","?","R","?","M","M","R","B",null,"M","M","?","$","M","R","?","M","T","R","M","R","?","M","R","B"],"character_chosen":"DEFECT","items_purchased":["Lantern","Toolbox","Go for the Eyes"],"campfire_rested":5,"item_purchase_floors":[2,21,21],"current_hp_per_floor":[74,74,73,73,68,68,61,59,59,59,75,75,70,65,65,44,75,66,48,48,48,19,41,41,35,35,57,50,72,21,8,30,0],"gold":139,"neow_bonus":"HUNDRED_GOLD","is_prod":false,"is_daily":false,"chose_seed":false,"campfire_upgraded":2,"win_rate":0.0,"timestamp":1568351046,"path_taken":["M","$","M","?","M","R","M","M","T","?","R","?","M","M","R","BOSS","M","M","?","$","M","R","?","M","T","R","M","R","?","M","R","BOSS"],"build_version":"2019-09-11v2","purchased_purges":0,"victory":false,"max_hp_per_floor":[75,75,75,75,75,75,75,75,75,75,75,75,75,75,75,75,75,75,75,75,75,75,75,75,75,75,75,75,75,75,75,75,75],"card_choices":[{"not_picked":["Barrage","Streamline"],"picked":"Conserve Battery","floor":1.0},{"not_picked":["Sweeping Beam","Compile Driver"],"picked":"Stack","floor":3.0},{"not_picked":["Leap","Melter"],"picked":"Reinforced Body","floor":5.0},{"not_picked":["Biased Cognition","Rebound"],"picked":"Chaos","floor":7.0},{"not_picked":["Compile Driver","Leap"],"picked":"Aggregate","floor":8.0},{"not_picked":["Steam Power","Defragment"],"picked":"Loop","floor":13.0},{"not_picked":["FTL","Streamline"],"picked":"Auto Shields","floor":14.0},{"not_picked":["Buffer","Fission"],"picked":"Machine Learning","floor":16.0},{"not_picked":["Sweeping Beam","Darkness"],"picked":"Storm","floor":18},{"not_picked":["Steam Power","Coolheaded"],"picked":"Streamline","floor":19},{"not_picked":["Scrape","Tempest"],"picked":"Genetic Algorithm+1","floor":22},{"not_picked":["Double Energy","Loop"],"picked":"Tempest","floor":25},{"not_picked":["Gash","Steam"],"picked":"Leap+1","floor":28},{"not_picked":["Hello World","Sweeping Beam"],"picked":"Doom and Gloom","floor":30},{"not_picked":["Streamline","Echo Form"],"picked":"Go for the Eyes","floor":31}],"player_experience":17352,"relics_obtained":[{"floor":9.0,"key":"Ancient Tea Set"},{"floor":26,"key":"Whetstone"},{"floor":30,"key":"Red Mask"}],"event_choices":[{"damage_healed":0.0,"max_hp_gain":0.0,"max_hp_loss":0.0,"gold_gain":0.0,"event_name":"Shining Light","player_choice":"Ignored","floor":4.0,"gold_loss":0.0,"damage_taken":0.0},{"damage_healed":0.0,"max_hp_gain":0.0,"max_hp_loss":0.0,"gold_gain":0.0,"event_name":"Golden Wing","player_choice":"Ignored","floor":10.0,"gold_loss":0.0,"damage_taken":0.0},{"damage_healed":0.0,"max_hp_gain":0.0,"max_hp_loss":0.0,"gold_gain":0.0,"event_name":"Living Wall","player_choice":"Grow","floor":12.0,"gold_loss":0.0,"damage_taken":0.0,"cards_upgraded":["Chaos"]},{"damage_healed":0,"gold_gain":0,"player_choice":"Obtained Relic","damage_taken":0,"relics_obtained":["Happy Flower"],"max_hp_gain":0,"max_hp_loss":0,"event_name":"Addict","floor":20,"gold_loss":85},{"damage_healed":0,"gold_gain":0,"player_choice":"Read","damage_taken":0,"max_hp_gain":0,"max_hp_loss":0,"event_name":"The Library","floor":24,"gold_loss":0,"cards_obtained":["Static Discharge"]},{"damage_healed":0,"gold_gain":0,"player_choice":"Fought Bandits","damage_taken":0,"max_hp_gain":0,"max_hp_loss":0,"event_name":"Masked Bandits","floor":30,"gold_loss":0}],"is_beta":true,"boss_relics":[{"not_picked":["Ectoplasm","Velvet Choker"],"picked":"FrozenCore"}],"items_purged_floors":[],"is_endless":false,"potions_floor_spawned":[7,16,22,28,30],"killed_by":"Collector","ascension_level":0}