{"gold_per_floor":[117,128,53,53,29,29,62,137,137,137,164,164,164,178,178,252,302,312,329,58,72,72,72,72,98,98,127,127,127,145,60,60,60],"floor_reached":33,"playtime":842,"items_purged":["Strike_B","Strike_B"],"score":728,"play_id":"3774551c-6d27-4e0b-9291-914a8815e7f3","local_time":"20190918164303","is_ascension_mode":true,"campfire_choices":[{"data":"Barrage","floor":6.0,"key":"SMITH"},{"data":"Turbo","floor":10.0,"key":"SMITH"},{"data":"Dualcast","floor":15.0,"key":"SMITH"},{"floor":23.0,"key":"REST"},{"data":"Heatsinks","floor":29,"key":"SMITH"},{"data":"Zap","floor":32,"key":"SMITH"}],"neow_cost":"NONE","seed_source_timestamp":687278949179105,"circlet_count":0,"master_deck":["AscendersBane","Defend_B+1","Defend_B+1","Defend_B","Zap+1","Dualcast+1","Barrage+1","Glacier","Turbo+1","Meteor Strike","Ball Lightning","Hologram","Fission+1","Conserve Battery","Genetic Algorithm+1","Turbo","Electrodynamics","Static Discharge","Heatsinks+1","Decay","Hologram+1"],"special_seed":0,"relics":["Cracked Core","NeowsBlessing","War Paint","FossilizedHelix","Boot","Tiny House","Bag of Preparation","Pantograph","Eternal Feather","Nunchaku","Omamori"],"potions_floor_usage":[27,33],"damage_taken":[{"damage":0.0,"enemies":"Cultist","floor":1.0,"turns":1.0},{"damage":0.0,"enemies":"Jaw Worm","floor":2.0,"turns":1.0},{"damage":0.0,"enemies":"3 Sentries","floor":7.0,"turns":2.0},{"damage":0.0,"enemies":"Lagavulin","floor":11.0,"turns":7.0},{"damage":0.0,"enemies":"2 Louse","floor":14.0,"turns":2.0},{"damage":47.0,"enemies":"Hexaghost","floor":16.0,"turns":11.0},{"damage":25.0,"enemies":"2 Thieves","floor":18.0,"turns":3.0},{"damage":2.0,"enemies":"3 Byrds","floor":19.0,"turns":5.0},{"damage":30.0,"enemies":"Snake Plant","floor":21.0,"turns":6.0},{"damage":0.0,"enemies":"Slavers","floor":25.0,"turns":3.0},{"damage":11,"enemies":"Gremlin Leader","floor":27,"turns":6},{"damage":11,"enemies":"Shelled Parasite and Fungi","floor":30,"turns":5},{"damage":78,"enemies":"Collector","floor":33,"turns":10}],"seed_played":"-5215487876639494096","potions_obtained":[{"floor":1.0,"key":"Weak Potion"},{"floor":11.0,"key":"LiquidBronze"},{"floor":17.0,"key":"FearPotion"},{"floor":18.0,"key":"FocusPotion"},{"floor":25.0,"key":"SneckoOil"}],"is_trial":false,"path_per_floor":["M","M","$","?","$","R","E","?","T","R","E","T","?","M","R","B",null,"M","M","$","M","?","R","?","E","T","E","?","R","M","?","R","B"],"character_chosen":"DEFECT","items_purchased":["Turbo","Bag of Preparation"],"campfire_rested":1,"item_purchase_floors":[5,20],"current_hp_per_floor":[64,64,64,69,69,69,69,58,58,58,58,58,58,58,58,11,65,40,38,38,8,8,32,32,32,32,21,21,33,22,22,34,0],"gold":60,"neow_bonus":"THREE_ENEMY_KILL","is_prod":false,"is_daily":false,"chose_seed":false,"campfire_upgraded":5,"win_rate":0,"timestamp":1568796183,"path_taken":["M","M","$","?","$","R","E","?","T","R","E","?","?","M","R","BOSS","M","M","$","M","?","R","?","E","T","E","?","R","M","?","R","BOSS"],"build_version":"2019-09-17","purchased_purges":2,"victory":false,"max_hp_per_floor":[71,71,71,76,76,76,76,76,76,76,76,76,76,76,76,76,81,81,81,81,81,81,81,81,81,81,81,81,81,81,81,81,81],"card_choices":[{"not_picked":["Tempest","Stack"],"picked":"Barrage","floor":1.0},{"not_picked":["Leap","Beam Cell"],"picked":"Glacier","floor":2.0},{"not_picked":["Go for the Eyes","Sweeping Beam"],"picked":"Meteor Strike","floor":7.0},{"not_picked":["Melter","Auto Shields"],"picked":"Ball Lightning","floor":11.0},{"not_picked":["Force Field","Consume"],"picked":"Hologram","floor":14.0},{"not_picked":["Buffer","Creative AI"],"picked":"Fission","floor":16.0},{"not_picked":["Genetic Algorithm","Blizzard"],"picked":"Conserve Battery","floor":18.0},{"not_picked":["Capacitor","Barrage"],"picked":"Genetic Algorithm+1","floor":19.0},{"not_picked":["Scrape","Genetic Algorithm"],"picked":"Turbo","floor":21.0},{"not_picked":["Stack","Ball Lightning"],"picked":"Heatsinks","floor":25.0},{"not_picked":["Ball Lightning","Doom and Gloom+1","Fusion"],"picked":"SKIP","floor":27},{"not_picked":["Steam","Static Discharge"],"picked":"Hologram+1","floor":30}],"player_experience":832262,"relics_obtained":[{"floor":7.0,"key":"War Paint"},{"floor":9.0,"key":"FossilizedHelix"},{"floor":11.0,"key":"Boot"},{"floor":25.0,"key":"Pantograph"},{"floor":26.0,"key":"Eternal Feather"},{"floor":27,"key":"Nunchaku"}],"event_choices":[{"damage_healed":0.0,"max_hp_gain":5.0,"max_hp_loss":0.0,"gold_gain":0.0,"event_name":"Big Fish","player_choice":"Donut","floor":4.0,"gold_loss":0.0,"damage_taken":0.0},{"damage_healed":0.0,"max_hp_gain":0.0,"max_hp_loss":0.0,"gold_gain":75.0,"event_name":"World of Goop","player_choice":"Gather Gold","floor":8.0,"gold_loss":0.0,"damage_taken":11.0},{"cards_removed":["Strike_B"],"damage_healed":0.0,"max_hp_gain":0.0,"max_hp_loss":0.0,"gold_gain":0.0,"event_name":"Living Wall","player_choice":"Forget","floor":13.0,"gold_loss":0.0,"damage_taken":0.0},{"damage_healed":0.0,"max_hp_gain":0.0,"max_hp_loss":0.0,"gold_gain":0.0,"event_name":"Cursed Tome","player_choice":"Ignored","floor":22.0,"gold_loss":0.0,"damage_taken":0.0},{"damage_healed":0.0,"max_hp_gain":0.0,"max_hp_loss":0.0,"gold_gain":0.0,"cards_transformed":["Strike_B","Defend_B"],"event_name":"Drug Dealer","player_choice":"Became Test Subject","floor":24.0,"gold_loss":0.0,"damage_taken":0.0,"cards_obtained":["Electrodynamics","Static Discharge"]},{"damage_healed":0,"gold_gain":0,"player_choice":"Smashed Altar","damage_taken":0,"max_hp_gain":0,"max_hp_loss":0,"event_name":"Forgotten Altar","floor":28,"gold_loss":0,"cards_obtained":["Decay"]},{"damage_healed":0,"gold_gain":0,"player_choice":"Obtained Relic","damage_taken":0,"relics_obtained":["Omamori"],"max_hp_gain":0,"max_hp_loss":0,"event_name":"Addict","floor":31,"gold_loss":85}],"is_beta":true,"boss_relics":[{"not_picked":["Inserter","Snecko Eye"],"picked":"Tiny House"}],"items_purged_floors":[3,20],"is_endless":false,"potions_floor_spawned":[1,11,14,18,25],"killed_by":"Collector","ascension_level":20}