{"gold_per_floor":[112,112,112,132,132,132,157,169,181,193,224,266,71,105,105,182,182,193,118,137,137],"floor_reached":21,"playtime":619,"items_purged":["Strike_R"],"score":440,"play_id":"41da85d1-4a0e-4a22-a650-21cf19657b73","local_time":"20190816170837","is_ascension_mode":true,"campfire_choices":[{"data":"Pommel Strike","floor":6.0,"key":"SMITH"},{"data":"Spot Weakness","floor":8.0,"key":"SMITH"},{"data":"Bash","floor":10.0,"key":"SMITH"},{"data":"True Grit","floor":15.0,"key":"SMITH"}],"neow_cost":"NONE","seed_source_timestamp":101974982493400,"circlet_count":0,"master_deck":["AscendersBane","Strike_R","Defend_R","Defend_R","Defend_R+1","Defend_R+1","Bash+1","Spot Weakness+1","Pommel Strike+1","Reaper","Inflame","Evolve","True Grit+1","Seeing Red","Limit Break","Body Slam","Flame Barrier","Barricade+1"],"special_seed":0,"relics":["Burning Blood","NeowsBlessing","MawBank","Blue Candle","Bag of Marbles","Frozen Egg 2","Busted Crown"],"potions_floor_usage":[],"damage_taken":[{"damage":0.0,"enemies":"2 Louse","floor":1.0,"turns":1.0},{"damage":0.0,"enemies":"Jaw Worm","floor":4.0,"turns":1.0},{"damage":0.0,"enemies":"Gremlin Nob","floor":7.0,"turns":1.0},{"damage":1.0,"enemies":"Small Slimes","floor":11.0,"turns":4.0},{"damage":24.0,"enemies":"Lagavulin","floor":12.0,"turns":7.0},{"damage":35.0,"enemies":"3 Sentries","floor":14.0,"turns":6.0},{"damage":52.0,"enemies":"Hexaghost","floor":16.0,"turns":7.0},{"damage":15.0,"enemies":"Chosen","floor":18.0,"turns":7.0},{"damage":14,"enemies":"3 Byrds","floor":20,"turns":6},{"damage":78,"enemies":"Masked Bandits","floor":21,"turns":4}],"seed_played":"-485037951381595965","potions_obtained":[{"floor":4.0,"key":"Weak Potion"},{"floor":7.0,"key":"SpeedPotion"},{"floor":14.0,"key":"EntropicBrew"},{"floor":16.0,"key":"Swift Potion"}],"is_trial":false,"path_per_floor":["M","?","?","M","?","R","E","R","T","R","M","E","$","E","R","B",null,"M","?","M","?"],"character_chosen":"IRONCLAD","items_purchased":["Evolve","True Grit"],"campfire_rested":0,"item_purchase_floors":[13,13],"current_hp_per_floor":[74,74,79,80,56,56,62,62,62,62,73,67,67,76,76,57,74,71,71,78,0],"gold":137,"neow_bonus":"THREE_ENEMY_KILL","is_prod":false,"is_daily":false,"chose_seed":false,"campfire_upgraded":4,"win_rate":0,"timestamp":1565946517,"path_taken":["M","?","?","M","?","R","E","R","T","R","M","E","$","E","R","BOSS","M","?","?","?"],"build_version":"2019-08-15","purchased_purges":1,"victory":false,"max_hp_per_floor":[75,75,80,80,80,80,80,80,80,80,80,80,80,80,80,80,80,80,80,80,80],"card_choices":[{"not_picked":["Iron Wave","Cleave"],"picked":"Spot Weakness","floor":1.0},{"not_picked":["Infernal Blade","Thunderclap"],"picked":"Pommel Strike","floor":4.0},{"not_picked":["Clothesline","Havoc"],"picked":"Reaper","floor":7.0},{"not_picked":["Havoc","Wild Strike"],"picked":"Inflame","floor":11.0},{"not_picked":["Pommel Strike","Blood for Blood","Twin Strike"],"picked":"SKIP","floor":12.0},{"not_picked":["Anger","Combust"],"picked":"Seeing Red","floor":14.0},{"not_picked":["Feed","Demon Form+1"],"picked":"Limit Break","floor":16.0},{"not_picked":[],"picked":"Body Slam","floor":18.0},{"not_picked":["Sentinel"],"picked":"SKIP","floor":20}],"player_experience":3076904,"relics_obtained":[{"floor":7.0,"key":"MawBank"},{"floor":9.0,"key":"Blue Candle"},{"floor":12.0,"key":"Bag of Marbles"},{"floor":14.0,"key":"Frozen Egg 2"}],"event_choices":[{"cards_removed":["Strike_R"],"damage_healed":0.0,"max_hp_gain":0.0,"max_hp_loss":0.0,"gold_gain":0.0,"event_name":"Living Wall","player_choice":"Forget","floor":2.0,"gold_loss":0.0,"damage_taken":0.0},{"damage_healed":0.0,"max_hp_gain":5.0,"max_hp_loss":0.0,"gold_gain":0.0,"event_name":"Big Fish","player_choice":"Donut","floor":3.0,"gold_loss":0.0,"damage_taken":0.0},{"damage_healed":0.0,"max_hp_gain":0.0,"max_hp_loss":0.0,"gold_gain":0.0,"event_name":"Shining Light","player_choice":"Entered Light","floor":5.0,"gold_loss":0.0,"damage_taken":24.0,"cards_upgraded":["Defend_R","Defend_R"]},{"damage_healed":0,"gold_gain":0,"cards_transformed":["Strike_R","Strike_R"],"player_choice":"Transformed Cards","damage_taken":0,"max_hp_gain":0,"max_hp_loss":0,"event_name":"Designer","floor":19,"gold_loss":75,"cards_obtained":["Flame Barrier","Barricade"]},{"damage_healed":0,"gold_gain":0,"player_choice":"Fought Bandits","damage_taken":0,"max_hp_gain":0,"max_hp_loss":0,"event_name":"Masked Bandits","floor":21,"gold_loss":0}],"is_beta":true,"boss_relics":[{"not_picked":["Eternal Feather","Velvet Choker"],"picked":"Busted Crown"}],"items_purged_floors":[13],"is_endless":false,"potions_floor_spawned":[4,7,14,16,20],"killed_by":"Masked Bandits","ascension_level":20}