{"gold_per_floor":[110,185,185,19,34,34,49,24,72,72,72],"floor_reached":11,"playtime":296,"items_purged":["Strike_G"],"score":126,"play_id":"4cdb2261-ef40-4b81-bd3c-d8752ee0e7e6","local_time":"20190830194731","is_ascension_mode":true,"campfire_choices":[{"data":"Neutralize","floor":6.0,"key":"SMITH"},{"data":"Well Laid Plans","floor":10.0,"key":"SMITH"}],"neow_cost":"NONE","seed_source_timestamp":0,"circlet_count":0,"master_deck":["AscendersBane","Strike_G","Strike_G","Strike_G","Defend_G","Defend_G","Defend_G","Defend_G","Defend_G","Survivor","Neutralize+1","Malaise","Choke","Underhanded Strike","Acrobatics","Well Laid Plans+1","Catalyst"],"special_seed":0,"relics":["Ring of the Snake","Pen Nib"],"potions_floor_usage":[11,11],"damage_taken":[{"damage":8.0,"enemies":"Jaw Worm","floor":1.0,"turns":7.0},{"damage":6.0,"enemies":"Small Slimes","floor":5.0,"turns":4.0},{"damage":0.0,"enemies":"2 Louse","floor":7.0,"turns":4.0},{"damage":11.0,"enemies":"Exordium Thugs","floor":8.0,"turns":4.0},{"damage":10,"enemies":"Gremlin Nob","floor":11,"turns":4}],"seed_played":"102073460291843363","potions_obtained":[{"floor":1.0,"key":"Dexterity Potion"},{"floor":5.0,"key":"Dexterity Potion"}],"is_trial":false,"path_per_floor":["M","?","?","$","M","R","M","M","T","R","E"],"character_chosen":"THE_SILENT","items_purchased":["Acrobatics","Well Laid Plans"],"campfire_rested":0,"item_purchase_floors":[4,4],"current_hp_per_floor":[51,40,40,40,34,34,34,23,23,23,13],"gold":72,"neow_bonus":"ONE_RANDOM_RARE_CARD","is_prod":false,"is_daily":false,"chose_seed":false,"campfire_upgraded":2,"win_rate":0,"timestamp":1567162051,"path_taken":["M","?","?","$","M","R","M","M","T","R","E"],"build_version":"2019-07-17","purchased_purges":1,"victory":false,"max_hp_per_floor":[66,66,66,66,66,66,66,66,66,66,66],"card_choices":[{"not_picked":["Poisoned Stab","Sucker Punch"],"picked":"Choke","floor":1.0},{"not_picked":["Sucker Punch","Blur","Dodge and Roll"],"picked":"SKIP","floor":5.0},{"not_picked":["Flying Knee","Heel Hook"],"picked":"Catalyst","floor":7.0},{"not_picked":["Blade Dance","Eviscerate","Dodge and Roll"],"picked":"SKIP","floor":8.0}],"player_experience":994071,"relics_obtained":[{"floor":9.0,"key":"Pen Nib"}],"event_choices":[{"damage_healed":0.0,"max_hp_gain":0.0,"max_hp_loss":0.0,"gold_gain":75.0,"event_name":"World of Goop","player_choice":"Gather Gold","floor":2.0,"gold_loss":0.0,"damage_taken":11.0},{"damage_healed":0.0,"max_hp_gain":0.0,"max_hp_loss":0.0,"gold_gain":0.0,"cards_transformed":["Strike_G"],"event_name":"Living Wall","player_choice":"Change","floor":3.0,"gold_loss":0.0,"damage_taken":0.0,"cards_obtained":["Underhanded Strike"]}],"is_beta":false,"boss_relics":[],"items_purged_floors":[4],"is_endless":false,"potions_floor_spawned":[1,5],"killed_by":"Gremlin Nob","ascension_level":20}