{"gold_per_floor":[110,110,129,129,52,82,102,27,52,84,84,56,68,100,100,172,172,188,188,198,98,130,130,161,161,161,211,246,246,246,24,24,97,97,116,163,163,177,227,261,50,76,76,76,91,106,120,120,120,120,120,120,120,29,29],"floor_reached":55,"playtime":2920,"items_purged":["Strike_B","Strike_B","Strike_B"],"score":2354,"play_id":"5d05c348-4129-4066-8e68-75f1b472a3d1","local_time":"20190320133022","is_ascension_mode":true,"campfire_choices":[{"data":"Sunder","floor":11.0,"key":"SMITH"},{"data":"Coolheaded","floor":15.0,"key":"SMITH"},{"data":"Hologram","floor":23.0,"key":"SMITH"},{"data":"Reinforced Body","floor":25.0,"key":"SMITH"},{"floor":29.0,"key":"REST"},{"data":"Seek","floor":32.0,"key":"SMITH"},{"data":"Rainbow","floor":44,"key":"SMITH"},{"floor":49,"key":"RECALL"},{"data":"Beam Cell","floor":53,"key":"SMITH"}],"neow_cost":"NONE","seed_source_timestamp":595313573206324,"circlet_count":0,"master_deck":["AscendersBane","Defend_B","Defend_B","Defend_B","Zap","Dualcast","Coolheaded+1","Recycle","Recycle","Sunder+1","Chill","Hologram+1","Beam Cell+1","Seek+1","Reinforced Body+1","Glacier","Rainbow+1","Self Repair","Consume+1","Go for the Eyes+1","Panacea"],"special_seed":0,"relics":["Cracked Core","NeowsBlessing","DataDisk","Omamori","Lantern","Oddly Smooth Stone","Snecko Eye","Red Mask","Letter Opener","Ornamental Fan","Busted Crown","Strawberry","Centennial Puzzle","ClockworkSouvenir","Regal Pillow","Bag of Marbles"],"potions_floor_usage":[42,50],"damage_taken":[{"damage":0.0,"enemies":"Cultist","floor":1.0,"turns":1.0},{"damage":0.0,"enemies":"Jaw Worm","floor":3.0,"turns":1.0},{"damage":0.0,"enemies":"Lagavulin","floor":6.0,"turns":1.0},{"damage":0.0,"enemies":"2 Louse","floor":7.0,"turns":2.0},{"damage":9.0,"enemies":"3 Sentries","floor":10.0,"turns":7.0},{"damage":0.0,"enemies":"2 Fungi Beasts","floor":13.0,"turns":1.0},{"damage":13.0,"enemies":"Lagavulin","floor":14.0,"turns":7.0},{"damage":0.0,"enemies":"The Guardian","floor":16.0,"turns":16.0},{"damage":0.0,"enemies":"Chosen","floor":18.0,"turns":2.0},{"damage":13.0,"enemies":"2 Thieves","floor":20.0,"turns":5.0},{"damage":13.0,"enemies":"Masked Bandits","floor":22.0,"turns":5.0},{"damage":0.0,"enemies":"Slavers","floor":24.0,"turns":6.0},{"damage":23.0,"enemies":"Book of Stabbing","floor":28.0,"turns":6.0},{"damage":0.0,"enemies":"Collector","floor":33.0,"turns":8.0},{"damage":0.0,"enemies":"Orb Walker","floor":35.0,"turns":4.0},{"damage":0.0,"enemies":"3 Shapes","floor":38.0,"turns":3.0},{"damage":8,"enemies":"Nemesis","floor":40,"turns":5},{"damage":33,"enemies":"Giant Head","floor":42,"turns":9},{"damage":6,"enemies":"Writhing Mass","floor":45,"turns":6},{"damage":0,"enemies":"Maw","floor":46,"turns":7},{"damage":0,"enemies":"Transient","floor":47,"turns":6},{"damage":0,"enemies":"Awakened One","floor":50,"turns":18},{"damage":0,"enemies":"Donu and Deca","floor":51,"turns":16},{"damage":83,"enemies":"Shield and Spear","floor":55,"turns":9}],"seed_played":"1622364951112223086","potions_obtained":[{"floor":1.0,"key":"Fire Potion"},{"floor":2.0,"key":"Block Potion"},{"floor":10.0,"key":"Poison Potion"},{"floor":14.0,"key":"GamblersBrew"},{"floor":18.0,"key":"PowerPotion"},{"floor":24.0,"key":"Dexterity Potion"},{"floor":33.0,"key":"Ancient Potion"},{"floor":46,"key":"Explosive Potion"}],"is_trial":false,"path_per_floor":["M","?","M","?","$","E","M","$","T","E","R","$","M","E","R","B",null,"M","?","M","$","?","R","E","R","T","?","E","R","?","$","R","B",null,"M","T","?","M","?","E","$","E","T","R","M","M","M","?","R","B","B",null,"R","$","E"],"character_chosen":"DEFECT","items_purchased":["Sunder","Hologram","Glacier","AttackPotion","ClockworkSouvenir","Panacea"],"campfire_rested":1,"item_purchase_floors":[5,12,31,31,41,54],"current_hp_per_floor":[64,64,64,64,64,64,64,64,64,55,55,55,55,42,42,42,64,64,64,51,51,38,38,38,38,38,38,15,36,29,29,29,29,61,61,68,68,75,68,67,67,41,41,41,42,49,56,72,72,78,78,78,78,78,0],"gold":29,"neow_bonus":"THREE_ENEMY_KILL","is_prod":false,"is_daily":false,"chose_seed":false,"campfire_upgraded":7,"win_rate":0,"timestamp":1553059822,"path_taken":["M","?","?","?","?","E","M","?","T","E","R","$","M","E","R","BOSS","M","?","M","$","?","R","E","R","T","?","E","R","?","$","R","BOSS","M","?","?","M","?","E","$","E","T","R","M","?","M","?","R","BOSS","BOSS","R","$","E"],"build_version":"2019-03-15","purchased_purges":3,"victory":false,"max_hp_per_floor":[71,71,71,71,71,71,71,71,71,71,71,71,71,71,71,71,71,71,71,71,71,71,71,71,71,71,71,71,71,71,71,71,71,71,71,78,78,78,78,78,78,78,78,78,78,78,78,78,78,78,78,78,78,78,78],"card_choices":[{"not_picked":["Capacitor","Fusion"],"picked":"Coolheaded","floor":1.0},{"not_picked":["Steam","Self Repair"],"picked":"Recycle","floor":3.0},{"not_picked":["Sunder","Streamline","Coolheaded"],"picked":"SKIP","floor":6.0},{"not_picked":["Chaos","Gash","Streamline"],"picked":"SKIP","floor":7.0},{"not_picked":["BootSequence","Redo"],"picked":"Chill","floor":10.0},{"not_picked":["Coolheaded","Leap"],"picked":"Beam Cell","floor":13.0},{"not_picked":["Leap","Go for the Eyes","Coolheaded"],"picked":"SKIP","floor":14.0},{"not_picked":["Buffer","All For One"],"picked":"Seek","floor":16.0},{"not_picked":["Streamline","Redo"],"picked":"Reinforced Body","floor":18.0},{"not_picked":["Ball Lightning","Compile Driver","Reprogram"],"picked":"SKIP","floor":20.0},{"not_picked":["Leap","Beam Cell","Steam"],"picked":"SKIP","floor":24.0},{"not_picked":["Aggregate","Scrape","Self Repair"],"picked":"SKIP","floor":28.0},{"not_picked":["Hyperbeam","Fission"],"picked":"Rainbow","floor":33.0},{"not_picked":[],"picked":"Self Repair","floor":35.0},{"not_picked":["Compile Driver"],"picked":"SKIP","floor":38.0},{"not_picked":["Recycle"],"picked":"SKIP","floor":40},{"not_picked":[],"picked":"Consume+1","floor":42},{"not_picked":["Turbo"],"picked":"SKIP","floor":45},{"not_picked":[],"picked":"Go for the Eyes+1","floor":46},{"not_picked":["Melter+1"],"picked":"SKIP","floor":47}],"player_experience":2958918,"relics_obtained":[{"floor":6.0,"key":"DataDisk"},{"floor":9.0,"key":"Omamori"},{"floor":10.0,"key":"Lantern"},{"floor":14.0,"key":"Oddly Smooth Stone"},{"floor":22.0,"key":"Red Mask"},{"floor":24.0,"key":"Letter Opener"},{"floor":28.0,"key":"Ornamental Fan"},{"floor":36.0,"key":"Strawberry"},{"floor":40,"key":"Centennial Puzzle"},{"floor":42,"key":"Regal Pillow"},{"floor":43,"key":"Bag of Marbles"}],"event_choices":[{"damage_healed":0.0,"max_hp_gain":0.0,"max_hp_loss":0.0,"gold_gain":0.0,"event_name":"Lab","player_choice":"Got Potions","floor":2.0,"gold_loss":0.0,"damage_taken":0.0},{"damage_healed":0.0,"max_hp_gain":0.0,"max_hp_loss":0.0,"gold_gain":0.0,"cards_transformed":["Strike_B"],"event_name":"Living Wall","player_choice":"Change","floor":4.0,"gold_loss":0.0,"damage_taken":0.0,"cards_obtained":["Recycle"]},{"damage_healed":0.0,"max_hp_gain":0.0,"max_hp_loss":0.0,"gold_gain":0.0,"event_name":"Forgotten Altar","player_choice":"Smashed Altar","floor":19.0,"gold_loss":0.0,"damage_taken":0.0,"cards_obtained":["Decay"]},{"damage_healed":0.0,"max_hp_gain":0.0,"max_hp_loss":0.0,"gold_gain":0.0,"event_name":"Masked Bandits","player_choice":"Fought Bandits","floor":22.0,"gold_loss":0.0,"damage_taken":0.0},{"damage_healed":0.0,"max_hp_gain":0.0,"max_hp_loss":0.0,"gold_gain":50.0,"event_name":"Nest","player_choice":"Stole From Cult","floor":27.0,"gold_loss":0.0,"damage_taken":0.0},{"damage_healed":0.0,"max_hp_gain":0.0,"max_hp_loss":0.0,"gold_gain":0.0,"event_name":"Knowing Skull","player_choice":"","floor":30.0,"potions_obtained":[],"gold_loss":0.0,"damage_taken":7.0,"cards_obtained":[]},{"cards_removed":["Defend_B"],"damage_healed":0.0,"max_hp_gain":0.0,"max_hp_loss":0.0,"gold_gain":0.0,"event_name":"Falling","player_choice":"Removed Skill","floor":37.0,"gold_loss":0.0,"damage_taken":0.0},{"damage_healed":0,"gold_gain":50,"player_choice":"Touch","damage_taken":7,"max_hp_gain":0,"max_hp_loss":0,"event_name":"FaceTrader","floor":39,"gold_loss":0},{"damage_healed":16,"gold_gain":0,"player_choice":"Writhe","damage_taken":0,"max_hp_gain":0,"max_hp_loss":0,"event_name":"Winding Halls","floor":48,"gold_loss":0,"cards_obtained":["Writhe"]}],"is_beta":true,"boss_relics":[{"not_picked":["Astrolabe","Coffee Dripper"],"picked":"Snecko Eye"},{"not_picked":["Tiny House","Calling Bell"],"picked":"Busted Crown"}],"items_purged_floors":[8,21,31],"is_endless":false,"potions_floor_spawned":[1,3,10,14,18,24,33,35,38,46],"killed_by":"Shield and Spear","ascension_level":20}