{"gold_per_floor":[118,133,94,169,344,374,374,384,432,432,444,462,462,473,473,578,578,595,595,251,261,261,261,41,41,87,2,12,12,12,26,26,26],"floor_reached":33,"playtime":1366,"items_purged":["Strike_R"],"score":245,"play_id":"918b752d-fdc5-4b50-99ea-c5f1a5b843ab","local_time":"20190918231537","is_ascension_mode":false,"campfire_choices":[{"floor":7,"key":"REST"},{"data":"Armaments","floor":15,"key":"SMITH"},{"data":"1","floor":23,"key":"LIFT"},{"floor":25,"key":"REST"},{"data":"2","floor":30,"key":"LIFT"},{"floor":32,"key":"REST"}],"neow_cost":"NONE","seed_source_timestamp":2967247741800,"circlet_count":0,"master_deck":["Strike_R","Strike_R","Strike_R","Defend_R","Defend_R","Defend_R","Defend_R","Bash","Cleave","Spot Weakness","Searing Blow","Sentinel","Armaments+1","True Grit","Entrench","Rampage","Immolate","Evolve+1","Rage","Warcry","Feel No Pain","Seeing Red","Blood for Blood+1","Corruption"],"relics":["Black Blood","Orichalcum","Anchor","Bottled Lightning","Girya","Incense Burner","Lantern","Dream Catcher"],"potions_floor_usage":[11,15,16],"damage_taken":[{"damage":5,"enemies":"Cultist","floor":1,"turns":4},{"damage":12,"enemies":"Small Slimes","floor":2,"turns":4},{"damage":60,"enemies":"Lagavulin","floor":6,"turns":8},{"damage":6,"enemies":"2 Louse","floor":8,"turns":2},{"damage":7,"enemies":"Blue Slaver","floor":11,"turns":4},{"damage":23,"enemies":"Exordium Thugs","floor":12,"turns":7},{"damage":2,"enemies":"3 Louse","floor":14,"turns":4},{"damage":45,"enemies":"The Guardian","floor":16,"turns":18},{"damage":17,"enemies":"Chosen","floor":18,"turns":6},{"damage":30,"enemies":"Shell Parasite","floor":21,"turns":7},{"damage":10,"enemies":"Cultist and Chosen","floor":28,"turns":7},{"damage":25,"enemies":"Snake Plant","floor":31,"turns":5},{"damage":85,"enemies":"Collector","floor":33,"turns":8}],"seed_played":"5440660837438234310","potions_obtained":[{"floor":1,"key":"GamblersBrew"},{"floor":8,"key":"BloodPotion"},{"floor":12,"key":"SteroidPotion"},{"floor":14,"key":"Fruit Juice"},{"floor":28,"key":"GamblersBrew"}],"is_trial":false,"path_per_floor":["M","M","$","?","?","E","R","M","T","T","M","M","?","M","R","B",null,"M","?","$","M","T","R","$","R","T","?","M","$","R","M","R","B"],"character_chosen":"IRONCLAD","items_purchased":["Searing Blow","Girya","Rage","Feel No Pain","Seeing Red"],"campfire_rested":3,"item_purchase_floors":[3,20,20,24,24],"current_hp_per_floor":[80,74,74,63,63,9,33,33,33,33,52,35,61,65,70,31,85,78,78,78,58,58,58,58,83,83,83,83,83,83,68,85,0],"gold":26,"neow_bonus":"REMOVE_CARD","is_prod":false,"is_daily":false,"chose_seed":false,"campfire_upgraded":1,"win_rate":0,"timestamp":1568819737,"path_taken":["M","?","$","?","?","E","R","M","T","?","M","?","?","M","R","BOSS","M","?","$","?","?","R","?","R","T","?","M","$","R","M","R","BOSS"],"build_version":"2019-07-17","purchased_purges":1,"victory":false,"max_hp_per_floor":[80,80,80,80,80,80,80,80,80,80,80,80,80,80,85,85,85,85,85,85,85,85,85,85,85,85,85,85,85,85,85,85,85],"card_choices":[{"not_picked":["Sever Soul","True Grit"],"picked":"Cleave","floor":1},{"not_picked":["Warcry","Sentinel"],"picked":"Spot Weakness","floor":2},{"not_picked":["Body Slam","Wild Strike"],"picked":"Sentinel","floor":6},{"not_picked":["Thunderclap","Flex"],"picked":"Armaments","floor":8},{"not_picked":["Sword Boomerang","Fire Breathing"],"picked":"True Grit","floor":11},{"not_picked":["Havoc","Thunderclap"],"picked":"Entrench","floor":12},{"not_picked":["Metallicize","Rage"],"picked":"Rampage","floor":14},{"not_picked":["Offering","Brutality"],"picked":"Immolate","floor":16},{"not_picked":["Second Wind","Wild Strike"],"picked":"Evolve+1","floor":18},{"not_picked":["Flex","Sever Soul"],"picked":"Warcry","floor":21},{"not_picked":["Intimidate+1","Clash"],"picked":"Blood for Blood+1","floor":28},{"not_picked":["Exhume","Uppercut","Hemokinesis"],"picked":"SKIP","floor":31},{"not_picked":["Twin Strike","Evolve+1"],"picked":"Corruption","floor":32}],"player_experience":389149,"relics_obtained":[{"floor":6,"key":"Orichalcum"},{"floor":9,"key":"Anchor"},{"floor":10,"key":"Bottled Lightning"},{"floor":22,"key":"Incense Burner"},{"floor":26,"key":"Lantern"}],"event_choices":[{"damage_healed":0,"gold_gain":75,"player_choice":"Gather Gold","damage_taken":11,"max_hp_gain":0,"max_hp_loss":0,"event_name":"World of Goop","floor":4,"gold_loss":0},{"damage_healed":0,"gold_gain":175,"player_choice":"AGREE","damage_taken":0,"max_hp_gain":0,"max_hp_loss":0,"event_name":"Liars Game","floor":5,"gold_loss":0,"cards_obtained":["Doubt"]},{"damage_healed":26,"gold_gain":0,"player_choice":"Banana","damage_taken":0,"max_hp_gain":0,"max_hp_loss":0,"event_name":"Big Fish","floor":13,"gold_loss":0},{"cards_removed":["Doubt"],"damage_healed":0,"gold_gain":0,"player_choice":"Removed Curses","damage_taken":0,"max_hp_gain":0,"max_hp_loss":0,"event_name":"Fountain of Cleansing","floor":19,"gold_loss":0},{"damage_healed":0,"gold_gain":0,"player_choice":"Obtained Relic","damage_taken":0,"relics_obtained":["Dream Catcher"],"max_hp_gain":0,"max_hp_loss":0,"event_name":"Addict","floor":27,"gold_loss":85}],"is_beta":false,"boss_relics":[{"not_picked":["Velvet Choker","Pandora\u0027s Box"],"picked":"Black Blood"}],"items_purged_floors":[24],"is_endless":false,"potions_floor_spawned":[1,8,12,14,28],"killed_by":"Collector","ascension_level":0}