{"gold_per_floor":[112,112,122,122,135,135,154,186,212,137,137,167,27,27,27,100,100,118,118,138,36,46,80,80,112,167,186,214,214,241,255,255,331,331,345,345,399,414,414,445,458,488,557,585,585,616,633,644,644,644,644,644,644,28,59,59],"floor_reached":57,"playtime":3159,"items_purged":["Strike_R","Strike_R","Strike_R"],"score":3841,"play_id":"08f89654-1fae-4a3e-ae4f-1b50cad65d46","local_time":"20190328180125","is_ascension_mode":true,"campfire_choices":[{"data":"Pommel Strike","floor":6.0,"key":"SMITH"},{"data":"Burning Pact","floor":11.0,"key":"SMITH"},{"data":"Offering","floor":15.0,"key":"SMITH"},{"data":"Purity","floor":24.0,"key":"SMITH"},{"data":"Shrug It Off","floor":29.0,"key":"SMITH"},{"data":"Evolve","floor":32.0,"key":"SMITH"},{"floor":45.0,"key":"RECALL"},{"data":"Feel No Pain","floor":49.0,"key":"SMITH"},{"data":"Shockwave","floor":53,"key":"SMITH"}],"neow_cost":"NONE","seed_source_timestamp":632900762583987,"circlet_count":0,"master_deck":["AscendersBane","Strike_R","Strike_R","Defend_R","Defend_R","Defend_R","Defend_R","Bash","Pommel Strike+1","Offering+1","Shrug It Off+1","Burning Pact+1","Battle Trance","Purity+1","Shockwave+1","Evolve+1","True Grit+1","Second Wind+1","Feel No Pain+1"],"special_seed":0,"relics":["Burning Blood","Boot","Vajra","Art of War","Happy Flower","Omamori","Sundial","Runic Pyramid","Letter Opener","Toxic Egg 2","Ancient Tea Set","Ornamental Fan","Orrery","Turnip","Strawberry","Pen Nib","Potion Belt","Bottled Lightning","Bag of Preparation","Regal Pillow","Oddly Smooth Stone","Mummified Hand","Gremlin Horn"],"potions_floor_usage":[50,50,50,50,56],"damage_taken":[{"damage":2.0,"enemies":"2 Louse","floor":1.0,"turns":3.0},{"damage":3.0,"enemies":"Small Slimes","floor":3.0,"turns":5.0},{"damage":8.0,"enemies":"Jaw Worm","floor":5.0,"turns":2.0},{"damage":6.0,"enemies":"Large Slime","floor":7.0,"turns":5.0},{"damage":38.0,"enemies":"Lagavulin","floor":8.0,"turns":5.0},{"damage":6.0,"enemies":"Gremlin Nob","floor":12.0,"turns":2.0},{"damage":6.0,"enemies":"The Guardian","floor":16.0,"turns":3.0},{"damage":6.0,"enemies":"3 Byrds","floor":18.0,"turns":1.0},{"damage":6.0,"enemies":"Spheric Guardian","floor":20.0,"turns":1.0},{"damage":0.0,"enemies":"Centurion and Healer","floor":22.0,"turns":2.0},{"damage":6.0,"enemies":"Book of Stabbing","floor":23.0,"turns":2.0},{"damage":21.0,"enemies":"Slavers","floor":25.0,"turns":2.0},{"damage":6.0,"enemies":"Cultist and Chosen","floor":27.0,"turns":2.0},{"damage":6.0,"enemies":"Book of Stabbing","floor":28.0,"turns":2.0},{"damage":6.0,"enemies":"Slavers","floor":30.0,"turns":3.0},{"damage":10.0,"enemies":"Shelled Parasite and Fungi","floor":31.0,"turns":2.0},{"damage":6.0,"enemies":"Champ","floor":33.0,"turns":2.0},{"damage":34.0,"enemies":"3 Darklings","floor":35.0,"turns":3.0},{"damage":6.0,"enemies":"2 Orb Walkers","floor":37.0,"turns":2.0},{"damage":6.0,"enemies":"3 Shapes","floor":38.0,"turns":2.0},{"damage":6.0,"enemies":"Giant Head","floor":40.0,"turns":2.0},{"damage":6.0,"enemies":"Writhing Mass","floor":41.0,"turns":5.0},{"damage":6.0,"enemies":"Nemesis","floor":42.0,"turns":3.0},{"damage":6.0,"enemies":"Reptomancer","floor":44.0,"turns":2.0},{"damage":6.0,"enemies":"Giant Head","floor":46.0,"turns":2.0},{"damage":9.0,"enemies":"4 Shapes","floor":47.0,"turns":2.0},{"damage":17.0,"enemies":"Sphere and 2 Shapes","floor":48.0,"turns":3.0},{"damage":6,"enemies":"Time Eater","floor":50,"turns":4},{"damage":6,"enemies":"Donu and Deca","floor":51,"turns":5},{"damage":6,"enemies":"Shield and Spear","floor":55,"turns":3},{"damage":6,"enemies":"The Heart","floor":56,"turns":5}],"seed_played":"6110525466781340982","potions_obtained":[{"floor":7.0,"key":"FairyPotion"},{"floor":8.0,"key":"AttackPotion"},{"floor":16.0,"key":"GamblersBrew"},{"floor":31.0,"key":"Energy Potion"},{"floor":33.0,"key":"PowerPotion"},{"floor":38.0,"key":"EssenceOfSteel"},{"floor":40.0,"key":"Strength Potion"},{"floor":46.0,"key":"Fire Potion"},{"floor":48.0,"key":"SteroidPotion"}],"is_trial":false,"path_per_floor":["M","?","M","?","M","R","M","E","T","$","R","E","$","T","R","B",null,"M","$","M","$","M","E","R","E","T","M","E","R","E","M","R","B",null,"M","?","?","M","T","E","M","E","T","E","R","E","M","M","R","B","B",null,"R","$","E","B",null],"character_chosen":"IRONCLAD","items_purchased":["Battle Trance","Purity","Oddly Smooth Stone","Mummified Hand","Dexterity Potion"],"campfire_rested":0,"item_purchase_floors":[13,21,54,54,54],"current_hp_per_floor":[72,77,80,69,67,67,67,35,35,35,35,35,35,35,35,35,69,69,69,69,69,75,75,75,60,60,60,60,60,60,56,56,56,74,46,46,46,46,53,53,53,53,53,53,53,53,50,39,39,39,39,72,72,72,72,72],"gold":59,"neow_bonus":"RANDOM_COMMON_RELIC","is_prod":false,"is_daily":false,"chose_seed":true,"campfire_upgraded":8,"win_rate":0,"timestamp":1553767285,"path_taken":["M","?","M","?","M","R","M","E","T","$","R","E","$","?","R","BOSS","M","$","M","$","M","E","R","E","T","M","E","R","E","M","R","BOSS","M","?","?","M","?","E","?","E","T","E","R","E","M","M","R","BOSS","BOSS","R","$","E","BOSS"],"build_version":"2019-03-15","purchased_purges":3,"victory":true,"max_hp_per_floor":[75,80,80,80,80,80,80,80,80,80,80,80,80,80,80,80,80,80,80,80,80,80,80,80,80,80,80,80,80,80,80,80,80,80,80,76,76,76,83,83,83,83,83,83,83,83,83,83,83,83,83,83,83,83,83,83],"card_choices":[{"not_picked":["Wild Strike","Flex"],"picked":"Pommel Strike","floor":1.0},{"not_picked":["True Grit","Shrug It Off"],"picked":"Offering","floor":3.0},{"not_picked":["Bloodletting","Sword Boomerang"],"picked":"Shrug It Off","floor":5.0},{"not_picked":["Cleave","Iron Wave","Heavy Blade"],"picked":"SKIP","floor":7.0},{"not_picked":["Dropkick","Perfected Strike"],"picked":"Burning Pact","floor":8.0},{"not_picked":["Clothesline","Warcry","Searing Blow"],"picked":"SKIP","floor":12.0},{"not_picked":["Perfected Strike","Disarm","Clothesline+1"],"picked":"SKIP","floor":18.0},{"not_picked":["Heavy Blade","Twin Strike","Perfected Strike"],"picked":"SKIP","floor":20.0},{"not_picked":["Body Slam","Burning Pact"],"picked":"Shockwave","floor":22.0},{"not_picked":["Clash+1","Limit Break","Impervious"],"picked":"SKIP","floor":23.0},{"not_picked":["Thunderclap+1","Carnage","Heavy Blade"],"picked":"SKIP","floor":25.0},{"not_picked":["Clothesline","Inflame","Headbutt"],"picked":"SKIP","floor":27.0},{"not_picked":["Feed","Sever Soul","Anger"],"picked":"SKIP","floor":28.0},{"not_picked":["Immolate","Shockwave+1"],"picked":"Evolve","floor":30.0},{"not_picked":["Cleave","Rampage","Anger"],"picked":"SKIP","floor":31.0},{"not_picked":["Thunderclap+1","Dropkick"],"picked":"True Grit+1","floor":34.0},{"not_picked":["Anger","Havoc+1","Wild Strike"],"picked":"SKIP","floor":35.0},{"not_picked":["Clash","Corruption","Flex+1"],"picked":"SKIP","floor":38.0},{"not_picked":["Bludgeon","Body Slam+1","Heavy Blade"],"picked":"SKIP","floor":40.0},{"not_picked":["Shockwave+1","Rage+1"],"picked":"Second Wind+1","floor":41.0},{"not_picked":["Cleave","Second Wind+1","Wild Strike"],"picked":"SKIP","floor":42.0},{"not_picked":["Infernal Blade+1","Iron Wave","Sword Boomerang+1"],"picked":"SKIP","floor":44.0},{"not_picked":["Perfected Strike+1","Sword Boomerang","Pommel Strike"],"picked":"SKIP","floor":46.0},{"not_picked":["Armaments+1","Reaper","Carnage"],"picked":"SKIP","floor":47.0},{"not_picked":["True Grit+1","Shrug It Off+1"],"picked":"Feel No Pain","floor":48.0},{"not_picked":["Sword Boomerang","Shockwave+1","True Grit+1"],"picked":"SKIP","floor":55}],"player_experience":2962479,"relics_obtained":[{"floor":8.0,"key":"Art of War"},{"floor":9.0,"key":"Happy Flower"},{"floor":12.0,"key":"Omamori"},{"floor":14.0,"key":"Sundial"},{"floor":23.0,"key":"Letter Opener"},{"floor":25.0,"key":"Toxic Egg 2"},{"floor":28.0,"key":"Ancient Tea Set"},{"floor":30.0,"key":"Ornamental Fan"},{"floor":37.0,"key":"Turnip"},{"floor":39.0,"key":"Strawberry"},{"floor":40.0,"key":"Pen Nib"},{"floor":42.0,"key":"Potion Belt"},{"floor":43.0,"key":"Bottled Lightning"},{"floor":44.0,"key":"Bag of Preparation"},{"floor":46.0,"key":"Regal Pillow"},{"floor":55,"key":"Gremlin Horn"}],"event_choices":[{"damage_healed":0.0,"max_hp_gain":5.0,"max_hp_loss":0.0,"gold_gain":0.0,"event_name":"Big Fish","player_choice":"Donut","floor":2.0,"gold_loss":0.0,"damage_taken":0.0},{"damage_healed":0.0,"max_hp_gain":0.0,"max_hp_loss":0.0,"gold_gain":0.0,"event_name":"Scrap Ooze","player_choice":"Success","floor":4.0,"gold_loss":0.0,"damage_taken":11.0,"relics_obtained":["Vajra"]},{"damage_healed":0.0,"max_hp_gain":0.0,"max_hp_loss":4.0,"gold_gain":0.0,"event_name":"Winding Halls","player_choice":"Max HP","floor":36.0,"gold_loss":0.0,"damage_taken":0.0},{"damage_healed":0.0,"max_hp_gain":0.0,"max_hp_loss":0.0,"gold_gain":0.0,"event_name":"Mysterious Sphere","player_choice":"Fight","floor":37.0,"gold_loss":0.0,"damage_taken":0.0}],"is_beta":true,"boss_relics":[{"not_picked":["Velvet Choker","Philosopher\u0027s Stone"],"picked":"Runic Pyramid"},{"not_picked":["Calling Bell","Pandora\u0027s Box"],"picked":"Orrery"}],"items_purged_floors":[10,13,54],"is_endless":false,"potions_floor_spawned":[7,8,16,22,23,31,33,38,40,41,46,48],"ascension_level":20}