{"gold_per_floor":[117,117,117,132,155,183,193,204,229,229,241,6,6,6,6,83,83,103,3,23,36,52,52,52,87,87,113,130,130,130,143,143,219,219,235,235,248,302,314,314,349,571,571,586,586,610,638,650,650,650,650,650,650,17,47,47],"floor_reached":57,"playtime":2858,"items_purged":["Strike_G","Strike_G","Defend_G"],"score":3464,"play_id":"1b6d598c-9971-4099-a3c0-6923f8bc694c","local_time":"20190818161137","is_ascension_mode":true,"campfire_choices":[{"data":"Calculated Gamble","floor":10.0,"key":"SMITH"},{"data":"Tactician","floor":13.0,"key":"SMITH"},{"data":"Deadly Poison","floor":15.0,"key":"SMITH"},{"data":"Neutralize","floor":24.0,"key":"SMITH"},{"data":"Prepared","floor":30.0,"key":"SMITH"},{"floor":32.0,"key":"RECALL"},{"data":"Grand Finale","floor":40.0,"key":"SMITH"},{"data":"Well Laid Plans","floor":49.0,"key":"SMITH"},{"data":"Backflip","floor":53,"key":"SMITH"}],"neow_cost":"NONE","seed_source_timestamp":267676738121800,"circlet_count":0,"master_deck":["AscendersBane","Defend_G","Defend_G","Defend_G","Survivor","Neutralize+1","Tactician+1","Footwork+1","Backflip+1","Calculated Gamble+1","Deadly Poison+1","Acrobatics+1","PiercingWail","Prepared+1","Grand Finale+1","Heel Hook+1","Well Laid Plans+1","Escape Plan+1"],"special_seed":0,"relics":["Ring of the Snake","NeowsBlessing","Omamori","Letter Opener","Bag of Marbles","Bag of Preparation","Coffee Dripper","Nilry\u0027s Codex","Red Mask","Bottled Lightning","Pen Nib","Empty Cage","FaceOfCleric","The Specimen","PreservedInsect","Blood Vial","Centennial Puzzle","Gambling Chip","Oddly Smooth Stone"],"potions_floor_usage":[51,51,56,56],"damage_taken":[{"damage":0.0,"enemies":"2 Louse","floor":1.0,"turns":1.0},{"damage":0.0,"enemies":"Jaw Worm","floor":4.0,"turns":1.0},{"damage":0.0,"enemies":"3 Sentries","floor":6.0,"turns":1.0},{"damage":0.0,"enemies":"Cultist","floor":7.0,"turns":6.0},{"damage":14.0,"enemies":"Exordium Thugs","floor":8.0,"turns":6.0},{"damage":1.0,"enemies":"Red Slaver","floor":11.0,"turns":5.0},{"damage":0.0,"enemies":"The Guardian","floor":16.0,"turns":9.0},{"damage":0.0,"enemies":"3 Byrds","floor":18.0,"turns":3.0},{"damage":9.0,"enemies":"Chosen","floor":20.0,"turns":4.0},{"damage":11.0,"enemies":"Sentry and Sphere","floor":21.0,"turns":3.0},{"damage":0.0,"enemies":"Centurion and Healer","floor":22.0,"turns":6.0},{"damage":0.0,"enemies":"Masked Bandits","floor":25.0,"turns":3.0},{"damage":0.0,"enemies":"Book of Stabbing","floor":27.0,"turns":5.0},{"damage":0.0,"enemies":"Shelled Parasite and Fungi","floor":28.0,"turns":6.0},{"damage":0.0,"enemies":"Snake Plant","floor":31.0,"turns":3.0},{"damage":8.0,"enemies":"Automaton","floor":33.0,"turns":8.0},{"damage":0.0,"enemies":"Orb Walker","floor":35.0,"turns":1.0},{"damage":0.0,"enemies":"3 Darklings","floor":37.0,"turns":1.0},{"damage":0.0,"enemies":"2 Orb Walkers","floor":38.0,"turns":2.0},{"damage":0.0,"enemies":"Writhing Mass","floor":39.0,"turns":1.0},{"damage":0.0,"enemies":"Reptomancer","floor":41.0,"turns":2.0},{"damage":0.0,"enemies":"Jaw Worm Horde","floor":44.0,"turns":1.0},{"damage":0.0,"enemies":"Giant Head","floor":47.0,"turns":2.0},{"damage":0.0,"enemies":"4 Shapes","floor":48.0,"turns":1.0},{"damage":0.0,"enemies":"Awakened One","floor":50.0,"turns":7.0},{"damage":0,"enemies":"Time Eater","floor":51,"turns":4},{"damage":0,"enemies":"Shield and Spear","floor":55,"turns":1},{"damage":20,"enemies":"The Heart","floor":56,"turns":6}],"seed_played":"8316282401333420315","potions_obtained":[{"floor":1.0,"key":"Explosive Potion"},{"floor":4.0,"key":"SteroidPotion"},{"floor":11.0,"key":"Ancient Potion"},{"floor":16.0,"key":"Dexterity Potion"},{"floor":28.0,"key":"EssenceOfSteel"},{"floor":31.0,"key":"Strength Potion"},{"floor":35.0,"key":"Poison Potion"},{"floor":37.0,"key":"LiquidBronze"},{"floor":47.0,"key":"Swift Potion"}],"is_trial":false,"path_per_floor":["M","?","?","M","T","E","M","M","T","R","M","$","R","?","R","B",null,"M","$","M","M","M","?","R","?","T","E","M","?","R","M","R","B",null,"M","?","M","?","M","R","E","?","T","M","?","T","E","M","R","B","B",null,"R","$","E","B",null],"character_chosen":"THE_SILENT","items_purchased":["Bag of Preparation","Gambling Chip","GhostInAJar","GhostInAJar"],"campfire_rested":0,"item_purchase_floors":[12,54,54,54],"current_hp_per_floor":[59,59,59,59,59,59,59,45,45,45,44,44,44,44,44,44,61,61,61,52,41,41,20,20,20,20,20,20,20,20,20,20,12,53,53,53,54,55,56,56,57,57,57,58,58,58,61,64,64,67,70,71,71,71,72,53],"gold":47,"neow_bonus":"THREE_ENEMY_KILL","is_prod":false,"is_daily":false,"chose_seed":false,"campfire_upgraded":8,"win_rate":0,"timestamp":1566115897,"path_taken":["M","?","?","?","?","E","?","M","T","R","M","?","R","?","R","BOSS","M","$","M","M","?","?","R","?","T","E","M","?","R","?","R","BOSS","M","?","?","?","M","R","E","?","T","M","?","?","E","M","R","BOSS","BOSS","R","$","E","BOSS"],"build_version":"2019-08-15","purchased_purges":3,"victory":true,"max_hp_per_floor":[66,66,66,66,66,66,66,66,66,66,66,66,66,66,66,66,66,66,66,66,66,66,66,66,66,66,66,66,66,66,66,66,66,66,66,66,67,68,69,69,70,70,70,71,67,67,68,69,69,70,71,71,71,71,72,73],"card_choices":[{"not_picked":["Terror","Caltrops"],"picked":"Tactician","floor":1.0},{"not_picked":["Caltrops","Quick Slash","Footwork"],"picked":"SKIP","floor":4.0},{"not_picked":["Tactician","Blade Dance"],"picked":"Backflip","floor":6.0},{"not_picked":["Dagger Throw","Sucker Punch"],"picked":"Calculated Gamble","floor":7.0},{"not_picked":["Crippling Poison","Blade Dance","Cloak And Dagger"],"picked":"SKIP","floor":8.0},{"not_picked":["Endless Agony","Tactician"],"picked":"Deadly Poison","floor":11.0},{"not_picked":["Dagger Throw","Sucker Punch"],"picked":"Acrobatics+1","floor":18.0},{"not_picked":["Dagger Spray","Outmaneuver","Dagger Throw"],"picked":"SKIP","floor":20.0},{"not_picked":["Backflip","Bouncing Flask"],"picked":"PiercingWail","floor":21.0},{"not_picked":["Poisoned Stab","Sucker Punch","Acrobatics"],"picked":"SKIP","floor":22.0},{"not_picked":["Calculated Gamble","Phantasmal Killer","Bouncing Flask"],"picked":"SKIP","floor":27.0},{"not_picked":["Dash","Riddle With Holes"],"picked":"Prepared","floor":28.0},{"not_picked":["Endless Agony","Crippling Poison","Slice"],"picked":"SKIP","floor":31.0},{"not_picked":["Tools of the Trade","Envenom"],"picked":"Grand Finale","floor":33.0},{"not_picked":["Concentrate","Flying Knee","Poisoned Stab"],"picked":"SKIP","floor":35.0},{"not_picked":["Blur","Blade Dance","Poisoned Stab"],"picked":"SKIP","floor":37.0},{"not_picked":["Deflect+1","Backstab"],"picked":"Heel Hook+1","floor":39.0},{"not_picked":["PiercingWail+1","Bouncing Flask+1","Finisher"],"picked":"SKIP","floor":41.0},{"not_picked":["Underhanded Strike+1","Blur","Deadly Poison"],"picked":"SKIP","floor":44.0},{"not_picked":["Underhanded Strike+1","Dagger Spray"],"picked":"Well Laid Plans","floor":47.0},{"not_picked":["Corpse Explosion","Poisoned Stab","Dagger Spray"],"picked":"SKIP","floor":48.0},{"not_picked":["All Out Attack","Underhanded Strike"],"picked":"Escape Plan+1","floor":55}],"player_experience":3082348,"relics_obtained":[{"floor":5.0,"key":"Omamori"},{"floor":6.0,"key":"Letter Opener"},{"floor":9.0,"key":"Bag of Marbles"},{"floor":23.0,"key":"Nilry\u0027s Codex"},{"floor":25.0,"key":"Red Mask"},{"floor":26.0,"key":"Bottled Lightning"},{"floor":27.0,"key":"Pen Nib"},{"floor":38.0,"key":"The Specimen"},{"floor":41.0,"key":"PreservedInsect"},{"floor":46.0,"key":"Blood Vial"},{"floor":47.0,"key":"Centennial Puzzle"},{"floor":55,"key":"Oddly Smooth Stone"}],"event_choices":[{"damage_healed":0.0,"max_hp_gain":0.0,"max_hp_loss":0.0,"gold_gain":0.0,"cards_transformed":["Strike_G"],"event_name":"Living Wall","player_choice":"Change","floor":2.0,"gold_loss":0.0,"damage_taken":0.0,"cards_obtained":["Footwork"]},{"damage_healed":0.0,"max_hp_gain":0.0,"max_hp_loss":0.0,"gold_gain":0.0,"event_name":"Match and Keep!","player_choice":"0 cards matched","floor":3.0,"gold_loss":0.0,"damage_taken":0.0,"cards_obtained":[]},{"cards_removed":["Defend_G"],"damage_healed":0.0,"max_hp_gain":0.0,"max_hp_loss":0.0,"gold_gain":0.0,"event_name":"Purifier","player_choice":"Purged","floor":14.0,"gold_loss":0.0,"damage_taken":0.0},{"damage_healed":0.0,"max_hp_gain":0.0,"max_hp_loss":0.0,"gold_gain":0.0,"event_name":"Cursed Tome","player_choice":"Obtained Book","floor":23.0,"gold_loss":0.0,"damage_taken":21.0},{"damage_healed":0.0,"max_hp_gain":0.0,"max_hp_loss":0.0,"gold_gain":0.0,"event_name":"Masked Bandits","player_choice":"Fought Bandits","floor":25.0,"gold_loss":0.0,"damage_taken":0.0},{"damage_healed":0.0,"max_hp_gain":0.0,"max_hp_loss":0.0,"gold_gain":0.0,"event_name":"Upgrade Shrine","player_choice":"Upgraded","floor":29.0,"gold_loss":0.0,"damage_taken":0.0,"cards_upgraded":["Footwork"]},{"damage_healed":0.0,"max_hp_gain":0.0,"max_hp_loss":0.0,"gold_gain":0.0,"event_name":"FaceTrader","player_choice":"Trade","floor":36.0,"gold_loss":0.0,"damage_taken":0.0,"relics_obtained":["FaceOfCleric"]},{"damage_healed":0.0,"max_hp_gain":0.0,"max_hp_loss":0.0,"gold_gain":0.0,"event_name":"Mysterious Sphere","player_choice":"Fight","floor":38.0,"gold_loss":0.0,"damage_taken":0.0},{"damage_healed":0.0,"max_hp_gain":0.0,"max_hp_loss":0.0,"gold_gain":222.0,"event_name":"Tomb of Lord Red Mask","player_choice":"Wore Mask","floor":42.0,"gold_loss":0.0,"damage_taken":0.0},{"damage_healed":0.0,"max_hp_gain":0.0,"max_hp_loss":4.0,"gold_gain":0.0,"event_name":"Winding Halls","player_choice":"Max HP","floor":45.0,"gold_loss":0.0,"damage_taken":0.0}],"is_beta":true,"boss_relics":[{"not_picked":["WristBlade","Black Star"],"picked":"Coffee Dripper"},{"not_picked":["Runic Dome","Orrery"],"picked":"Empty Cage"}],"items_purged_floors":[12,19,54],"is_endless":false,"potions_floor_spawned":[1,4,6,11,16,20,22,28,31,35,37,41,47,55],"ascension_level":20}