{"gold_per_floor":[114,124,124,124,147,147,185,185,185,185],"floor_reached":10,"playtime":259,"items_purged":[],"score":132,"play_id":"1045bf5a-ef03-4a74-8c68-82dc97cc4e3c","local_time":"20190919134653","is_ascension_mode":true,"campfire_choices":[{"data":"Dark Embrace","floor":6,"key":"SMITH"},{"data":"Corruption","floor":8,"key":"SMITH"}],"neow_cost":"PERCENT_DAMAGE","seed_source_timestamp":763803282758469,"circlet_count":0,"master_deck":["AscendersBane","Strike_R","Strike_R","Defend_R","Defend_R","Defend_R","Defend_R","Bash","Pummel","Dark Embrace+1","True Grit","Clothesline","Corruption+1"],"relics":["Burning Blood","Golden Idol","CeramicFish"],"potions_floor_usage":[7,7],"damage_taken":[{"damage":21,"enemies":"Jaw Worm","floor":1,"turns":5},{"damage":4,"enemies":"Small Slimes","floor":2,"turns":6},{"damage":0,"enemies":"2 Louse","floor":5,"turns":5},{"damage":28,"enemies":"Gremlin Nob","floor":7,"turns":5},{"damage":17,"enemies":"Lots of Slimes","floor":10,"turns":3}],"seed_played":"-899137936925660032","potions_obtained":[{"floor":1,"key":"DuplicationPotion"},{"floor":2,"key":"Block Potion"},{"floor":7,"key":"Ancient Potion"}],"is_trial":false,"path_per_floor":["M","M","?","?","M","R","E","R","T","M"],"character_chosen":"IRONCLAD","items_purchased":[],"campfire_rested":0,"item_purchase_floors":[],"current_hp_per_floor":[35,37,37,30,36,36,14,14,14,0],"gold":185,"neow_bonus":"TRANSFORM_TWO_CARDS","is_prod":false,"is_daily":false,"chose_seed":false,"campfire_upgraded":2,"win_rate":0,"timestamp":1568872013,"path_taken":["M","M","?","?","M","R","E","R","T","?"],"build_version":"2019-09-18","purchased_purges":0,"victory":false,"max_hp_per_floor":[75,75,68,68,68,68,68,68,68,68],"card_choices":[{"not_picked":["Wild Strike","Flame Barrier"],"picked":"True Grit","floor":1},{"not_picked":["Flame Barrier","Cleave","Havoc"],"picked":"SKIP","floor":2},{"not_picked":["True Grit","Perfected Strike"],"picked":"Clothesline","floor":5},{"not_picked":["Fiend Fire","True Grit"],"picked":"Corruption","floor":7}],"player_experience":852207,"relics_obtained":[{"floor":9,"key":"CeramicFish"}],"event_choices":[{"damage_healed":0,"gold_gain":0,"player_choice":"Lose Max HP","damage_taken":0,"relics_obtained":["Golden Idol"],"max_hp_gain":0,"max_hp_loss":7,"event_name":"Golden Idol","floor":3,"gold_loss":0},{"cards_removed":["Strike_R"],"damage_healed":0,"gold_gain":0,"player_choice":"Card Removal","damage_taken":7,"max_hp_gain":0,"max_hp_loss":0,"event_name":"Golden Wing","floor":4,"gold_loss":0}],"is_beta":true,"boss_relics":[],"items_purged_floors":[],"is_endless":false,"potions_floor_spawned":[1,2,7],"killed_by":"Lots of Slimes","ascension_level":20}