{"gold_per_floor":[109,109,24,24,49,88,101,132,158,193,193,216,46,69,69,165,165,183,198,248,267,267,308,308,351,351,226,266,297,317,342,342,441,441,465,415,415,27,27,71,89,132,132,157,188,204,45,45,45,45,45,45,45,45,79,79],"floor_reached":57,"playtime":2397,"items_purged":["Strike_R","Strike_R","Clash","Armaments+1"],"score":3661,"play_id":"fc1753b7-5005-4588-a29e-c317e9d01cba","local_time":"20190908120207","is_ascension_mode":true,"campfire_choices":[{"data":"Carnage","floor":11.0,"key":"SMITH"},{"data":"Body Slam","floor":15.0,"key":"SMITH"},{"data":"Armaments","floor":24.0,"key":"SMITH"},{"data":"Bloodletting","floor":32.0,"key":"SMITH"},{"floor":49,"key":"RECALL"},{"data":"Apotheosis","floor":53,"key":"SMITH"}],"neow_cost":"NONE","seed_source_timestamp":2068796253834500,"circlet_count":0,"master_deck":["AscendersBane","Defend_R","Defend_R","Defend_R","Second Wind","Burning Pact","Body Slam+1","Power Through","Battle Trance","Barricade","Ghostly Armor","Feel No Pain","Bloodletting+1","Apotheosis+1"],"special_seed":0,"relics":["Burning Blood","NeowsBlessing","Golden Idol","Dream Catcher","Orichalcum","Smiling Mask","Nunchaku","Runic Pyramid","Vajra","Omamori","Potion Belt","Red Mask","Empty Cage","Ice Cream","Ornamental Fan","Dodecahedron","Bottled Lightning","Red Skull","Bottled Tornado"],"potions_floor_usage":[44,55,56,56,56,56,56,56,56],"damage_taken":[{"damage":0.0,"enemies":"2 Louse","floor":1.0,"turns":2.0},{"damage":0.0,"enemies":"Small Slimes","floor":5.0,"turns":1.0},{"damage":0.0,"enemies":"3 Sentries","floor":6.0,"turns":2.0},{"damage":4.0,"enemies":"Jaw Worm","floor":7.0,"turns":3.0},{"damage":39.0,"enemies":"Lagavulin","floor":8.0,"turns":7.0},{"damage":16.0,"enemies":"3 Sentries","floor":10.0,"turns":10.0},{"damage":7.0,"enemies":"Blue Slaver","floor":12.0,"turns":2.0},{"damage":1.0,"enemies":"Looter","floor":14.0,"turns":3.0},{"damage":4.0,"enemies":"The Guardian","floor":16.0,"turns":9.0},{"damage":8.0,"enemies":"Chosen","floor":18.0,"turns":7.0},{"damage":7.0,"enemies":"2 Thieves","floor":19.0,"turns":5.0},{"damage":3.0,"enemies":"Centurion and Healer","floor":21.0,"turns":8.0},{"damage":25.0,"enemies":"Book of Stabbing","floor":23.0,"turns":5.0},{"damage":0.0,"enemies":"Gremlin Leader","floor":25.0,"turns":6.0},{"damage":12.0,"enemies":"Book of Stabbing","floor":28.0,"turns":5.0},{"damage":23.0,"enemies":"Masked Bandits","floor":29.0,"turns":5.0},{"damage":0.0,"enemies":"Sentry and Sphere","floor":30.0,"turns":3.0},{"damage":14.0,"enemies":"Shelled Parasite and Fungi","floor":31.0,"turns":6.0},{"damage":3.0,"enemies":"Champ","floor":33.0,"turns":8.0},{"damage":3.0,"enemies":"3 Darklings","floor":35.0,"turns":5.0},{"damage":3.0,"enemies":"Nemesis","floor":40.0,"turns":7.0},{"damage":2.0,"enemies":"Orb Walker","floor":41.0,"turns":3.0},{"damage":3.0,"enemies":"Giant Head","floor":42.0,"turns":5.0},{"damage":0,"enemies":"4 Shapes","floor":44,"turns":4},{"damage":0,"enemies":"Nemesis","floor":45,"turns":5},{"damage":0,"enemies":"Maw","floor":46,"turns":4},{"damage":0,"enemies":"Time Eater","floor":50,"turns":6},{"damage":0,"enemies":"Awakened One","floor":51,"turns":8},{"damage":6,"enemies":"Shield and Spear","floor":55,"turns":4},{"damage":0,"enemies":"The Heart","floor":56,"turns":7}],"seed_played":"8192166123372921744","potions_obtained":[{"floor":7.0,"key":"Weak Potion"},{"floor":8.0,"key":"Dexterity Potion"},{"floor":14.0,"key":"SteroidPotion"},{"floor":25.0,"key":"BloodPotion"},{"floor":28.0,"key":"BloodPotion"},{"floor":29.0,"key":"FearPotion"},{"floor":30.0,"key":"SkillPotion"},{"floor":41.0,"key":"Dexterity Potion"},{"floor":42.0,"key":"Poison Potion"},{"floor":44,"key":"Ancient Potion"}],"is_trial":false,"path_per_floor":["M","?","$","?","M","E","M","E","T","E","R","M","$","M","R","B",null,"M","M","?","M","?","E","R","E","T","$","E","?","M","M","R","B",null,"M","$","?","$","?","E","M","E","T","M","E","M","$","?","R","B","B",null,"R","$","E","B",null],"character_chosen":"IRONCLAD","items_purchased":["Second Wind","Power Through","Battle Trance","Feel No Pain","Ice Cream","EntropicBrew"],"campfire_rested":0,"item_purchase_floors":[3,13,13,27,38,47],"current_hp_per_floor":[74,74,74,68,68,68,68,35,35,25,25,24,24,29,29,31,59,57,56,56,59,59,40,40,46,46,46,57,57,63,55,55,58,66,68,68,58,58,58,61,65,68,68,68,68,68,68,68,68,68,68,68,68,68,68,68],"gold":79,"neow_bonus":"THREE_ENEMY_KILL","is_prod":false,"is_daily":false,"chose_seed":false,"campfire_upgraded":5,"win_rate":0,"timestamp":1567915327,"path_taken":["M","?","$","?","M","E","M","E","T","E","R","M","$","M","R","BOSS","M","M","?","M","?","E","R","E","T","$","E","?","M","?","R","BOSS","M","$","?","$","?","E","M","E","T","M","E","?","$","?","R","BOSS","BOSS","R","$","E","BOSS"],"build_version":"2019-08-26","purchased_purges":4,"victory":true,"max_hp_per_floor":[75,75,75,68,68,68,68,68,68,68,68,68,68,68,68,68,68,68,68,68,68,68,68,68,68,68,68,68,68,68,68,68,68,68,68,68,68,68,68,68,68,68,68,68,68,68,68,68,68,68,68,68,68,68,68,68],"card_choices":[{"not_picked":["Wild Strike","Thunderclap"],"picked":"Carnage","floor":1.0},{"not_picked":["Clash","Intimidate"],"picked":"Burning Pact","floor":5.0},{"not_picked":["Dual Wield","Cleave","Iron Wave"],"picked":"SKIP","floor":6.0},{"not_picked":["Iron Wave","Sword Boomerang","Fiend Fire"],"picked":"SKIP","floor":7.0},{"not_picked":["Cleave","Metallicize","Wild Strike"],"picked":"SKIP","floor":8.0},{"not_picked":["Twin Strike","Clash","Sever Soul"],"picked":"SKIP","floor":10.0},{"not_picked":["Thunderclap","Armaments"],"picked":"Body Slam","floor":12.0},{"not_picked":["Carnage","Searing Blow"],"picked":"Barricade","floor":14.0},{"not_picked":["Headbutt","Dual Wield","Corruption"],"picked":"SKIP","floor":18.0},{"not_picked":["Intimidate","Body Slam","Power Through"],"picked":"SKIP","floor":19.0},{"not_picked":["Wild Strike","Inflame"],"picked":"Armaments","floor":21.0},{"not_picked":["Heavy Blade","Pommel Strike","Perfected Strike"],"picked":"SKIP","floor":23.0},{"not_picked":["Sword Boomerang","Twin Strike","Shrug It Off"],"picked":"SKIP","floor":25.0},{"not_picked":["Burning Pact","Feed","Clothesline"],"picked":"SKIP","floor":28.0},{"not_picked":["Heavy Blade","Bloodletting","Fire Breathing"],"picked":"SKIP","floor":30.0},{"not_picked":["Heavy Blade","Fire Breathing"],"picked":"Bloodletting","floor":30.0},{"not_picked":["Sword Boomerang","Headbutt+1","Searing Blow"],"picked":"SKIP","floor":31.0},{"not_picked":["Spot Weakness","Dual Wield","Whirlwind"],"picked":"SKIP","floor":35.0},{"not_picked":["Metamorphosis","Deep Breath"],"picked":"Apotheosis","floor":37.0},{"not_picked":["Thunderclap","Corruption","Body Slam"],"picked":"SKIP","floor":40.0},{"not_picked":["Reckless Charge+1","Body Slam","Combust+1"],"picked":"SKIP","floor":41.0},{"not_picked":["True Grit","Sentinel+1","Twin Strike"],"picked":"SKIP","floor":42.0},{"not_picked":["Sword Boomerang","Heavy Blade","Body Slam"],"picked":"SKIP","floor":44},{"not_picked":["Second Wind","Sever Soul","Demon Form"],"picked":"SKIP","floor":45},{"not_picked":["Headbutt","Thunderclap","Combust"],"picked":"SKIP","floor":46},{"not_picked":["Exhume","Hemokinesis","Cleave+1"],"picked":"SKIP","floor":55}],"player_experience":3203851,"relics_obtained":[{"floor":6.0,"key":"Dream Catcher"},{"floor":8.0,"key":"Orichalcum"},{"floor":9.0,"key":"Smiling Mask"},{"floor":10.0,"key":"Nunchaku"},{"floor":23.0,"key":"Vajra"},{"floor":25.0,"key":"Omamori"},{"floor":28.0,"key":"Potion Belt"},{"floor":29.0,"key":"Red Mask"},{"floor":40.0,"key":"Ornamental Fan"},{"floor":42.0,"key":"Dodecahedron"},{"floor":43.0,"key":"Bottled Lightning"},{"floor":45,"key":"Red Skull"},{"floor":55,"key":"Bottled Tornado"}],"event_choices":[{"cards_removed":["Strike_R"],"damage_healed":0.0,"max_hp_gain":0.0,"max_hp_loss":0.0,"gold_gain":0.0,"event_name":"Living Wall","player_choice":"Forget","floor":2.0,"gold_loss":0.0,"damage_taken":0.0},{"damage_healed":0.0,"max_hp_gain":0.0,"max_hp_loss":7.0,"gold_gain":0.0,"event_name":"Golden Idol","player_choice":"Lose Max HP","floor":4.0,"gold_loss":0.0,"damage_taken":0.0,"relics_obtained":["Golden Idol"]},{"damage_healed":0.0,"max_hp_gain":0.0,"max_hp_loss":0.0,"gold_gain":50.0,"event_name":"Nest","player_choice":"Stole From Cult","floor":20.0,"gold_loss":0.0,"damage_taken":0.0},{"damage_healed":0.0,"max_hp_gain":0.0,"max_hp_loss":0.0,"gold_gain":0.0,"cards_transformed":["Carnage","Strike_R"],"event_name":"Drug Dealer","player_choice":"Became Test Subject","floor":22.0,"gold_loss":0.0,"damage_taken":0.0,"cards_obtained":["Clash","Ghostly Armor"]},{"damage_healed":0.0,"max_hp_gain":0.0,"max_hp_loss":0.0,"gold_gain":0.0,"event_name":"Masked Bandits","player_choice":"Fought Bandits","floor":29.0,"gold_loss":0.0,"damage_taken":0.0},{"damage_healed":0.0,"max_hp_gain":0.0,"max_hp_loss":0.0,"gold_gain":0.0,"event_name":"SensoryStone","player_choice":"Memory 3","floor":37.0,"gold_loss":0.0,"damage_taken":10.0},{"damage_healed":0.0,"max_hp_gain":0.0,"max_hp_loss":0.0,"gold_gain":0.0,"event_name":"Match and Keep!","player_choice":"0 cards matched","floor":39.0,"gold_loss":0.0,"damage_taken":0.0,"cards_obtained":[]},{"cards_removed":["Defend_R"],"damage_healed":0,"gold_gain":0,"player_choice":"Removed Skill","damage_taken":0,"max_hp_gain":0,"max_hp_loss":0,"event_name":"Falling","floor":48,"gold_loss":0}],"is_beta":true,"boss_relics":[{"not_picked":["Tiny House","Calling Bell"],"picked":"Runic Pyramid"},{"not_picked":["Eternal Feather","Sozu"],"picked":"Empty Cage"}],"items_purged_floors":[27,36,38,47],"is_endless":false,"potions_floor_spawned":[7,8,14,21,25,28,29,30,41,42,44,45],"ascension_level":20}