{"gold_per_floor":[369,382,219,234,234,73,103,103,175,194,194,229,229,229,229,302,302,313,213,232,107,107,137,137,151,176,176,207,207,207,242,242,317,317,336,336,336,336,352,386,386,386,386,416,416,436,471,129,129,129,129,129,129,73,105,105],"floor_reached":57,"playtime":2063,"items_purged":["Strike_G","Defend_G","Defend_G"],"score":3500,"play_id":"62adea68-43e7-498b-83fb-5236a35c90f2","local_time":"20190902223549","is_ascension_mode":true,"campfire_choices":[{"data":"Acrobatics","floor":8.0,"key":"SMITH"},{"data":"Tactician","floor":11.0,"key":"SMITH"},{"data":"Noxious Fumes","floor":13.0,"key":"SMITH"},{"data":"Neutralize","floor":15.0,"key":"SMITH"},{"data":"Cloak And Dagger","floor":27.0,"key":"SMITH"},{"data":"Acrobatics","floor":29.0,"key":"SMITH"},{"data":"Footwork","floor":32.0,"key":"SMITH"},{"data":"Malaise","floor":42.0,"key":"SMITH"},{"floor":45.0,"key":"REST"},{"floor":49.0,"key":"RECALL"},{"data":"Prepared","floor":53.0,"key":"SMITH"}],"neow_cost":"TEN_PERCENT_HP_LOSS","seed_source_timestamp":0,"circlet_count":0,"master_deck":["AscendersBane","Survivor","Terror","Footwork+1","Tactician+1","Noxious Fumes+1","Acrobatics+1","Acrobatics+1","Malaise+1","Terror+1","Night Terror+1","Reflex+1","Deflect","Cloak And Dagger+1","Grand Finale","Prepared+1"],"special_seed":0,"relics":["Ring of the Snake","Snake Skull","Letter Opener","Anchor","Astrolabe","Lantern","Ancient Tea Set","Bronze Scales","PreservedInsect","Pandora\u0027s Box","Gambling Chip","Calipers","Torii","Tough Bandages","Bag of Preparation"],"potions_floor_usage":[56,56],"damage_taken":[{"damage":2.0,"enemies":"Cultist","floor":1.0,"turns":4.0},{"damage":7.0,"enemies":"Small Slimes","floor":2.0,"turns":5.0},{"damage":1.0,"enemies":"2 Louse","floor":4.0,"turns":4.0},{"damage":8.0,"enemies":"Lagavulin","floor":7.0,"turns":10.0},{"damage":5.0,"enemies":"2 Fungi Beasts","floor":10.0,"turns":5.0},{"damage":8.0,"enemies":"Gremlin Nob","floor":12.0,"turns":3.0},{"damage":16.0,"enemies":"The Guardian","floor":16.0,"turns":10.0},{"damage":0.0,"enemies":"Spheric Guardian","floor":18.0,"turns":4.0},{"damage":0.0,"enemies":"Shell Parasite","floor":20.0,"turns":5.0},{"damage":7.0,"enemies":"Gremlin Leader","floor":23.0,"turns":2.0},{"damage":0.0,"enemies":"Centurion and Healer","floor":25.0,"turns":2.0},{"damage":19.0,"enemies":"Slavers","floor":28.0,"turns":4.0},{"damage":0.0,"enemies":"Book of Stabbing","floor":31.0,"turns":3.0},{"damage":0.0,"enemies":"Champ","floor":33.0,"turns":3.0},{"damage":0.0,"enemies":"3 Shapes","floor":35.0,"turns":1.0},{"damage":0.0,"enemies":"3 Darklings","floor":39.0,"turns":2.0},{"damage":0.0,"enemies":"Nemesis","floor":40.0,"turns":1.0},{"damage":0.0,"enemies":"Reptomancer","floor":44.0,"turns":2.0},{"damage":0.0,"enemies":"Writhing Mass","floor":46.0,"turns":2.0},{"damage":0.0,"enemies":"Giant Head","floor":47.0,"turns":1.0},{"damage":0.0,"enemies":"Awakened One","floor":50.0,"turns":3.0},{"damage":0.0,"enemies":"Donu and Deca","floor":51.0,"turns":1.0},{"damage":0.0,"enemies":"Shield and Spear","floor":55.0,"turns":1.0},{"damage":0,"enemies":"The Heart","floor":56,"turns":5}],"seed_played":"-1151488131579766027","potions_obtained":[{"floor":2.0,"key":"AttackPotion"},{"floor":7.0,"key":"SteroidPotion"},{"floor":20.0,"key":"Fruit Juice"},{"floor":25.0,"key":"AttackPotion"},{"floor":33.0,"key":"Regen Potion"},{"floor":39.0,"key":"GamblersBrew"},{"floor":40.0,"key":"Ancient Potion"}],"is_trial":false,"path_per_floor":["M","M","$","M","?","$","E","R","T","M","R","E","R","?","R","B",null,"M","$","M","$","?","E","?","M","T","R","E","R","?","E","R","B",null,"M","?","?","?","M","E","?","R","T","E","R","M","E","$","R","B","B",null,"R","$","E","B",null],"character_chosen":"THE_SILENT","items_purchased":["Infinite Blades","Tactician","Noxious Fumes","Tough Bandages","Block Potion"],"campfire_rested":1,"item_purchase_floors":[3,6,6,48,54],"current_hp_per_floor":[57,50,50,49,42,42,34,34,34,29,29,21,21,21,21,5,46,46,46,51,51,51,44,44,44,44,44,25,25,25,25,25,25,55,55,55,55,45,45,45,45,45,45,45,62,62,62,62,62,62,62,62,62,62,62,62],"gold":105,"neow_bonus":"TWO_FIFTY_GOLD","is_prod":false,"is_daily":false,"chose_seed":false,"campfire_upgraded":9,"win_rate":0,"timestamp":1567431349,"path_taken":["M","M","$","M","?","$","E","R","T","M","R","E","R","?","R","BOSS","M","$","M","$","?","E","?","M","T","R","E","R","?","E","R","BOSS","M","?","?","?","M","E","?","R","T","E","R","M","E","?","R","BOSS","BOSS","R","$","E","BOSS"],"build_version":"2019-07-17","purchased_purges":3,"victory":true,"max_hp_per_floor":[60,60,60,60,60,60,60,60,60,60,60,60,60,60,60,60,60,60,60,65,65,65,65,65,65,65,65,65,65,65,65,65,65,65,65,62,62,62,62,62,62,62,62,62,62,62,62,62,62,62,62,62,62,62,62,62],"card_choices":[{"not_picked":["Sucker Punch","Bane"],"picked":"Terror","floor":1.0},{"not_picked":["Endless Agony","Blade Dance"],"picked":"Footwork","floor":2.0},{"not_picked":["Bane","Dagger Spray","Skewer"],"picked":"SKIP","floor":4.0},{"not_picked":["Bane","Dagger Spray","Skewer"],"picked":"SKIP","floor":4.0},{"not_picked":["Eviscerate","Choke"],"picked":"Acrobatics","floor":7.0},{"not_picked":["Deflect","Predator"],"picked":"Acrobatics","floor":10.0},{"not_picked":["Underhanded Strike","Quick Slash"],"picked":"Malaise","floor":12.0},{"not_picked":["Deadly Poison","Eviscerate","Flying Knee"],"picked":"SKIP","floor":18.0},{"not_picked":["Terror","Bouncing Flask","Outmaneuver+1"],"picked":"SKIP","floor":20.0},{"not_picked":["Dodge and Roll","Outmaneuver","Slice"],"picked":"SKIP","floor":23.0},{"not_picked":["Escape Plan","Quick Slash","Setup"],"picked":"SKIP","floor":25.0},{"not_picked":["Dodge and Roll","Venomology","Acrobatics"],"picked":"SKIP","floor":28.0},{"not_picked":["Poisoned Stab+1","Dagger Spray+1","Blade Dance"],"picked":"SKIP","floor":31.0},{"not_picked":["Die Die Die","Doppelganger"],"picked":"Grand Finale","floor":33.0},{"not_picked":["Quick Slash+1","Dodge and Roll+1","Underhanded Strike"],"picked":"SKIP","floor":35.0},{"not_picked":["All Out Attack","Cloak And Dagger","Flying Knee"],"picked":"SKIP","floor":39.0},{"not_picked":["Dagger Spray","Poisoned Stab","Slice"],"picked":"SKIP","floor":40.0},{"not_picked":["Reflex","Dagger Throw","Deadly Poison"],"picked":"SKIP","floor":44.0},{"not_picked":["Acrobatics","Flechettes","Glass Knife"],"picked":"SKIP","floor":46.0},{"not_picked":["Bane+1","Expertise","Prepared"],"picked":"SKIP","floor":47.0},{"not_picked":["Bane+1","Expertise"],"picked":"Prepared","floor":47.0},{"not_picked":["Finisher","Noxious Fumes+1","Deadly Poison"],"picked":"SKIP","floor":55.0}],"player_experience":998366,"relics_obtained":[{"floor":7.0,"key":"Snake Skull"},{"floor":9.0,"key":"Letter Opener"},{"floor":12.0,"key":"Anchor"},{"floor":23.0,"key":"Lantern"},{"floor":26.0,"key":"Ancient Tea Set"},{"floor":28.0,"key":"Bronze Scales"},{"floor":31.0,"key":"PreservedInsect"},{"floor":40.0,"key":"Gambling Chip"},{"floor":44.0,"key":"Calipers"},{"floor":47.0,"key":"Torii"},{"floor":55.0,"key":"Bag of Preparation"}],"event_choices":[{"cards_removed":["Strike_G"],"damage_healed":0.0,"max_hp_gain":0.0,"max_hp_loss":0.0,"gold_gain":0.0,"event_name":"Golden Wing","player_choice":"Card Removal","floor":5.0,"gold_loss":0.0,"damage_taken":7.0},{"cards_removed":["Strike_G"],"damage_healed":0.0,"max_hp_gain":0.0,"max_hp_loss":0.0,"gold_gain":0.0,"event_name":"Living Wall","player_choice":"Forget","floor":14.0,"gold_loss":0.0,"damage_taken":0.0},{"damage_healed":0.0,"max_hp_gain":0.0,"max_hp_loss":0.0,"gold_gain":0.0,"cards_transformed":["Defend_G","Defend_G"],"event_name":"Drug Dealer","player_choice":"Became Test Subject","floor":22.0,"gold_loss":0.0,"damage_taken":0.0,"cards_obtained":["Deflect","Cloak And Dagger"]},{"damage_healed":0.0,"max_hp_gain":0.0,"max_hp_loss":0.0,"gold_gain":0.0,"event_name":"Vampires","player_choice":"Ignored","floor":24.0,"gold_loss":0.0,"damage_taken":0.0},{"damage_healed":0.0,"max_hp_gain":0.0,"max_hp_loss":0.0,"gold_gain":0.0,"event_name":"The Mausoleum","player_choice":"Ignored","floor":30.0,"gold_loss":0.0,"damage_taken":0.0},{"damage_healed":0.0,"max_hp_gain":0.0,"max_hp_loss":3.0,"gold_gain":0.0,"event_name":"Winding Halls","player_choice":"Max HP","floor":36.0,"gold_loss":0.0,"damage_taken":0.0},{"damage_healed":0.0,"max_hp_gain":0.0,"max_hp_loss":0.0,"gold_gain":0.0,"event_name":"Tomb of Lord Red Mask","player_choice":"Ignored","floor":37.0,"gold_loss":0.0,"damage_taken":0.0},{"damage_healed":0.0,"max_hp_gain":0.0,"max_hp_loss":0.0,"gold_gain":0.0,"event_name":"SensoryStone","player_choice":"Memory 3","floor":38.0,"gold_loss":0.0,"damage_taken":10.0},{"cards_removed":["Neutralize"],"damage_healed":0.0,"max_hp_gain":0.0,"max_hp_loss":0.0,"gold_gain":0.0,"event_name":"Falling","player_choice":"Removed Attack","floor":41.0,"gold_loss":0.0,"damage_taken":0.0}],"is_beta":false,"boss_relics":[{"not_picked":["Cursed Key","Philosopher\u0027s Stone"],"picked":"Astrolabe"},{"not_picked":["WristBlade","Tiny House"],"picked":"Pandora\u0027s Box"}],"items_purged_floors":[3,19,21],"is_endless":false,"potions_floor_spawned":[2,7,20,25,33,39,40,55],"ascension_level":20}