{"gold_per_floor":[109,119,139,156,173,173,208,235,235,235,24,24,44,55,55,155,155,167,177,177,203,38,38],"floor_reached":23,"playtime":3003,"items_purged":[],"score":218,"play_id":"b28ecbca-b1f3-4892-9e4f-85c919a57c18","local_time":"20181230124718","is_ascension_mode":false,"campfire_choices":[{"data":"All Out Attack","floor":6.0,"key":"SMITH"},{"floor":10.0,"key":"REST"},{"floor":12.0,"key":"REST"},{"floor":15.0,"key":"REST"}],"neow_cost":"NONE","seed_source_timestamp":0,"circlet_count":0,"master_deck":["Defend_G","Defend_G","Defend_G","Defend_G","Defend_G","Strike_G","Strike_G","Strike_G","Strike_G+1","Strike_G+1","Survivor","Neutralize","Dodge and Roll","Blade Dance","Skewer","All Out Attack+1","PiercingWail","Blade Dance","Die Die Die","Dash","Noxious Fumes","Bane","Poisoned Stab","Adrenaline","Flechettes","Deflect","Leg Sweep","Deflect","Dodge and Roll","Sucker Punch","Dagger Spray+1","Writhe","Bane","Envenom","Enlightenment"],"special_seed":0,"relics":["Ring of the Snake","Vajra","Whetstone","Paper Crane","Orrery","Omamori","Red Mask"],"potions_floor_usage":[21],"damage_taken":[{"damage":1.0,"enemies":"Cultist","floor":1.0,"turns":5.0},{"damage":0.0,"enemies":"Jaw Worm","floor":2.0,"turns":5.0},{"damage":2.0,"enemies":"Small Slimes","floor":3.0,"turns":5.0},{"damage":2.0,"enemies":"3 Louse","floor":4.0,"turns":7.0},{"damage":4.0,"enemies":"Red Slaver","floor":5.0,"turns":5.0},{"damage":42.0,"enemies":"Lagavulin","floor":7.0,"turns":7.0},{"damage":10.0,"enemies":"Looter","floor":13.0,"turns":2.0},{"damage":0.0,"enemies":"3 Louse","floor":14.0,"turns":3.0},{"damage":52.0,"enemies":"The Guardian","floor":16.0,"turns":12.0},{"damage":7,"enemies":"Spheric Guardian","floor":18,"turns":6},{"damage":14,"enemies":"Shell Parasite","floor":19,"turns":8},{"damage":8,"enemies":"Masked Bandits","floor":21,"turns":3},{"damage":50,"enemies":"Book of Stabbing","floor":23,"turns":7}],"seed_played":"-5882185514491374931","potions_obtained":[{"floor":4.0,"key":"GhostInAJar"},{"floor":5.0,"key":"Poison Potion"},{"floor":7.0,"key":"Regen Potion"},{"floor":18,"key":"SpeedPotion"},{"floor":19,"key":"Poison Potion"}],"is_trial":false,"path_per_floor":["M","M","M","M","M","R","E","T","T","R","$","R","M","M","R","B",null,"M","M","?","?","$","E"],"character_chosen":"THE_SILENT","items_purchased":["Die Die Die","Dash","Noxious Fumes","Envenom","Enlightenment"],"campfire_rested":3,"item_purchase_floors":[11,11,11,22,22],"current_hp_per_floor":[76,76,74,72,68,68,26,26,26,49,49,72,62,62,77,32,77,70,56,56,48,48,0],"gold":38,"neow_bonus":"TEN_PERCENT_HP_BONUS","is_prod":false,"is_daily":false,"chose_seed":false,"campfire_upgraded":1,"win_rate":0.0,"timestamp":1546202838,"path_taken":["M","M","M","M","M","R","E","?","T","R","$","R","M","M","R","BOSS","M","M","?","?","$","E"],"build_version":"2018-12-20","purchased_purges":0,"victory":false,"max_hp_per_floor":[77,77,77,77,77,77,77,77,77,77,77,77,77,77,77,77,77,77,77,77,77,77,77],"card_choices":[{"not_picked":["Dagger Throw","Outmaneuver"],"picked":"Dodge and Roll","floor":1.0},{"not_picked":["Catalyst","Slice"],"picked":"Blade Dance","floor":2.0},{"not_picked":["Dodge and Roll","Blade Dance"],"picked":"Skewer","floor":3.0},{"not_picked":["Escape Plan","Flying Knee"],"picked":"All Out Attack","floor":4.0},{"not_picked":["Prepared","Slice"],"picked":"PiercingWail","floor":5.0},{"not_picked":["Prepared","Flying Knee"],"picked":"Blade Dance","floor":7.0},{"not_picked":["Malaise","PiercingWail"],"picked":"Bane","floor":13.0},{"not_picked":["Slice","Underhanded Strike"],"picked":"Poisoned Stab","floor":14.0},{"not_picked":["Venomology","Envenom"],"picked":"Adrenaline","floor":16.0},{"not_picked":["Slice","Footwork"],"picked":"Flechettes","floor":17},{"not_picked":["Sucker Punch","Dagger Throw"],"picked":"Deflect","floor":17},{"not_picked":["Acrobatics","Dagger Spray"],"picked":"Leg Sweep","floor":17},{"not_picked":["Poisoned Stab","Prepared"],"picked":"Deflect","floor":17},{"not_picked":["Deflect","Slice"],"picked":"Dodge and Roll","floor":17},{"not_picked":["Escape Plan","Acrobatics+1"],"picked":"Sucker Punch","floor":18},{"not_picked":["Poisoned Stab","Dodge and Roll+1"],"picked":"Dagger Spray+1","floor":19},{"not_picked":["Underhanded Strike","PiercingWail+1"],"picked":"Bane","floor":21}],"player_experience":71031,"relics_obtained":[{"floor":7.0,"key":"Vajra"},{"floor":8.0,"key":"Whetstone"},{"floor":9.0,"key":"Paper Crane"},{"floor":21,"key":"Red Mask"}],"event_choices":[{"damage_healed":0,"gold_gain":0,"player_choice":"Opened","damage_taken":0,"relics_obtained":["Omamori"],"max_hp_gain":0,"max_hp_loss":0,"event_name":"The Mausoleum","floor":20,"gold_loss":0,"cards_obtained":["Writhe"]},{"damage_healed":0,"gold_gain":0,"player_choice":"Fought Bandits","damage_taken":0,"max_hp_gain":0,"max_hp_loss":0,"event_name":"Masked Bandits","floor":21,"gold_loss":0}],"is_beta":false,"boss_relics":[{"not_picked":["Ring of the Serpent","WristBlade"],"picked":"Orrery"}],"items_purged_floors":[],"is_endless":false,"potions_floor_spawned":[4,5,7,18,19],"killed_by":"Book of Stabbing","ascension_level":0}