{"gold_per_floor":[119,119,36,36,36,63,82,82,82,100,2,2,20,20,20,92,92,110,110,35,45,45,45,73,73,97,97,116,136,136,168,168,242,242,260,50,50,0,19,19,36,61,61,87,97,97,197,215,215,215,215,215,215,152,185,185],"floor_reached":56,"playtime":2323,"items_purged":["Strike_G","Strike_G","Catalyst+1"],"score":2382,"play_id":"4a5e361e-684c-4a76-b08c-9a8517ee0d97","local_time":"20190813154229","is_ascension_mode":true,"campfire_choices":[{"data":"Doppelganger","floor":8.0,"key":"SMITH"},{"data":"Calculated Gamble","floor":12.0,"key":"SMITH"},{"data":"Deep Breath","floor":15.0,"key":"SMITH"},{"data":"Burst","floor":23.0,"key":"SMITH"},{"data":"Calculated Gamble","floor":25.0,"key":"SMITH"},{"data":"Choke","floor":27.0,"key":"SMITH"},{"data":"Escape Plan","floor":30.0,"key":"SMITH"},{"floor":32.0,"key":"RECALL"},{"data":"Survivor","floor":40.0,"key":"SMITH"},{"data":"Impatience","floor":49.0,"key":"SMITH"},{"floor":53.0,"key":"REST"}],"neow_cost":"NONE","seed_source_timestamp":614112729929234,"circlet_count":0,"master_deck":["AscendersBane","Defend_G","Defend_G","Defend_G","Defend_G","Defend_G","Survivor+1","Neutralize+1","Calculated Gamble+1","PiercingWail","Doppelganger+1","Choke+1","Deep Breath+1","Burst+1","Escape Plan+1","Deep Breath+1","Calculated Gamble+1","Reflex+1","Blur+1","Impatience+1"],"special_seed":0,"relics":["Ring of the Snake","NeowsBlessing","Gremlin Horn","Philosopher\u0027s Stone","Mango","Blood Vial","Dodecahedron","Sozu","Membership Card","Snake Skull","Pocketwatch","Bottled Lightning","Dead Branch","Happy Flower"],"potions_floor_usage":[],"damage_taken":[{"damage":0.0,"enemies":"Small Slimes","floor":1.0,"turns":1.0},{"damage":0.0,"enemies":"Gremlin Nob","floor":6.0,"turns":1.0},{"damage":0.0,"enemies":"Jaw Worm","floor":7.0,"turns":1.0},{"damage":0.0,"enemies":"2 Louse","floor":10.0,"turns":3.0},{"damage":0.0,"enemies":"Looter","floor":13.0,"turns":4.0},{"damage":55.0,"enemies":"Slime Boss","floor":16.0,"turns":9.0},{"damage":9.0,"enemies":"Spheric Guardian","floor":18.0,"turns":5.0},{"damage":16.0,"enemies":"2 Thieves","floor":21.0,"turns":4.0},{"damage":0.0,"enemies":"Book of Stabbing","floor":24.0,"turns":5.0},{"damage":0.0,"enemies":"Snake Plant","floor":28.0,"turns":2.0},{"damage":7.0,"enemies":"Shelled Parasite and Fungi","floor":29.0,"turns":3.0},{"damage":0.0,"enemies":"Slavers","floor":31.0,"turns":2.0},{"damage":0.0,"enemies":"Collector","floor":33.0,"turns":2.0},{"damage":2.0,"enemies":"Orb Walker","floor":35.0,"turns":2.0},{"damage":0.0,"enemies":"3 Shapes","floor":39.0,"turns":2.0},{"damage":0.0,"enemies":"Jaw Worm Horde","floor":41.0,"turns":2.0},{"damage":0.0,"enemies":"Giant Head","floor":42.0,"turns":2.0},{"damage":0.0,"enemies":"Reptomancer","floor":44.0,"turns":2.0},{"damage":0.0,"enemies":"Transient","floor":45.0,"turns":6.0},{"damage":0.0,"enemies":"Mind Bloom Boss Battle","floor":47.0,"turns":2.0},{"damage":0.0,"enemies":"Spire Growth","floor":48.0,"turns":3.0},{"damage":50.0,"enemies":"Donu and Deca","floor":50.0,"turns":9.0},{"damage":0.0,"enemies":"Awakened One","floor":51.0,"turns":7.0},{"damage":0.0,"enemies":"Shield and Spear","floor":55.0,"turns":7.0},{"damage":0,"enemies":"The Heart","floor":56,"turns":1}],"seed_played":"158302629151465496","potions_obtained":[{"floor":1.0,"key":"Ancient Potion"},{"floor":7.0,"key":"SteroidPotion"},{"floor":24.0,"key":"SpeedPotion"},{"floor":28.0,"key":"Energy Potion"},{"floor":33.0,"key":"LiquidBronze"}],"is_trial":false,"path_per_floor":["M","?","$","?","?","E","M","R","T","M","$","R","M","$","R","B",null,"M","?","$","M","?","R","E","R","T","R","M","M","R","E","R","B",null,"M","$","?","$","M","R","M","E","T","E","M","?","?","M","R","B","B",null,"R","$","E","B"],"character_chosen":"THE_SILENT","items_purchased":["Calculated Gamble","Deep Breath","Membership Card"],"campfire_rested":1,"item_purchase_floors":[3,11,36],"current_hp_per_floor":[59,59,59,39,61,61,61,61,61,61,61,61,61,61,61,6,51,42,42,42,26,26,26,40,40,40,40,42,37,37,39,39,41,70,70,70,70,70,72,72,74,76,76,78,80,70,72,74,74,26,28,67,80,80,80,80],"gold":185,"neow_bonus":"THREE_ENEMY_KILL","is_prod":false,"is_daily":false,"chose_seed":false,"campfire_upgraded":9,"win_rate":0,"timestamp":1565678549,"path_taken":["M","?","$","?","?","E","M","R","T","M","$","R","M","?","R","BOSS","M","?","$","M","?","R","E","R","T","R","M","M","R","E","R","BOSS","M","?","?","$","M","R","M","E","T","E","M","?","?","M","R","BOSS","BOSS","R","$","E","BOSS"],"build_version":"2019-07-17","purchased_purges":3,"victory":false,"max_hp_per_floor":[66,66,66,66,66,66,66,66,66,66,66,66,66,66,66,66,66,66,66,66,66,66,66,80,80,80,80,80,80,80,80,80,80,80,80,80,80,80,80,80,80,80,80,80,80,80,80,80,80,80,80,80,80,80,80,80],"card_choices":[{"not_picked":["Reflex","Blade Dance"],"picked":"Catalyst","floor":1.0},{"not_picked":["Blade Dance","Accuracy"],"picked":"PiercingWail","floor":6.0},{"not_picked":["Sucker Punch","Cloak And Dagger"],"picked":"Doppelganger","floor":7.0},{"not_picked":["Prepared","Outmaneuver"],"picked":"Choke","floor":10.0},{"not_picked":["Expertise","Sucker Punch","Eviscerate"],"picked":"SKIP","floor":13.0},{"not_picked":["Expertise","Sucker Punch","Eviscerate"],"picked":"SKIP","floor":13.0},{"not_picked":["Die Die Die","Bullet Time"],"picked":"Burst","floor":16.0},{"not_picked":["Cloak And Dagger","Accuracy","Dash"],"picked":"SKIP","floor":18.0},{"not_picked":["PiercingWail","Blade Dance"],"picked":"Escape Plan","floor":21.0},{"not_picked":["Crippling Poison","Deadly Poison"],"picked":"Calculated Gamble","floor":24.0},{"not_picked":["Caltrops","Poisoned Stab+1"],"picked":"Reflex+1","floor":28.0},{"not_picked":["Dagger Throw","Acrobatics+1","Prepared"],"picked":"SKIP","floor":29.0},{"not_picked":["Infinite Blades+1","Dagger Throw","Acrobatics"],"picked":"SKIP","floor":31.0},{"not_picked":["Bane","Distraction","Flying Knee+1"],"picked":"SKIP","floor":35.0},{"not_picked":["Sucker Punch","Dodge and Roll","Deflect"],"picked":"SKIP","floor":39.0},{"not_picked":["Sucker Punch+1","Slice","Quick Slash"],"picked":"SKIP","floor":41.0},{"not_picked":["Catalyst","Cloak And Dagger"],"picked":"Blur+1","floor":42.0},{"not_picked":["Dagger Throw","Quick Slash","Skewer"],"picked":"SKIP","floor":44.0},{"not_picked":["Blur+1","Setup","Prepared"],"picked":"SKIP","floor":45.0},{"not_picked":["Sadistic Nature","Dark Shackles"],"picked":"Impatience","floor":46.0},{"not_picked":["Prepared","Noxious Fumes","Skewer"],"picked":"SKIP","floor":48.0},{"not_picked":["Blur","Crippling Poison","Flying Knee"],"picked":"SKIP","floor":55.0}],"player_experience":882736,"relics_obtained":[{"floor":6.0,"key":"Gremlin Horn"},{"floor":24.0,"key":"Mango"},{"floor":26.0,"key":"Blood Vial"},{"floor":31.0,"key":"Dodecahedron"},{"floor":42.0,"key":"Snake Skull"},{"floor":43.0,"key":"Pocketwatch"},{"floor":44.0,"key":"Bottled Lightning"},{"floor":47.0,"key":"Dead Branch"},{"floor":55.0,"key":"Happy Flower"}],"event_choices":[{"cards_removed":["Strike_G"],"damage_healed":0.0,"max_hp_gain":0.0,"max_hp_loss":0.0,"gold_gain":0.0,"event_name":"Living Wall","player_choice":"Forget","floor":2.0,"gold_loss":0.0,"damage_taken":0.0},{"damage_healed":0.0,"max_hp_gain":0.0,"max_hp_loss":0.0,"gold_gain":0.0,"event_name":"Shining Light","player_choice":"Entered Light","floor":4.0,"gold_loss":0.0,"damage_taken":20.0,"cards_upgraded":["Catalyst","Neutralize"]},{"damage_healed":22.0,"max_hp_gain":0.0,"max_hp_loss":0.0,"gold_gain":0.0,"event_name":"Big Fish","player_choice":"Banana","floor":5.0,"gold_loss":0.0,"damage_taken":0.0},{"cards_removed":["Strike_G"],"damage_healed":0.0,"max_hp_gain":0.0,"max_hp_loss":0.0,"gold_gain":0.0,"event_name":"Back to Basics","player_choice":"Elegance","floor":19.0,"gold_loss":0.0,"damage_taken":0.0},{"damage_healed":0.0,"max_hp_gain":0.0,"max_hp_loss":0.0,"gold_gain":0.0,"event_name":"Duplicator","player_choice":"Copied","floor":22.0,"gold_loss":0.0,"damage_taken":0.0,"cards_obtained":["Deep Breath"]},{"cards_removed":["Strike_G"],"damage_healed":0.0,"max_hp_gain":0.0,"max_hp_loss":0.0,"gold_gain":0.0,"event_name":"Falling","player_choice":"Removed Attack","floor":37.0,"gold_loss":0.0,"damage_taken":0.0},{"damage_healed":0.0,"max_hp_gain":0.0,"max_hp_loss":0.0,"gold_gain":0.0,"event_name":"SensoryStone","player_choice":"Memory 3","floor":46.0,"gold_loss":0.0,"damage_taken":10.0},{"damage_healed":0.0,"max_hp_gain":0.0,"max_hp_loss":0.0,"gold_gain":0.0,"event_name":"MindBloom","player_choice":"Fight","floor":47.0,"gold_loss":0.0,"damage_taken":0.0}],"is_beta":false,"boss_relics":[{"not_picked":["Black Star","Ectoplasm"],"picked":"Philosopher\u0027s Stone"},{"not_picked":["Snecko Eye","HoveringKite"],"picked":"Sozu"}],"items_purged_floors":[20,38,54],"is_endless":false,"potions_floor_spawned":[1,7,24,28,29,33,35,42,47,55],"killed_by":"The Heart","ascension_level":20}