{"gold_per_floor":[114,131,147,72,84,84,117,292,292,292],"floor_reached":10,"playtime":611,"items_purged":["Strike_B"],"score":68,"play_id":"8e1a6114-936d-4c3b-9b6e-2dc30be29f7f","local_time":"20190919033440","is_ascension_mode":false,"campfire_choices":[{"data":"Dualcast","floor":6,"key":"SMITH"}],"neow_cost":"NONE","seed_source_timestamp":1938668756460400,"circlet_count":0,"master_deck":["Strike_B","Strike_B","Strike_B","Defend_B","Defend_B","Defend_B","Defend_B","Zap","Dualcast+1","Amplify","Beam Cell","Beam Cell","Conserve Battery","Doubt"],"relics":["Cracked Core","Frozen Egg 2","Blue Candle"],"potions_floor_usage":[5],"damage_taken":[{"damage":2,"enemies":"Small Slimes","floor":1,"turns":3},{"damage":2,"enemies":"2 Louse","floor":2,"turns":3},{"damage":0,"enemies":"Cultist","floor":3,"turns":3},{"damage":21,"enemies":"Large Slime","floor":5,"turns":5},{"damage":21,"enemies":"3 Sentries","floor":7,"turns":7},{"damage":29,"enemies":"The Mushroom Lair","floor":10,"turns":3}],"seed_played":"4326932433923365858","potions_obtained":[{"floor":1,"key":"GamblersBrew"}],"is_trial":false,"path_per_floor":["M","M","M","$","M","R","E","?","T","?"],"character_chosen":"DEFECT","items_purchased":[],"campfire_rested":0,"item_purchase_floors":[],"current_hp_per_floor":[73,71,71,71,50,50,29,29,29,0],"gold":292,"neow_bonus":"ONE_RANDOM_RARE_CARD","is_prod":false,"is_daily":false,"chose_seed":false,"campfire_upgraded":1,"win_rate":0.0,"timestamp":1568878480,"path_taken":["M","M","M","$","M","R","E","?","T","?"],"build_version":"2019-07-17","purchased_purges":1,"victory":false,"max_hp_per_floor":[75,75,75,75,75,75,75,75,75,75],"card_choices":[{"not_picked":["Sweeping Beam","Conserve Battery"],"picked":"Beam Cell","floor":1},{"not_picked":["Fusion","Skim"],"picked":"Beam Cell","floor":2},{"not_picked":["Glacier","Darkness"],"picked":"Conserve Battery","floor":3},{"not_picked":["Lockon","Leap","Cold Snap"],"picked":"SKIP","floor":5},{"not_picked":["Buffer","Ball Lightning","Coolheaded"],"picked":"SKIP","floor":7}],"player_experience":94265,"relics_obtained":[{"floor":7,"key":"Frozen Egg 2"},{"floor":9,"key":"Blue Candle"}],"event_choices":[{"damage_healed":0,"gold_gain":175,"player_choice":"AGREE","damage_taken":0,"max_hp_gain":0,"max_hp_loss":0,"event_name":"Liars Game","floor":8,"gold_loss":0,"cards_obtained":["Doubt"]},{"damage_healed":0,"gold_gain":0,"player_choice":"Fought Mushrooms","damage_taken":0,"max_hp_gain":0,"max_hp_loss":0,"event_name":"Mushrooms","floor":10,"gold_loss":0}],"is_beta":false,"boss_relics":[],"items_purged_floors":[4],"is_endless":false,"potions_floor_spawned":[1],"killed_by":"The Mushroom Lair","ascension_level":0}