{"gold_per_floor":[117,130,130,146,146,146,161,186,186,111,141,141,10,42,42,42],"floor_reached":16,"playtime":397,"items_purged":["Strike_B"],"score":286,"play_id":"d5bb20be-43b1-406d-a517-cd3755d14fae","local_time":"20190919171503","is_ascension_mode":true,"campfire_choices":[{"data":"Zap","floor":6,"key":"SMITH"},{"data":"Dualcast","floor":12,"key":"SMITH"},{"data":"Scrape","floor":15,"key":"SMITH"}],"neow_cost":"NONE","seed_source_timestamp":776154587401808,"circlet_count":0,"master_deck":["AscendersBane","Strike_B","Strike_B","Defend_B","Defend_B","Defend_B","Defend_B","Zap+1","Dualcast+1","Chill","Turbo","Buffer","Scrape+1","Coolheaded","Compile Driver","Self Repair","Go for the Eyes","Cold Snap"],"relics":["Cracked Core","NeowsBlessing","WarpedTongs","Bag of Preparation","Meat on the Bone","Mummified Hand","Turnip"],"potions_floor_usage":[11,14],"damage_taken":[{"damage":0,"enemies":"2 Louse","floor":1,"turns":1},{"damage":0,"enemies":"Cultist","floor":2,"turns":1},{"damage":0,"enemies":"Small Slimes","floor":4,"turns":1},{"damage":3,"enemies":"Blue Slaver","floor":7,"turns":3},{"damage":45,"enemies":"Gremlin Nob","floor":8,"turns":5},{"damage":0,"enemies":"Lagavulin","floor":11,"turns":7},{"damage":32,"enemies":"Gremlin Nob","floor":14,"turns":5},{"damage":13,"enemies":"Hexaghost","floor":16,"turns":9}],"seed_played":"-3008515877022956263","potions_obtained":[{"floor":1,"key":"SpeedPotion"},{"floor":7,"key":"Regen Potion"}],"is_trial":false,"path_per_floor":["M","M","?","M","?","R","M","E","T","?","E","R","$","E","R","B"],"character_chosen":"DEFECT","items_purchased":["Go for the Eyes"],"campfire_rested":0,"item_purchase_floors":[13],"current_hp_per_floor":[64,64,64,64,64,64,61,16,16,16,43,43,43,30,30,17],"gold":42,"neow_bonus":"THREE_ENEMY_KILL","is_prod":false,"is_daily":false,"chose_seed":false,"campfire_upgraded":3,"win_rate":0,"timestamp":1568884503,"path_taken":["M","M","?","M","?","R","?","E","T","?","E","R","$","E","R","BOSS"],"build_version":"2019-09-18","purchased_purges":1,"victory":false,"max_hp_per_floor":[71,71,71,71,71,71,71,71,71,71,71,71,71,71,71,71],"card_choices":[{"not_picked":["Go for the Eyes","Leap"],"picked":"Chill","floor":1},{"not_picked":["Steam","Beam Cell"],"picked":"Turbo","floor":2},{"not_picked":["Hello World","Melter"],"picked":"Scrape","floor":4},{"not_picked":["Conserve Battery","Beam Cell"],"picked":"Coolheaded","floor":7},{"not_picked":["Melter","Barrage"],"picked":"Compile Driver","floor":8},{"not_picked":["Stack","Buffer"],"picked":"Self Repair","floor":11},{"not_picked":["Rebound","BootSequence"],"picked":"Cold Snap","floor":14}],"player_experience":862357,"relics_obtained":[{"floor":8,"key":"Bag of Preparation"},{"floor":9,"key":"Meat on the Bone"},{"floor":11,"key":"Mummified Hand"},{"floor":14,"key":"Turnip"}],"event_choices":[{"damage_healed":0,"gold_gain":0,"cards_transformed":["Strike_B"],"player_choice":"Change","damage_taken":0,"max_hp_gain":0,"max_hp_loss":0,"event_name":"Living Wall","floor":3,"gold_loss":0,"cards_obtained":["Buffer"]},{"damage_healed":0,"gold_gain":0,"player_choice":"Rummage","damage_taken":0,"relics_obtained":["WarpedTongs"],"max_hp_gain":0,"max_hp_loss":0,"event_name":"Accursed Blacksmith","floor":5,"gold_loss":0,"cards_obtained":["Pain"]},{"cards_removed":["Pain"],"damage_healed":0,"gold_gain":0,"player_choice":"Card Removal","damage_taken":0,"max_hp_gain":0,"max_hp_loss":0,"event_name":"The Cleric","floor":10,"gold_loss":75}],"is_beta":true,"boss_relics":[],"items_purged_floors":[13],"is_endless":false,"potions_floor_spawned":[1,7],"killed_by":"Hexaghost","ascension_level":20}