{"gold_per_floor":[115,190,208,208,208,239,250,250,250,270,270,60,60,71,71,146,146,156,167,186,40,40,40,40,40,40,56,73,73,73,123,123,197,197,215,90,140,240,251,251,271,271,271,296,72,106,106,116,116,116],"floor_reached":51,"playtime":2369,"items_purged":["Strike_P","Strike_P","Defend_P","Defend_P"],"score":1765,"play_id":"97782f36-5ec2-4720-ad25-796de18d4246","local_time":"20190911203150","is_ascension_mode":true,"campfire_choices":[{"data":"MentalFortress","floor":8.0,"key":"SMITH"},{"data":"Vigilance","floor":11.0,"key":"SMITH"},{"data":"Meditate","floor":13.0,"key":"SMITH"},{"floor":15.0,"key":"REST"},{"data":"EmptyFist","floor":23,"key":"SMITH"},{"data":"FearNoEvil","floor":25,"key":"SMITH"},{"data":"Adaptation","floor":32,"key":"SMITH"},{"floor":40,"key":"DIG"},{"floor":47,"key":"DIG"},{"floor":49,"key":"DIG"}],"neow_cost":"NONE","seed_source_timestamp":2358854563206200,"circlet_count":0,"master_deck":["AscendersBane","Defend_P","Vigilance+1","ClearTheMind","Meditate+1","MentalFortress+1","Protect+1","EmptyMind+1","Adaptation+1","FearNoEvil+1","EmptyFist+1","EmptyBody+1","Blasphemy+1"],"special_seed":0,"relics":["HolyWater","NeowsBlessing","Toxic Egg 2","Akabeko","Prayer Wheel","Empty Cage","Shovel","CloakClasp","Centennial Puzzle","Shuriken","Bag of Marbles","Darkstone Periapt","Art of War","Happy Flower"],"potions_floor_usage":[20,33],"damage_taken":[{"damage":0.0,"enemies":"Cultist","floor":1.0,"turns":1.0},{"damage":0.0,"enemies":"Jaw Worm","floor":3.0,"turns":1.0},{"damage":0.0,"enemies":"3 Sentries","floor":6.0,"turns":1.0},{"damage":0.0,"enemies":"Small Slimes","floor":7.0,"turns":4.0},{"damage":11.0,"enemies":"2 Fungi Beasts","floor":10.0,"turns":5.0},{"damage":18.0,"enemies":"Gremlin Gang","floor":14.0,"turns":6.0},{"damage":0.0,"enemies":"The Guardian","floor":16.0,"turns":12.0},{"damage":7.0,"enemies":"3 Byrds","floor":18.0,"turns":10.0},{"damage":0.0,"enemies":"Shell Parasite","floor":19.0,"turns":7.0},{"damage":20,"enemies":"Cultist and Chosen","floor":20,"turns":6},{"damage":0,"enemies":"3 Cultists","floor":27,"turns":3},{"damage":9,"enemies":"Shelled Parasite and Fungi","floor":28,"turns":4},{"damage":0,"enemies":"Champ","floor":33,"turns":1},{"damage":0,"enemies":"3 Darklings","floor":35,"turns":2},{"damage":0,"enemies":"2 Orb Walkers","floor":37,"turns":1},{"damage":0,"enemies":"Mind Bloom Boss Battle","floor":38,"turns":1},{"damage":0,"enemies":"3 Shapes","floor":39,"turns":1},{"damage":0,"enemies":"3 Darklings","floor":41,"turns":1},{"damage":0,"enemies":"Giant Head","floor":46,"turns":1},{"damage":0,"enemies":"4 Shapes","floor":48,"turns":1},{"damage":0,"enemies":"Donu and Deca","floor":50,"turns":1}],"seed_played":"4680454823594469029","potions_obtained":[{"floor":7.0,"key":"SkillPotion"},{"floor":10.0,"key":"FearPotion"},{"floor":18.0,"key":"AttackPotion"},{"floor":24,"key":"FairyPotion"},{"floor":27,"key":"StancePotion"},{"floor":37,"key":"Poison Potion"},{"floor":38,"key":"Swift Potion"}],"is_trial":false,"path_per_floor":["M","?","M","?","?","E","M","R","T","M","R","$","R","M","R","B",null,"M","M","M","$","?","R","?","R","T","M","M","$","?","?","R","B",null,"M","$","?","?","M","R","M","?","T","T","$","E","R","M","R","B",null],"character_chosen":"WATCHER","items_purchased":["EmptyMind+1","Adaptation","EmptyFist","StancePotion"],"campfire_rested":1,"item_purchase_floors":[12,12,21,45],"current_hp_per_floor":[55,44,44,44,37,37,37,37,37,26,26,26,26,8,26,26,52,45,45,25,25,25,25,25,25,25,25,16,16,16,16,16,16,50,50,50,50,50,50,50,50,50,50,50,50,50,50,50,50,50],"gold":116,"neow_bonus":"THREE_ENEMY_KILL","is_prod":false,"is_daily":false,"chose_seed":false,"campfire_upgraded":6,"win_rate":0,"timestamp":1568205110,"path_taken":["M","?","M","?","?","E","M","R","T","M","R","$","R","M","R","BOSS","M","M","M","$","?","R","?","R","T","?","M","$","?","?","R","BOSS","M","$","?","?","M","R","M","?","T","?","$","E","R","M","R","BOSS"],"build_version":"2019-09-10","purchased_purges":4,"victory":true,"max_hp_per_floor":[61,61,61,61,61,61,61,61,61,61,61,61,61,61,61,61,61,61,61,61,61,61,61,61,61,61,61,61,61,61,61,61,61,61,61,61,61,61,61,61,61,61,61,61,61,61,61,61,61,61],"card_choices":[{"not_picked":["JustLucky","Swivel"],"picked":"ClearTheMind","floor":1.0},{"not_picked":["FollowUp","EmptyMind"],"picked":"Meditate","floor":3.0},{"not_picked":["Consecrate","Meditate"],"picked":"MentalFortress","floor":6.0},{"not_picked":["Devotion","Halt+1","ClearTheMind+1"],"picked":"SKIP","floor":7.0},{"not_picked":["ClearTheMind+1","Tantrum"],"picked":"Protect+1","floor":10.0},{"not_picked":["ThirdEye+1","ClearTheMind+1","Vengeance+1"],"picked":"SKIP","floor":14.0},{"not_picked":["InnerPeace+1","CutThroughFate","EmptyMind+1"],"picked":"SKIP","floor":18.0},{"not_picked":["Weave","CutThroughFate","Vengeance+1"],"picked":"SKIP","floor":19.0},{"not_picked":["EmptyMind+1","CleanseEvil+1"],"picked":"FearNoEvil","floor":20},{"not_picked":["FearNoEvil","CutThroughFate"],"picked":"EmptyBody+1","floor":27},{"not_picked":["SignatureMove","CarveReality","Prostrate+1"],"picked":"SKIP","floor":27},{"not_picked":["Crescendo+1","EmptyMind+1","BowlingBash"],"picked":"SKIP","floor":28},{"not_picked":["Weave","Protect+1","CutThroughFate"],"picked":"SKIP","floor":28},{"not_picked":["Halt+1","ThirdEye+1"],"picked":"Blasphemy+1","floor":35},{"not_picked":["CutThroughFate","Halt+1","JustLucky"],"picked":"SKIP","floor":35},{"not_picked":["EmptyFist+1","Halt+1","FollowUp"],"picked":"SKIP","floor":39},{"not_picked":["Protect+1","WaveOfTheHand+1","Adaptation+1"],"picked":"SKIP","floor":39},{"not_picked":["Vengeance+1","Crescendo+1","Protect+1"],"picked":"SKIP","floor":41},{"not_picked":["ClearTheMind+1","FollowUp","Consecrate"],"picked":"SKIP","floor":41},{"not_picked":["Weave","DevaForm","EmptyMind+1"],"picked":"SKIP","floor":46},{"not_picked":["WaveOfTheHand+1","CleanseEvil+1","Crescendo+1"],"picked":"SKIP","floor":48},{"not_picked":["ThirdEye+1","CarveReality","Weave+1"],"picked":"SKIP","floor":48}],"player_experience":3277553,"relics_obtained":[{"floor":6.0,"key":"Toxic Egg 2"},{"floor":9.0,"key":"Akabeko"},{"floor":26,"key":"Prayer Wheel"},{"floor":37,"key":"Shovel"},{"floor":38,"key":"CloakClasp"},{"floor":40,"key":"Centennial Puzzle"},{"floor":43,"key":"Shuriken"},{"floor":44,"key":"Bag of Marbles"},{"floor":46,"key":"Darkstone Periapt"},{"floor":47,"key":"Art of War"},{"floor":49,"key":"Happy Flower"}],"event_choices":[{"damage_healed":0.0,"max_hp_gain":0.0,"max_hp_loss":0.0,"gold_gain":75.0,"event_name":"World of Goop","player_choice":"Gather Gold","floor":2.0,"gold_loss":0.0,"damage_taken":11.0},{"damage_healed":0.0,"max_hp_gain":0.0,"max_hp_loss":0.0,"gold_gain":0.0,"event_name":"Liars Game","player_choice":"Ignored","floor":4.0,"gold_loss":0.0,"damage_taken":0.0},{"cards_removed":["Strike_P"],"damage_healed":0.0,"max_hp_gain":0.0,"max_hp_loss":0.0,"gold_gain":0.0,"event_name":"Golden Wing","player_choice":"Card Removal","floor":5.0,"gold_loss":0.0,"damage_taken":7.0},{"cards_removed":["Strike_P"],"damage_healed":0,"gold_gain":0,"player_choice":"Elegance","damage_taken":0,"max_hp_gain":0,"max_hp_loss":0,"event_name":"Back to Basics","floor":22,"gold_loss":0},{"damage_healed":0,"gold_gain":0,"player_choice":"Got Potions","damage_taken":0,"max_hp_gain":0,"max_hp_loss":0,"event_name":"Lab","floor":24,"gold_loss":0},{"damage_healed":0,"gold_gain":100,"player_choice":"Bet on Murderer","damage_taken":0,"max_hp_gain":0,"max_hp_loss":0,"event_name":"The Joust","floor":31,"gold_loss":50},{"damage_healed":0,"gold_gain":0,"player_choice":"Fight","damage_taken":0,"max_hp_gain":0,"max_hp_loss":0,"event_name":"Mysterious Sphere","floor":37,"gold_loss":0},{"damage_healed":0,"gold_gain":0,"player_choice":"Fight","damage_taken":0,"max_hp_gain":0,"max_hp_loss":0,"event_name":"MindBloom","floor":38,"gold_loss":0},{"damage_healed":0,"gold_gain":0,"player_choice":"Ignored","damage_taken":0,"max_hp_gain":0,"max_hp_loss":0,"event_name":"Tomb of Lord Red Mask","floor":42,"gold_loss":0}],"is_beta":true,"boss_relics":[{"not_picked":["SacredBark","Tiny House"],"picked":"HolyWater"},{"not_picked":["Philosopher\u0027s Stone","Black Star"],"picked":"Empty Cage"}],"items_purged_floors":[12,21,36,45],"is_endless":false,"potions_floor_spawned":[7,10,18,27,37,38,46],"ascension_level":15}