{"gold_per_floor":[112,112,122,122,135,135,154,154,224,26,26,61,76,76,76,149,149,162,71,90,108,108],"floor_reached":22,"playtime":641,"items_purged":["Strike_R"],"score":372,"play_id":"fc780f7f-1585-4eab-91ed-6b76aca7c434","local_time":"20190328165450","is_ascension_mode":true,"campfire_choices":[{"data":"Flex","floor":6,"key":"SMITH"},{"data":"Sword Boomerang","floor":8,"key":"SMITH"},{"data":"True Grit","floor":11,"key":"SMITH"},{"data":"Dark Embrace","floor":15,"key":"SMITH"}],"neow_cost":"NONE","seed_source_timestamp":632900762583987,"circlet_count":0,"master_deck":["AscendersBane","Strike_R","Strike_R","Strike_R","Strike_R","Defend_R","Defend_R","Defend_R","Defend_R","Bash","Flex+1","Offering","Sword Boomerang+1","True Grit+1","Flash of Steel","Dark Embrace+1","Double Tap","Disarm","Impatience"],"relics":["Burning Blood","Boot","Vajra","Sundial","Art of War","Runic Pyramid"],"potions_floor_usage":[16,20],"damage_taken":[{"damage":2,"enemies":"2 Louse","floor":1,"turns":3},{"damage":8,"enemies":"Small Slimes","floor":3,"turns":4},{"damage":8,"enemies":"Jaw Worm","floor":5,"turns":2},{"damage":6,"enemies":"Large Slime","floor":7,"turns":4},{"damage":7,"enemies":"Lagavulin","floor":12,"turns":5},{"damage":6,"enemies":"Blue Slaver","floor":13,"turns":2},{"damage":37,"enemies":"The Guardian","floor":16,"turns":9},{"damage":21,"enemies":"3 Byrds","floor":18,"turns":5},{"damage":23,"enemies":"Spheric Guardian","floor":20,"turns":4},{"damage":32,"enemies":"Centurion and Healer","floor":21,"turns":4}],"seed_played":"6110525466781340982","potions_obtained":[{"floor":7,"key":"FairyPotion"},{"floor":12,"key":"BloodPotion"},{"floor":16,"key":"Regen Potion"}],"is_trial":false,"path_per_floor":["M","?","M","?","M","R","M","R","T","$","R","E","M","$","R","B",null,"M","$","M","M","?"],"character_chosen":"IRONCLAD","items_purchased":["True Grit","Flash of Steel","Impatience"],"campfire_rested":0,"item_purchase_floors":[10,10,19],"current_hp_per_floor":[72,77,75,64,62,62,62,62,62,62,62,61,61,61,61,38,70,55,55,50,24,1],"gold":108,"neow_bonus":"RANDOM_COMMON_RELIC","is_prod":false,"is_daily":false,"chose_seed":false,"campfire_upgraded":4,"win_rate":0,"timestamp":1553763290,"path_taken":["M","?","M","?","M","R","M","R","T","$","R","E","M","?","R","BOSS","M","$","M","M","?"],"build_version":"2019-03-15","purchased_purges":1,"victory":false,"max_hp_per_floor":[75,80,80,80,80,80,80,80,80,80,80,80,80,80,80,80,80,80,80,80,80,85],"card_choices":[{"not_picked":["Wild Strike","Pommel Strike"],"picked":"Flex","floor":1},{"not_picked":["True Grit","Shrug It Off"],"picked":"Offering","floor":3},{"not_picked":["Bloodletting","Shrug It Off"],"picked":"Sword Boomerang","floor":5},{"not_picked":["Cleave","Iron Wave","Heavy Blade"],"picked":"SKIP","floor":7},{"not_picked":["True Grit","Seeing Red"],"picked":"Dark Embrace","floor":12},{"not_picked":["Headbutt","Warcry","Anger"],"picked":"SKIP","floor":13},{"not_picked":["Barricade","Feed"],"picked":"Double Tap","floor":16},{"not_picked":["Perfected Strike","Clothesline+1"],"picked":"Disarm","floor":18},{"not_picked":["Heavy Blade","Twin Strike","Perfected Strike"],"picked":"SKIP","floor":20},{"not_picked":["Whirlwind","Inflame","Carnage"],"picked":"SKIP","floor":21}],"player_experience":2961838,"relics_obtained":[{"floor":9,"key":"Sundial"},{"floor":12,"key":"Art of War"}],"event_choices":[{"damage_healed":0,"gold_gain":0,"player_choice":"Donut","damage_taken":0,"max_hp_gain":5,"max_hp_loss":0,"event_name":"Big Fish","floor":2,"gold_loss":0},{"damage_healed":0,"gold_gain":0,"player_choice":"Success","damage_taken":11,"relics_obtained":["Vajra"],"max_hp_gain":0,"max_hp_loss":0,"event_name":"Scrap Ooze","floor":4,"gold_loss":0},{"damage_healed":0,"gold_gain":0,"player_choice":"Shed Blood","damage_taken":28,"max_hp_gain":5,"max_hp_loss":0,"event_name":"Forgotten Altar","floor":22,"gold_loss":0}],"is_beta":true,"boss_relics":[{"not_picked":["Velvet Choker","Philosopher\u0027s Stone"],"picked":"Runic Pyramid"}],"items_purged_floors":[10],"is_endless":false,"potions_floor_spawned":[7,12,16],"ascension_level":20}