{"gold_per_floor":[116,133,183,50,65,91,116,128,165,177,208,220,262,305,317,406,418,441,353,370,395,26,26,83,83,83,116,116,139,139,157,157,235,235,249,99,109,109,109,137,137,137,137,154,376,424,436,436,436,436,436,436,436,21,50,50],"floor_reached":57,"playtime":2099,"items_purged":["Strike_G","Strike_G","Strike_G","All Out Attack","Corpse Explosion+1"],"score":2927,"play_id":"cc9c94b6-53ba-4cd1-9f4a-fc69e612bcfd","local_time":"20190820143353","is_ascension_mode":true,"campfire_choices":[{"data":"Acrobatics","floor":8.0,"key":"SMITH"},{"data":"Corpse Explosion","floor":10.0,"key":"SMITH"},{"data":"Prepared","floor":12.0,"key":"SMITH"},{"data":"Catalyst","floor":15.0,"key":"SMITH"},{"data":"Expertise","floor":23.0,"key":"SMITH"},{"data":"Tactician","floor":30.0,"key":"SMITH"},{"floor":32.0,"key":"REST"},{"floor":42.0,"key":"RECALL"},{"data":"Defend_G","floor":49.0,"key":"PURGE"},{"data":"Deadly Poison","floor":53.0,"key":"PURGE"}],"neow_cost":"TEN_PERCENT_HP_LOSS","seed_source_timestamp":0,"circlet_count":0,"master_deck":["AscendersBane","Defend_G","Defend_G","Defend_G+1","Defend_G","Survivor","Neutralize+1","Acrobatics+1","Prepared+1","Catalyst+1","Tactician+1","Grand Finale","Expertise+1","After Image","Backflip+1","Adrenaline","Terror+1","Deadly Poison+1","Calculated Gamble"],"special_seed":0,"relics":["Ring of the Snake","Tough Bandages","MawBank","Boot","Blood Vial","Empty Cage","Red Mask","Tiny Chest","Shuriken","Calipers","WristBlade","Mercury Hourglass","Dodecahedron","Peace Pipe","The Courier","War Paint","Art of War"],"potions_floor_usage":[56,56],"damage_taken":[{"damage":13.0,"enemies":"Jaw Worm","floor":1.0,"turns":6.0},{"damage":1.0,"enemies":"Cultist","floor":2.0,"turns":4.0},{"damage":0.0,"enemies":"Small Slimes","floor":5.0,"turns":4.0},{"damage":25.0,"enemies":"Gremlin Nob","floor":6.0,"turns":4.0},{"damage":0.0,"enemies":"Blue Slaver","floor":7.0,"turns":6.0},{"damage":3.0,"enemies":"Looter","floor":11.0,"turns":3.0},{"damage":6.0,"enemies":"Exordium Thugs","floor":13.0,"turns":4.0},{"damage":0.0,"enemies":"Lagavulin","floor":14.0,"turns":5.0},{"damage":3.0,"enemies":"Slime Boss","floor":16.0,"turns":7.0},{"damage":7.0,"enemies":"Chosen","floor":18.0,"turns":4.0},{"damage":2.0,"enemies":"Shell Parasite","floor":20.0,"turns":4.0},{"damage":21.0,"enemies":"Masked Bandits","floor":21.0,"turns":3.0},{"damage":0.0,"enemies":"Gremlin Leader","floor":24.0,"turns":5.0},{"damage":9.0,"enemies":"Slavers","floor":27.0,"turns":2.0},{"damage":0.0,"enemies":"Snake Plant","floor":31.0,"turns":3.0},{"damage":7.0,"enemies":"Collector","floor":33.0,"turns":5.0},{"damage":1.0,"enemies":"Orb Walker","floor":35.0,"turns":4.0},{"damage":0.0,"enemies":"3 Darklings","floor":37.0,"turns":2.0},{"damage":0.0,"enemies":"Nemesis","floor":40.0,"turns":7.0},{"damage":0.0,"enemies":"4 Shapes","floor":44.0,"turns":2.0},{"damage":0.0,"enemies":"2 Orb Walkers","floor":46.0,"turns":2.0},{"damage":0.0,"enemies":"Sphere and 2 Shapes","floor":47.0,"turns":2.0},{"damage":38.0,"enemies":"Time Eater","floor":50.0,"turns":10.0},{"damage":22.0,"enemies":"Donu and Deca","floor":51.0,"turns":5.0},{"damage":9,"enemies":"Shield and Spear","floor":55,"turns":8},{"damage":15,"enemies":"The Heart","floor":56,"turns":11}],"seed_played":"3107925668881081060","potions_obtained":[{"floor":5.0,"key":"AttackPotion"},{"floor":6.0,"key":"Energy Potion"},{"floor":11.0,"key":"PowerPotion"},{"floor":18.0,"key":"SkillPotion"},{"floor":24.0,"key":"Energy Potion"},{"floor":27.0,"key":"SteroidPotion"},{"floor":35.0,"key":"Ancient Potion"},{"floor":46.0,"key":"SteroidPotion"}],"is_trial":false,"path_per_floor":["M","M","?","$","M","E","M","R","T","R","M","R","M","E","R","B",null,"M","$","M","?","$","R","E","?","T","E","$","T","R","M","R","B",null,"M","$","M","$","?","E","$","R","T","M","?","?","M","T","R","B","B",null,"R","$","E","B",null],"character_chosen":"THE_SILENT","items_purchased":["Acrobatics","Grand Finale","Expertise","Deadly Poison","Calculated Gamble","War Paint","SpeedPotion"],"campfire_rested":1,"item_purchase_floors":[4,22,22,54,54,54,54],"current_hp_per_floor":[46,45,39,39,39,14,14,14,14,14,11,11,5,5,5,4,46,41,41,41,22,22,22,24,24,24,17,17,17,17,19,37,32,53,54,54,56,56,56,58,58,58,58,60,60,60,60,60,60,22,2,46,46,46,39,26],"gold":50,"neow_bonus":"ONE_RARE_RELIC","is_prod":false,"is_daily":false,"chose_seed":false,"campfire_upgraded":6,"win_rate":0,"timestamp":1566279233,"path_taken":["M","M","?","$","M","E","M","R","T","R","M","R","M","E","R","BOSS","M","$","M","?","$","R","E","?","T","E","?","?","R","M","R","BOSS","M","$","M","$","?","E","?","R","T","M","?","?","?","?","R","BOSS","BOSS","R","$","E","BOSS"],"build_version":"2019-07-17","purchased_purges":5,"victory":true,"max_hp_per_floor":[60,60,60,60,60,60,60,60,60,60,60,60,60,60,60,60,60,60,60,60,60,60,60,60,60,60,60,60,60,60,60,60,60,60,60,60,60,60,60,60,60,60,60,60,60,60,60,60,60,60,60,60,60,60,60,60],"card_choices":[{"not_picked":["Quick Slash","Dodge and Roll"],"picked":"Deadly Poison","floor":1.0},{"not_picked":["Dodge and Roll","Underhanded Strike","Eviscerate"],"picked":"SKIP","floor":2.0},{"not_picked":["Choke","Quick Slash"],"picked":"All Out Attack","floor":5.0},{"not_picked":["Outmaneuver","Masterful Stab"],"picked":"Corpse Explosion","floor":6.0},{"not_picked":["Dodge and Roll","Sucker Punch","Deflect"],"picked":"SKIP","floor":7.0},{"not_picked":["Riddle With Holes","Bouncing Flask"],"picked":"Prepared","floor":11.0},{"not_picked":["Adrenaline","Acrobatics"],"picked":"Catalyst","floor":13.0},{"not_picked":["Flying Knee","Dagger Throw"],"picked":"Tactician","floor":14.0},{"not_picked":["Outmaneuver","Dagger Spray","Crippling Poison"],"picked":"SKIP","floor":18.0},{"not_picked":["Sucker Punch","Distraction","Poisoned Stab"],"picked":"SKIP","floor":20.0},{"not_picked":["Masterful Stab","Eviscerate+1","Cloak And Dagger"],"picked":"SKIP","floor":24.0},{"not_picked":["Dagger Throw","Die Die Die","All Out Attack"],"picked":"SKIP","floor":27.0},{"not_picked":["Sucker Punch","Accuracy+1","Choke"],"picked":"SKIP","floor":31.0},{"not_picked":["Malaise","Die Die Die"],"picked":"After Image","floor":33.0},{"not_picked":["Dodge and Roll","Prepared"],"picked":"Backflip+1","floor":35.0},{"not_picked":["Bouncing Flask","Tactician","Terror"],"picked":"SKIP","floor":37.0},{"not_picked":["Doppelganger","Blade Dance"],"picked":"Adrenaline","floor":40.0},{"not_picked":["Caltrops","Quick Slash","Dodge and Roll"],"picked":"SKIP","floor":44.0},{"not_picked":["Flechettes","Bane","Terror+1"],"picked":"SKIP","floor":47.0},{"not_picked":["Flechettes","Bane"],"picked":"Terror+1","floor":47.0},{"not_picked":["Quick Slash","Heel Hook","Blade Dance"],"picked":"SKIP","floor":55}],"player_experience":954806,"relics_obtained":[{"floor":6.0,"key":"MawBank"},{"floor":9.0,"key":"Boot"},{"floor":14.0,"key":"Blood Vial"},{"floor":21.0,"key":"Red Mask"},{"floor":24.0,"key":"Tiny Chest"},{"floor":26.0,"key":"Shuriken"},{"floor":27.0,"key":"Calipers"},{"floor":40.0,"key":"Mercury Hourglass"},{"floor":43.0,"key":"Dodecahedron"},{"floor":46.0,"key":"Peace Pipe"},{"floor":48.0,"key":"The Courier"},{"floor":55,"key":"Art of War"}],"event_choices":[{"damage_healed":0.0,"max_hp_gain":0.0,"max_hp_loss":0.0,"gold_gain":50.0,"event_name":"FaceTrader","player_choice":"Touch","floor":3.0,"gold_loss":0.0,"damage_taken":6.0},{"damage_healed":0.0,"max_hp_gain":0.0,"max_hp_loss":0.0,"gold_gain":0.0,"event_name":"Masked Bandits","player_choice":"Fought Bandits","floor":21.0,"gold_loss":0.0,"damage_taken":0.0},{"damage_healed":0.0,"max_hp_gain":0.0,"max_hp_loss":0.0,"gold_gain":0.0,"event_name":"Cursed Tome","player_choice":"Ignored","floor":25.0,"gold_loss":0.0,"damage_taken":0.0},{"damage_healed":0.0,"max_hp_gain":0.0,"max_hp_loss":0.0,"gold_gain":0.0,"event_name":"Upgrade Shrine","player_choice":"Upgraded","floor":39.0,"gold_loss":0.0,"damage_taken":0.0,"cards_upgraded":["Neutralize"]},{"damage_healed":0.0,"max_hp_gain":0.0,"max_hp_loss":0.0,"gold_gain":222.0,"event_name":"Tomb of Lord Red Mask","player_choice":"Wore Mask","floor":45.0,"gold_loss":0.0,"damage_taken":0.0},{"damage_healed":0.0,"max_hp_gain":0.0,"max_hp_loss":0.0,"gold_gain":0.0,"event_name":"Mysterious Sphere","player_choice":"Fight","floor":46.0,"gold_loss":0.0,"damage_taken":0.0}],"is_beta":false,"boss_relics":[{"not_picked":["Coffee Dripper","Ring of the Serpent"],"picked":"Empty Cage"},{"not_picked":["White Beast Statue","Velvet Choker"],"picked":"WristBlade"}],"items_purged_floors":[4,19,22,36,54],"is_endless":false,"potions_floor_spawned":[5,6,11,18,24,27,35,40,46,55],"ascension_level":20}