{"gold_per_floor":[109,184,0,0,0,0,20,20,20,31,31,66,66,21,21,21],"floor_reached":16,"playtime":331,"items_purged":[],"score":292,"play_id":"31ef9121-467f-4680-829b-c22d63517bbe","local_time":"20190819145729","is_ascension_mode":true,"campfire_choices":[{"data":"Predator","floor":6.0,"key":"SMITH"},{"data":"Flechettes","floor":8.0,"key":"SMITH"},{"data":"Trip","floor":11.0,"key":"SMITH"},{"data":"Neutralize","floor":15.0,"key":"SMITH"}],"neow_cost":"PERCENT_DAMAGE","seed_source_timestamp":386791508420567,"circlet_count":0,"master_deck":["AscendersBane","Strike_G","Strike_G","Strike_G","Strike_G","Strike_G","Defend_G","Defend_G","Defend_G","Defend_G","Defend_G","Survivor","Neutralize+1","Finesse","Trip+1","Predator+1","Flechettes+1","Acrobatics","Infinite Blades"],"special_seed":0,"relics":["Ring of the Snake","Tiny Chest","Calipers","Dead Branch","Blood Vial"],"potions_floor_usage":[16],"damage_taken":[{"damage":7.0,"enemies":"Jaw Worm","floor":1.0,"turns":6.0},{"damage":0.0,"enemies":"2 Louse","floor":7.0,"turns":2.0},{"damage":0.0,"enemies":"Cultist","floor":10.0,"turns":2.0},{"damage":17.0,"enemies":"Lagavulin","floor":12.0,"turns":5.0}],"seed_played":"6324574256504733346","potions_obtained":[{"floor":7.0,"key":"Ancient Potion"},{"floor":12.0,"key":"Strength Potion"}],"is_trial":false,"path_per_floor":["M","?","$","?","?","R","M","R","T","M","R","E","T","$","R","B"],"character_chosen":"THE_SILENT","items_purchased":["Tiny Chest","Fire Potion","Infinite Blades"],"campfire_rested":0,"item_purchase_floors":[3,3,14],"current_hp_per_floor":[37,26,26,26,26,26,26,26,26,26,26,9,9,9,9,0],"gold":21,"neow_bonus":"RANDOM_COLORLESS_2","is_prod":false,"is_daily":false,"chose_seed":false,"campfire_upgraded":4,"win_rate":0,"timestamp":1566194249,"path_taken":["M","?","$","?","?","R","M","R","T","M","R","E","?","?","R","BOSS"],"build_version":"2019-07-17","purchased_purges":0,"victory":false,"max_hp_per_floor":[66,66,66,66,66,66,66,66,66,66,66,66,66,66,66,66],"card_choices":[{"not_picked":["Caltrops","Eviscerate"],"picked":"Predator","floor":1.0},{"not_picked":["Blade Dance","Eviscerate"],"picked":"Flechettes","floor":7.0},{"not_picked":["Dagger Throw","Quick Slash","Setup"],"picked":"SKIP","floor":10.0},{"not_picked":["Prepared","Poisoned Stab"],"picked":"Acrobatics","floor":12.0}],"player_experience":941672,"relics_obtained":[{"floor":9.0,"key":"Calipers"},{"floor":12.0,"key":"Dead Branch"},{"floor":13.0,"key":"Blood Vial"}],"event_choices":[{"damage_healed":0.0,"max_hp_gain":0.0,"max_hp_loss":0.0,"gold_gain":75.0,"event_name":"World of Goop","player_choice":"Gather Gold","floor":2.0,"gold_loss":0.0,"damage_taken":11.0},{"damage_healed":0.0,"max_hp_gain":0.0,"max_hp_loss":0.0,"gold_gain":0.0,"event_name":"Liars Game","player_choice":"Ignored","floor":4.0,"gold_loss":0.0,"damage_taken":0.0},{"damage_healed":0.0,"max_hp_gain":0.0,"max_hp_loss":0.0,"gold_gain":0.0,"event_name":"Scrap Ooze","player_choice":"Fled","floor":5.0,"gold_loss":0.0,"damage_taken":0.0}],"is_beta":false,"boss_relics":[],"items_purged_floors":[],"is_endless":false,"potions_floor_spawned":[7,12],"killed_by":"The Guardian","ascension_level":20}