{"gold_per_floor":[116,131,56,106,123,123,148,148,148,148,211,236,236,265,265,341,341,356,376,396,57,71,71,103,18,42,53,80,97,115,115,115,193,193,208,222,222,242,242,267,267,292,292,324,341,187,187,212,224,236,248,260,272,9,42,42],"floor_reached":57,"playtime":2507,"items_purged":["Deflect","Deadly Poison+1"],"score":3936,"play_id":"3844b445-93cd-4873-8321-a35fe280159b","local_time":"20190530192817","daily_mods":["SealedDeck"],"is_ascension_mode":true,"campfire_choices":[{"data":"Tactician","floor":6.0,"key":"SMITH"},{"data":"Acrobatics","floor":8.0,"key":"SMITH"},{"data":"Calculated Gamble","floor":10.0,"key":"SMITH"},{"data":"Prepared","floor":13.0,"key":"SMITH"},{"floor":15.0,"key":"RECALL"},{"data":"Eviscerate","floor":23.0,"key":"SMITH"},{"data":"Reflex","floor":32.0,"key":"SMITH"},{"data":"1","floor":41.0,"key":"LIFT"},{"data":"2","floor":47,"key":"LIFT"},{"data":"3","floor":49,"key":"LIFT"},{"data":"Purity","floor":53,"key":"SMITH"}],"neow_cost":"","seed_source_timestamp":1069005886840655,"circlet_count":0,"master_deck":["AscendersBane","Eviscerate+1","PiercingWail","Backflip","Calculated Gamble+1","Tactician+1","Acrobatics+1","Escape Plan","Prepared+1","Well Laid Plans+1","Noxious Fumes+1","Footwork+1","Reflex+1","Purity+1"],"special_seed":0,"relics":["Ring of the Snake","Mercury Hourglass","Singing Bowl","Pen Nib","Odd Mushroom","Ornamental Fan","Astrolabe","Tough Bandages","Boot","Paper Crane","FossilizedHelix","Black Star","Girya","Strawberry","Lantern","Ninja Scroll","Nunchaku","Bag of Preparation","Whetstone","MawBank","Art of War","OrangePellets","Unceasing Top","Thread and Needle"],"potions_floor_usage":[48,48,56,56],"damage_taken":[{"damage":0.0,"enemies":"Cultist","floor":1.0,"turns":3.0},{"damage":0.0,"enemies":"Jaw Worm","floor":2.0,"turns":3.0},{"damage":0.0,"enemies":"2 Louse","floor":5.0,"turns":1.0},{"damage":0.0,"enemies":"Gremlin Nob","floor":7.0,"turns":1.0},{"damage":0.0,"enemies":"3 Sentries","floor":11.0,"turns":1.0},{"damage":0.0,"enemies":"The Mushroom Lair","floor":12.0,"turns":1.0},{"damage":0.0,"enemies":"3 Sentries","floor":14.0,"turns":1.0},{"damage":0.0,"enemies":"Hexaghost","floor":16.0,"turns":1.0},{"damage":0.0,"enemies":"2 Thieves","floor":18.0,"turns":1.0},{"damage":0.0,"enemies":"Chosen","floor":19.0,"turns":1.0},{"damage":0.0,"enemies":"Centurion and Healer","floor":20.0,"turns":1.0},{"damage":0.0,"enemies":"Snecko","floor":22.0,"turns":1.0},{"damage":0.0,"enemies":"Gremlin Leader","floor":24.0,"turns":1.0},{"damage":0.0,"enemies":"Cultist and Chosen","floor":27.0,"turns":1.0},{"damage":0.0,"enemies":"Slavers","floor":28.0,"turns":1.0},{"damage":0.0,"enemies":"3 Cultists","floor":29.0,"turns":1.0},{"damage":0.0,"enemies":"Snake Plant","floor":30.0,"turns":1.0},{"damage":0.0,"enemies":"Collector","floor":33.0,"turns":1.0},{"damage":0.0,"enemies":"3 Shapes","floor":35.0,"turns":1.0},{"damage":0.0,"enemies":"Orb Walker","floor":36.0,"turns":1.0},{"damage":0.0,"enemies":"3 Darklings","floor":38.0,"turns":1.0},{"damage":0.0,"enemies":"Reptomancer","floor":40.0,"turns":1.0},{"damage":0.0,"enemies":"Nemesis","floor":42.0,"turns":1.0},{"damage":0,"enemies":"Reptomancer","floor":44,"turns":1},{"damage":0,"enemies":"Sphere and 2 Shapes","floor":45,"turns":2},{"damage":0,"enemies":"Giant Head","floor":48,"turns":3},{"damage":0,"enemies":"Awakened One","floor":50,"turns":2},{"damage":0,"enemies":"Donu and Deca","floor":51,"turns":1},{"damage":0,"enemies":"Shield and Spear","floor":55,"turns":1},{"damage":0,"enemies":"The Heart","floor":56,"turns":4}],"seed_played":"429169180580989218","potions_obtained":[{"floor":11.0,"key":"Energy Potion"},{"floor":16.0,"key":"FearPotion"},{"floor":20.0,"key":"GamblersBrew"},{"floor":28.0,"key":"Explosive Potion"},{"floor":35.0,"key":"Weak Potion"},{"floor":42,"key":"GamblersBrew"},{"floor":48,"key":"Ancient Potion"}],"is_trial":true,"path_per_floor":["M","M","$","?","M","R","E","R","T","R","?","?","R","E","R","B",null,"M","M","M","$","M","R","E","?","T","M","E","M","M","?","R","B",null,"M","M","?","M","?","E","R","E","T","E","M","$","R","E","R","B","B",null,"R","$","E","B",null],"character_chosen":"THE_SILENT","items_purchased":["Tough Bandages","SteroidPotion","OrangePellets","FearPotion"],"campfire_rested":0,"item_purchase_floors":[21,46,54,54],"current_hp_per_floor":[59,59,59,53,53,53,53,53,53,53,55,57,57,59,59,61,71,71,73,75,75,77,77,79,79,79,81,83,85,87,87,87,89,91,93,95,89,91,91,100,100,102,102,104,106,106,106,108,108,108,108,113,113,113,115,115],"gold":42,"neow_bonus":"","is_prod":false,"is_daily":false,"chose_seed":false,"campfire_upgraded":7,"win_rate":0,"timestamp":1559215697,"path_taken":["M","M","?","?","?","R","E","R","T","R","?","?","R","E","R","BOSS","M","M","M","$","M","R","E","?","T","M","E","M","M","?","R","BOSS","M","M","?","M","?","E","R","E","T","E","M","$","R","E","R","BOSS","BOSS","R","$","E","BOSS"],"build_version":"2019-05-28","purchased_purges":2,"victory":true,"max_hp_per_floor":[66,66,66,66,66,66,66,66,66,66,68,70,70,72,72,74,74,74,76,78,78,80,80,82,82,82,84,86,88,90,90,90,92,92,94,96,100,102,97,106,106,108,108,110,112,112,112,114,114,114,114,114,114,114,116,116],"card_choices":[{"not_picked":["Dagger Spray","Cloak And Dagger","Choke"],"picked":"SKIP","floor":1.0},{"not_picked":["Underhanded Strike","Acrobatics"],"picked":"Escape Plan","floor":2.0},{"not_picked":["Choke","Tactician","Dash"],"picked":"SKIP","floor":5.0},{"not_picked":["Deflect","PiercingWail"],"picked":"Prepared","floor":7.0},{"not_picked":["Dagger Spray","Slice","Distraction"],"picked":"Singing Bowl","floor":11.0},{"not_picked":["Noxious Fumes","Bane","Bouncing Flask"],"picked":"Singing Bowl","floor":12.0},{"not_picked":["Dodge and Roll","Flechettes","Crippling Poison"],"picked":"Singing Bowl","floor":14.0},{"not_picked":["Doppelganger","Unload","Caltrops"],"picked":"Singing Bowl","floor":16.0},{"not_picked":["Deadly Poison","Dagger Spray"],"picked":"Footwork+1","floor":18.0},{"not_picked":["Expertise","Dodge and Roll","Blade Dance"],"picked":"Singing Bowl","floor":19.0},{"not_picked":["Concentrate","Dagger Spray","Poisoned Stab"],"picked":"Singing Bowl","floor":20.0},{"not_picked":["Concentrate+1","PiercingWail","Blade Dance"],"picked":"Singing Bowl","floor":22.0},{"not_picked":["Quick Slash","Dodge and Roll","Setup+1"],"picked":"Singing Bowl","floor":24.0},{"not_picked":["Quick Slash","Predator","Acrobatics"],"picked":"Singing Bowl","floor":27.0},{"not_picked":["Bane","Die Die Die","Slice"],"picked":"Singing Bowl","floor":28.0},{"not_picked":["Bouncing Flask","Riddle With Holes","Leg Sweep+1"],"picked":"Singing Bowl","floor":29.0},{"not_picked":["Concentrate","Dagger Throw","Quick Slash"],"picked":"Singing Bowl","floor":30.0},{"not_picked":["Corpse Explosion","Doppelganger","Malaise"],"picked":"Singing Bowl","floor":33.0},{"not_picked":["Infinite Blades","Dodge and Roll","Deflect"],"picked":"Singing Bowl","floor":35.0},{"not_picked":["Dash","Eviscerate","Blade Dance"],"picked":"Singing Bowl","floor":36.0},{"not_picked":["Thinking Ahead","Dramatic Entrance"],"picked":"Purity","floor":37.0},{"not_picked":["Impatience","Enlightenment","Flash of Steel"],"picked":"Singing Bowl","floor":37.0},{"not_picked":["Dark Shackles","Forethought","Apotheosis"],"picked":"Singing Bowl","floor":37.0},{"not_picked":["Accuracy","Backflip+1","Prepared+1"],"picked":"Singing Bowl","floor":38.0},{"not_picked":["Well Laid Plans","Prepared","Acrobatics"],"picked":"Singing Bowl","floor":40.0},{"not_picked":["Calculated Gamble","Quick Slash","Infinite Blades"],"picked":"Singing Bowl","floor":42},{"not_picked":["Blade Dance+1","Dodge and Roll","Footwork"],"picked":"Singing Bowl","floor":44},{"not_picked":["Dagger Throw","Distraction+1","Riddle With Holes"],"picked":"Singing Bowl","floor":45},{"not_picked":["Flechettes","Bouncing Flask+1","Bane+1"],"picked":"Singing Bowl","floor":48},{"not_picked":["Dagger Throw","Calculated Gamble","Footwork"],"picked":"Singing Bowl","floor":55}],"player_experience":3057504,"relics_obtained":[{"floor":7.0,"key":"Mercury Hourglass"},{"floor":9.0,"key":"Singing Bowl"},{"floor":11.0,"key":"Pen Nib"},{"floor":12.0,"key":"Odd Mushroom"},{"floor":14.0,"key":"Ornamental Fan"},{"floor":24.0,"key":"Boot"},{"floor":28.0,"key":"FossilizedHelix"},{"floor":40.0,"key":"Girya"},{"floor":40.0,"key":"Strawberry"},{"floor":42,"key":"Lantern"},{"floor":42,"key":"Ninja Scroll"},{"floor":43,"key":"Nunchaku"},{"floor":44,"key":"Bag of Preparation"},{"floor":44,"key":"Whetstone"},{"floor":48,"key":"MawBank"},{"floor":48,"key":"Art of War"},{"floor":55,"key":"Unceasing Top"},{"floor":55,"key":"Thread and Needle"}],"event_choices":[{"damage_healed":0.0,"max_hp_gain":0.0,"max_hp_loss":0.0,"gold_gain":50.0,"event_name":"FaceTrader","player_choice":"Touch","floor":4.0,"gold_loss":0.0,"damage_taken":6.0},{"damage_healed":0.0,"max_hp_gain":0.0,"max_hp_loss":0.0,"gold_gain":0.0,"event_name":"Dead Adventurer","player_choice":"Searched \u00271\u0027 times","floor":11.0,"gold_loss":0.0,"damage_taken":0.0},{"damage_healed":0.0,"max_hp_gain":0.0,"max_hp_loss":0.0,"gold_gain":0.0,"event_name":"Mushrooms","player_choice":"Fought Mushrooms","floor":12.0,"gold_loss":0.0,"damage_taken":0.0},{"damage_healed":0.0,"max_hp_gain":0.0,"max_hp_loss":0.0,"gold_gain":0.0,"event_name":"Addict","player_choice":"Obtained Relic","floor":25.0,"gold_loss":85.0,"damage_taken":0.0,"relics_obtained":["Paper Crane"]},{"damage_healed":0.0,"max_hp_gain":0.0,"max_hp_loss":0.0,"gold_gain":0.0,"event_name":"The Library","player_choice":"Read","floor":31.0,"gold_loss":0.0,"damage_taken":0.0,"cards_obtained":["Reflex"]},{"damage_healed":0.0,"max_hp_gain":0.0,"max_hp_loss":0.0,"gold_gain":0.0,"event_name":"SensoryStone","player_choice":"Memory 3","floor":37.0,"gold_loss":0.0,"damage_taken":10.0},{"damage_healed":0.0,"max_hp_gain":0.0,"max_hp_loss":5.0,"gold_gain":0.0,"event_name":"Winding Halls","player_choice":"Max HP","floor":39.0,"gold_loss":0.0,"damage_taken":0.0}],"is_beta":true,"boss_relics":[{"not_picked":["Snecko Eye","Tiny House"],"picked":"Astrolabe"},{"not_picked":["Eternal Feather","Coffee Dripper"],"picked":"Black Star"}],"items_purged_floors":[3,46],"is_endless":false,"potions_floor_spawned":[11,16,20,22,24,28,35,40,42,48],"ascension_level":20}