{"gold_per_floor":[116,116,32,48,48,48,73,30,30,49,49,88,114,153,153,227,227,208,112,128,28,43,43,65,65,65,65,65,76,76,126,126,200,221,238,238,84,91,122,156,156,182,182,206,231,81,81,115,115,115,115,115,115,4,38,38],"floor_reached":57,"playtime":1841,"items_purged":["Strike_R","Strike_R","Bash+1","Perfected Strike+1"],"score":3143,"play_id":"bc4cffd0-997c-417c-ad2f-04c5be228a90","local_time":"20190916173439","is_ascension_mode":true,"campfire_choices":[{"data":"Body Slam","floor":6.0,"key":"SMITH"},{"data":"Uppercut","floor":11.0,"key":"SMITH"},{"data":"Armaments","floor":15.0,"key":"SMITH"},{"data":"True Grit","floor":23.0,"key":"SMITH"},{"data":"Immolate","floor":25.0,"key":"SMITH"},{"data":"Dark Embrace","floor":28.0,"key":"SMITH"},{"data":"Barricade","floor":30.0,"key":"SMITH"},{"data":"Feel No Pain","floor":32.0,"key":"SMITH"},{"data":"Feel No Pain","floor":41.0,"key":"SMITH"},{"floor":49.0,"key":"RECALL"},{"floor":53,"key":"REST"}],"neow_cost":"NONE","seed_source_timestamp":516547579359536,"circlet_count":0,"master_deck":["AscendersBane","Defend_R","Defend_R","Defend_R","Defend_R","Evolve","Feel No Pain+1","Body Slam+1","Uppercut+1","Armaments+1","Dark Embrace+1","Barricade+1","Fire Breathing","True Grit+1","Immolate+1","Offering+1","Shockwave+1","Feel No Pain+1","Impervious","Feel No Pain+1","Warcry+1","Feel No Pain","Second Wind","Entrench"],"special_seed":0,"relics":["Burning Blood","NeowsBlessing","Incense Burner","Strawberry","Gambling Chip","Whetstone","CeramicFish","StoneCalendar","Runic Pyramid","MealTicket","Astrolabe","Prayer Wheel","Lantern","Kunai","Juzu Bracelet","Dodecahedron","Vajra"],"potions_floor_usage":[56,56],"damage_taken":[{"damage":3.0,"enemies":"Small Slimes","floor":1.0,"turns":2.0},{"damage":0.0,"enemies":"Cultist","floor":4.0,"turns":1.0},{"damage":0.0,"enemies":"3 Sentries","floor":7.0,"turns":2.0},{"damage":5.0,"enemies":"Jaw Worm","floor":10.0,"turns":4.0},{"damage":24.0,"enemies":"Gremlin Nob","floor":12.0,"turns":4.0},{"damage":6.0,"enemies":"Looter","floor":13.0,"turns":3.0},{"damage":16.0,"enemies":"Lagavulin","floor":14.0,"turns":7.0},{"damage":13.0,"enemies":"The Guardian","floor":16.0,"turns":13.0},{"damage":2.0,"enemies":"2 Thieves","floor":18.0,"turns":4.0},{"damage":0.0,"enemies":"Chosen","floor":20.0,"turns":7.0},{"damage":26.0,"enemies":"Centurion and Healer","floor":22.0,"turns":7.0},{"damage":27.0,"enemies":"3 Cultists","floor":24.0,"turns":6.0},{"damage":20.0,"enemies":"Chosen and Byrds","floor":29.0,"turns":6.0},{"damage":0.0,"enemies":"Automaton","floor":33.0,"turns":7.0},{"damage":13.0,"enemies":"3 Darklings","floor":35.0,"turns":6.0},{"damage":1.0,"enemies":"Orb Walker","floor":39.0,"turns":4.0},{"damage":20.0,"enemies":"Nemesis","floor":40.0,"turns":7.0},{"damage":5.0,"enemies":"Giant Head","floor":42.0,"turns":8.0},{"damage":13.0,"enemies":"Writhing Mass","floor":44.0,"turns":7.0},{"damage":28.0,"enemies":"Reptomancer","floor":45.0,"turns":6.0},{"damage":1.0,"enemies":"Giant Head","floor":48.0,"turns":6.0},{"damage":6.0,"enemies":"Time Eater","floor":50.0,"turns":6.0},{"damage":62,"enemies":"Awakened One","floor":51,"turns":7},{"damage":6,"enemies":"Shield and Spear","floor":55,"turns":5},{"damage":11,"enemies":"The Heart","floor":56,"turns":9}],"seed_played":"8968268462529268978","potions_obtained":[{"floor":1.0,"key":"PowerPotion"},{"floor":4.0,"key":"Fire Potion"},{"floor":16.0,"key":"PowerPotion"},{"floor":29.0,"key":"Fruit Juice"},{"floor":33.0,"key":"SpeedPotion"},{"floor":39.0,"key":"FearPotion"},{"floor":45.0,"key":"Explosive Potion"}],"is_trial":false,"path_per_floor":["M","?","$","M","?","R","E","$","T","M","R","E","M","E","R","B",null,"M","$","M","$","M","R","M","R","T","?","R","M","R","?","R","B",null,"M","?","$","?","M","E","R","E","T","M","E","$","?","E","R","B","B",null,"R","$","E","B",null],"character_chosen":"IRONCLAD","items_purchased":["Feel No Pain","Uppercut","True Grit","Feel No Pain","Block Potion","Dexterity Potion"],"campfire_rested":1,"item_purchase_floors":[3,8,19,37,54,54],"current_hp_per_floor":[71,71,71,75,47,47,53,53,53,54,54,36,36,26,26,19,66,70,70,76,76,56,56,35,35,35,35,35,21,21,21,21,27,68,61,61,76,76,81,67,67,68,68,61,44,59,59,64,64,64,8,64,83,83,83,78],"gold":38,"neow_bonus":"THREE_ENEMY_KILL","is_prod":false,"is_daily":false,"chose_seed":false,"campfire_upgraded":9,"win_rate":0,"timestamp":1568626479,"path_taken":["M","?","$","?","?","R","E","?","T","M","R","E","M","E","R","BOSS","M","$","M","$","M","R","M","R","T","?","R","M","R","?","R","BOSS","M","?","?","?","?","E","R","E","T","M","E","$","?","E","R","BOSS","BOSS","R","$","E","BOSS"],"build_version":"2019-09-12","purchased_purges":4,"victory":true,"max_hp_per_floor":[75,75,75,75,82,82,82,82,82,82,82,82,82,82,82,82,82,82,82,82,82,82,82,82,82,82,82,82,82,82,82,82,82,82,82,82,82,82,82,82,82,82,82,82,87,87,83,83,83,83,83,83,83,83,83,83],"card_choices":[{"not_picked":["Heavy Blade","Sword Boomerang"],"picked":"Evolve","floor":1.0},{"not_picked":["Havoc","Pommel Strike"],"picked":"Body Slam","floor":4.0},{"not_picked":["Flex","Twin Strike","Headbutt"],"picked":"SKIP","floor":7.0},{"not_picked":["Pommel Strike","Sentinel","Cleave"],"picked":"SKIP","floor":10.0},{"not_picked":["Spot Weakness","Heavy Blade"],"picked":"Armaments","floor":12.0},{"not_picked":["Bloodletting","Perfected Strike"],"picked":"Dark Embrace","floor":13.0},{"not_picked":["Iron Wave","Second Wind"],"picked":"Barricade","floor":14.0},{"not_picked":["Armaments","Wild Strike"],"picked":"Fire Breathing","floor":18.0},{"not_picked":["Body Slam","Sword Boomerang","Wild Strike"],"picked":"SKIP","floor":20.0},{"not_picked":["Warcry","Clash","Thunderclap"],"picked":"SKIP","floor":22.0},{"not_picked":["Headbutt+1","Pummel"],"picked":"Immolate","floor":24.0},{"not_picked":["Metallicize","Pommel Strike","Havoc"],"picked":"SKIP","floor":29.0},{"not_picked":["Pommel Strike","Perfected Strike","Rupture"],"picked":"SKIP","floor":35.0},{"not_picked":["True Grit","Shrug It Off"],"picked":"Feel No Pain+1","floor":39.0},{"not_picked":["Clash","Hemokinesis+1"],"picked":"Warcry+1","floor":39.0},{"not_picked":["Shockwave+1","Iron Wave"],"picked":"Feel No Pain","floor":40.0},{"not_picked":["Warcry","Flex","Reaper"],"picked":"SKIP","floor":42.0},{"not_picked":["Cleave+1","Headbutt"],"picked":"Second Wind","floor":44.0},{"not_picked":["Clash","Pommel Strike","Anger"],"picked":"SKIP","floor":44.0},{"not_picked":["Inflame+1","Hemokinesis","Combust"],"picked":"SKIP","floor":45.0},{"not_picked":["Hemokinesis","Havoc","Pommel Strike"],"picked":"SKIP","floor":48.0},{"not_picked":["Headbutt","Iron Wave"],"picked":"Entrench","floor":55}],"player_experience":800952,"relics_obtained":[{"floor":2.0,"key":"Incense Burner"},{"floor":7.0,"key":"Gambling Chip"},{"floor":9.0,"key":"Whetstone"},{"floor":12.0,"key":"CeramicFish"},{"floor":14.0,"key":"StoneCalendar"},{"floor":26.0,"key":"MealTicket"},{"floor":40.0,"key":"Lantern"},{"floor":42.0,"key":"Kunai"},{"floor":45.0,"key":"Juzu Bracelet"},{"floor":48.0,"key":"Dodecahedron"},{"floor":55,"key":"Vajra"}],"event_choices":[{"damage_healed":0.0,"max_hp_gain":0.0,"max_hp_loss":0.0,"gold_gain":0.0,"event_name":"Wheel of Change","player_choice":"Relic","floor":2.0,"gold_loss":0.0,"damage_taken":0.0},{"damage_healed":0.0,"max_hp_gain":0.0,"max_hp_loss":0.0,"gold_gain":0.0,"event_name":"Scrap Ooze","player_choice":"Success","floor":5.0,"gold_loss":0.0,"damage_taken":35.0,"relics_obtained":["Strawberry"]},{"damage_healed":0.0,"max_hp_gain":0.0,"max_hp_loss":0.0,"gold_gain":0.0,"event_name":"The Mausoleum","player_choice":"Ignored","floor":27.0,"gold_loss":0.0,"damage_taken":0.0},{"damage_healed":0.0,"max_hp_gain":0.0,"max_hp_loss":0.0,"gold_gain":50.0,"event_name":"Nest","player_choice":"Stole From Cult","floor":31.0,"gold_loss":0.0,"damage_taken":0.0},{"damage_healed":0.0,"max_hp_gain":0.0,"max_hp_loss":0.0,"gold_gain":0.0,"event_name":"WeMeetAgain","player_choice":"Gave Potion","floor":36.0,"gold_loss":0.0,"damage_taken":0.0,"relics_obtained":["Prayer Wheel"]},{"damage_healed":0.0,"max_hp_gain":0.0,"max_hp_loss":0.0,"gold_gain":0.0,"event_name":"Match and Keep!","player_choice":"1 cards matched","floor":38.0,"gold_loss":0.0,"damage_taken":0.0,"cards_obtained":["Impervious"]},{"damage_healed":0.0,"max_hp_gain":0.0,"max_hp_loss":4.0,"gold_gain":0.0,"event_name":"Winding Halls","player_choice":"Max HP","floor":47.0,"gold_loss":0.0,"damage_taken":0.0}],"is_beta":true,"boss_relics":[{"not_picked":["Mark of Pain","Empty Cage"],"picked":"Runic Pyramid"},{"not_picked":["Sozu","Runic Dome"],"picked":"Astrolabe"}],"items_purged_floors":[19,21,37,46],"is_endless":false,"potions_floor_spawned":[1,4,16,29,33,39,42,45],"ascension_level":20}