{"gold_per_floor":[109,109,109,2,13,13,46,56,56,56,85,96,109,136,136,210,210,227,238,238,238,1,29,29,56,56,56,89,113,25,56,56,135,135,135],"floor_reached":35,"playtime":1396,"items_purged":["Wild Strike","Inflame"],"score":1352,"play_id":"2a74964e-4e9e-4158-afbb-94d039b81cb0","local_time":"20190917145335","daily_mods":["SealedDeck"],"is_ascension_mode":true,"campfire_choices":[{"data":"Body Slam","floor":6.0,"key":"SMITH"},{"data":"Evolve","floor":10.0,"key":"SMITH"},{"data":"Burning Pact","floor":15.0,"key":"SMITH"},{"data":"Impatience","floor":24,"key":"SMITH"},{"floor":32,"key":"RECALL"}],"neow_cost":"","seed_source_timestamp":0,"circlet_count":0,"master_deck":["AscendersBane","Rage","Ghostly Armor","Fire Breathing","True Grit+1","Armaments+1","Body Slam+1","Power Through+1","Evolve+1","Feel No Pain","Impatience+1","Burning Pact+1"],"special_seed":0,"relics":["Burning Blood","Prayer Wheel","Potion Belt","Singing Bowl","Runic Pyramid","MutagenicStrength","PrismaticShard","Bag of Preparation","Akabeko","White Beast Statue","MawBank","Frozen Egg 2","Runic Dome"],"potions_floor_usage":[23,28],"damage_taken":[{"damage":2.0,"enemies":"2 Louse","floor":1.0,"turns":3.0},{"damage":0.0,"enemies":"Jaw Worm","floor":5.0,"turns":3.0},{"damage":10.0,"enemies":"Gremlin Nob","floor":7.0,"turns":4.0},{"damage":6.0,"enemies":"Cultist","floor":8.0,"turns":4.0},{"damage":0.0,"enemies":"Lagavulin","floor":11.0,"turns":4.0},{"damage":1.0,"enemies":"3 Louse","floor":12.0,"turns":4.0},{"damage":0.0,"enemies":"2 Fungi Beasts","floor":13.0,"turns":3.0},{"damage":0.0,"enemies":"Gremlin Nob","floor":14.0,"turns":3.0},{"damage":0.0,"enemies":"Slime Boss","floor":16.0,"turns":7.0},{"damage":0.0,"enemies":"Spheric Guardian","floor":18.0,"turns":3.0},{"damage":0.0,"enemies":"Chosen","floor":19.0,"turns":4.0},{"damage":23,"enemies":"Gremlin Leader","floor":23,"turns":3},{"damage":18,"enemies":"Slavers","floor":25,"turns":4},{"damage":0,"enemies":"Gremlin Leader","floor":28,"turns":2},{"damage":0,"enemies":"Centurion and Healer","floor":29,"turns":3},{"damage":7,"enemies":"Slavers","floor":31,"turns":3},{"damage":0,"enemies":"Collector","floor":33,"turns":4},{"damage":0,"enemies":"Orb Walker","floor":35,"turns":1}],"seed_played":"4508540694657562307","potions_obtained":[{"floor":1.0,"key":"PowerPotion"},{"floor":11.0,"key":"Fire Potion"},{"floor":13.0,"key":"SteroidPotion"},{"floor":14.0,"key":"Fruit Juice"},{"floor":19.0,"key":"Dexterity Potion"},{"floor":25,"key":"FearPotion"},{"floor":27,"key":"Explosive Potion"},{"floor":27,"key":"GamblersBrew"},{"floor":28,"key":"Weak Potion"},{"floor":29,"key":"SkillPotion"},{"floor":31,"key":"Dexterity Potion"}],"is_trial":true,"path_per_floor":["M","?","?","$","M","R","E","M","T","R","E","M","M","E","R","B",null,"M","M","?","?","$","E","R","E","T","?","E","M","$","E","R","B",null,"M"],"character_chosen":"IRONCLAD","items_purchased":["Impatience","PrismaticShard"],"campfire_rested":0,"item_purchase_floors":[4,22],"current_hp_per_floor":[72,49,49,49,55,55,51,51,51,51,57,62,68,81,81,84,84,88,92,65,65,65,50,50,40,40,40,48,58,58,59,59,67,100,100],"gold":135,"neow_bonus":"","is_prod":false,"is_daily":false,"chose_seed":false,"campfire_upgraded":4,"win_rate":0,"timestamp":1568703215,"path_taken":["M","?","?","$","M","R","E","M","T","R","E","?","M","E","R","BOSS","M","M","?","?","$","E","R","E","T","?","E","M","$","E","R","BOSS","M"],"build_version":"2019-09-16","purchased_purges":2,"victory":false,"max_hp_per_floor":[75,75,75,75,75,75,75,75,75,75,75,75,75,82,82,84,84,88,92,97,97,97,99,99,101,101,101,103,107,107,109,109,111,111,111],"card_choices":[{"not_picked":["Flex","Headbutt"],"picked":"Feel No Pain","floor":1.0},{"not_picked":["Shrug It Off","Warcry","True Grit"],"picked":"SKIP","floor":5.0},{"not_picked":["Flex","Wild Strike","Feed"],"picked":"SKIP","floor":7.0},{"not_picked":["Pommel Strike","Shockwave"],"picked":"Burning Pact","floor":8.0},{"not_picked":["Warcry","Pommel Strike","Flame Barrier"],"picked":"SKIP","floor":8.0},{"not_picked":["Fiend Fire","Wild Strike","Twin Strike"],"picked":"SKIP","floor":11.0},{"not_picked":["Sword Boomerang","Rupture","Armaments"],"picked":"SKIP","floor":12.0},{"not_picked":["Bloodletting","Sword Boomerang","Offering"],"picked":"SKIP","floor":12.0},{"not_picked":["Wild Strike","Havoc","Body Slam"],"picked":"SKIP","floor":13.0},{"not_picked":["Cleave","Armaments","Sword Boomerang"],"picked":"SKIP","floor":13.0},{"not_picked":["Cleave","Flex","Immolate"],"picked":"Singing Bowl","floor":14.0},{"not_picked":["Feed","Demon Form","Impervious"],"picked":"Singing Bowl","floor":16.0},{"not_picked":["Armaments","Shrug It Off","Wild Strike"],"picked":"Singing Bowl","floor":18.0},{"not_picked":["True Grit","Warcry","Heavy Blade"],"picked":"Singing Bowl","floor":18.0},{"not_picked":["Clothesline","Cleave","Ghostly Armor"],"picked":"Singing Bowl","floor":19.0},{"not_picked":["Sentinel","Iron Wave","Perfected Strike+1"],"picked":"Singing Bowl","floor":19.0},{"not_picked":["Armaments","Expertise","Compile Driver"],"picked":"Singing Bowl","floor":23},{"not_picked":["Blizzard","Collect+1","All Out Attack"],"picked":"Singing Bowl","floor":25},{"not_picked":["Unload","FollowUp","Hello World"],"picked":"Singing Bowl","floor":28},{"not_picked":["Streamline","Leap","Rage+1"],"picked":"Singing Bowl","floor":29},{"not_picked":["Iron Wave","FlyingSleeves","Consecrate"],"picked":"Singing Bowl","floor":29},{"not_picked":["Flying Knee","Glacier","FlowState"],"picked":"Singing Bowl","floor":31},{"not_picked":["BattleHymn+1","Sadistic Nature+1","Unraveling"],"picked":"Singing Bowl","floor":33}],"player_experience":3309246,"relics_obtained":[{"floor":7.0,"key":"Prayer Wheel"},{"floor":11.0,"key":"Potion Belt"},{"floor":14.0,"key":"Singing Bowl"},{"floor":23,"key":"Bag of Preparation"},{"floor":25,"key":"Akabeko"},{"floor":26,"key":"White Beast Statue"},{"floor":28,"key":"MawBank"},{"floor":31,"key":"Frozen Egg 2"}],"event_choices":[{"damage_healed":0.0,"max_hp_gain":0.0,"max_hp_loss":0.0,"gold_gain":0.0,"event_name":"Shining Light","player_choice":"Entered Light","floor":2.0,"gold_loss":0.0,"damage_taken":23.0,"cards_upgraded":["Power Through","True Grit"]},{"damage_healed":0.0,"max_hp_gain":0.0,"max_hp_loss":0.0,"gold_gain":0.0,"event_name":"Upgrade Shrine","player_choice":"Upgraded","floor":3.0,"gold_loss":0.0,"damage_taken":0.0,"cards_upgraded":["Armaments"]},{"damage_healed":0.0,"max_hp_gain":5.0,"max_hp_loss":0.0,"gold_gain":0.0,"event_name":"Forgotten Altar","player_choice":"Shed Blood","floor":20.0,"gold_loss":0.0,"damage_taken":32.0},{"damage_healed":0.0,"max_hp_gain":0.0,"max_hp_loss":0.0,"gold_gain":0.0,"event_name":"Drug Dealer","player_choice":"Inject Mutagens","floor":21.0,"gold_loss":0.0,"damage_taken":0.0,"relics_obtained":["MutagenicStrength"]},{"damage_healed":0,"gold_gain":0,"player_choice":"Got Potions","damage_taken":0,"max_hp_gain":0,"max_hp_loss":0,"event_name":"Lab","floor":27,"gold_loss":0}],"is_beta":true,"boss_relics":[{"not_picked":["Astrolabe","Tiny House"],"picked":"Runic Pyramid"},{"not_picked":["Fusion Hammer","Cursed Key"],"picked":"Runic Dome"}],"items_purged_floors":[22,30],"is_endless":false,"potions_floor_spawned":[1,11,13,14,19,25,28,29,31,33],"killed_by":"Orb Walker","ascension_level":20}