{"gold_per_floor":[365,53,68,68,86,114,114,130,182,192,66,66,76,91,91,169,169,189,201,146,21,38,38,65,77,89,134,166,195,239,251,263,352,414,437,449,461,488,240,270,299,314,394,426,426,459,492,505,505,505,505,505,505,175,206,206],"floor_reached":57,"playtime":2601,"items_purged":["Strike_G","Strike_G","Eviscerate+1","Decay","Defend_G"],"score":3749,"play_id":"a7e71bb2-bffe-4e3a-be10-992b4c035632","local_time":"20190823220948","is_ascension_mode":true,"campfire_choices":[{"data":"Acrobatics","floor":7.0,"key":"SMITH"},{"data":"Calculated Gamble","floor":12.0,"key":"SMITH"},{"data":"Tactician","floor":15.0,"key":"SMITH"},{"data":"Acrobatics","floor":23.0,"key":"SMITH"},{"data":"Reflex","floor":25.0,"key":"SMITH"},{"data":"Prepared","floor":32,"key":"SMITH"},{"floor":49,"key":"RECALL"},{"data":"Well Laid Plans","floor":53,"key":"SMITH"}],"neow_cost":"TEN_PERCENT_HP_LOSS","seed_source_timestamp":0,"circlet_count":0,"master_deck":["AscendersBane","Defend_G","Defend_G","Defend_G","Defend_G+1","Survivor","Neutralize","Grand Finale+1","Acrobatics+1","Tactician+1","Calculated Gamble+1","Acrobatics+1","Catalyst+1","Well Laid Plans+1","Backflip+1","Reflex+1","Acrobatics+1","Prepared+1","Calculated Gamble+1","Concentrate+1"],"special_seed":0,"relics":["Ring of the Snake","Question Card","Whetstone","Astrolabe","Tiny Chest","MawBank","Potion Belt","War Paint","Tiny House","Smiling Mask","DollysMirror","WingedGreaves","Anchor","Pear","Happy Flower","Gambling Chip","StoneCalendar","Cauldron","Blue Candle"],"potions_floor_usage":[33,50,56,56,56,56],"damage_taken":[{"damage":6.0,"enemies":"Cultist","floor":1.0,"turns":6.0},{"damage":1.0,"enemies":"2 Louse","floor":3.0,"turns":4.0},{"damage":7.0,"enemies":"Jaw Worm","floor":5.0,"turns":4.0},{"damage":27.0,"enemies":"Lagavulin","floor":6.0,"turns":6.0},{"damage":4.0,"enemies":"Exordium Thugs","floor":8.0,"turns":11.0},{"damage":0.0,"enemies":"2 Fungi Beasts","floor":10.0,"turns":5.0},{"damage":0.0,"enemies":"Large Slime","floor":13.0,"turns":1.0},{"damage":0.0,"enemies":"Exordium Wildlife","floor":14.0,"turns":1.0},{"damage":0.0,"enemies":"Slime Boss","floor":16.0,"turns":2.0},{"damage":1.0,"enemies":"2 Thieves","floor":18.0,"turns":2.0},{"damage":7.0,"enemies":"Chosen","floor":19.0,"turns":5.0},{"damage":7.0,"enemies":"Shelled Parasite and Fungi","floor":22.0,"turns":2.0},{"damage":19.0,"enemies":"Slavers","floor":24.0,"turns":2.0},{"damage":2,"enemies":"Gremlin Leader","floor":27,"turns":3},{"damage":2,"enemies":"Chosen and Byrds","floor":28,"turns":5},{"damage":0,"enemies":"Snake Plant","floor":29,"turns":2},{"damage":0,"enemies":"Slavers","floor":30,"turns":1},{"damage":0,"enemies":"Automaton","floor":33,"turns":3},{"damage":0,"enemies":"3 Shapes","floor":35,"turns":1},{"damage":0,"enemies":"Orb Walker","floor":38,"turns":2},{"damage":0,"enemies":"Nemesis","floor":40,"turns":1},{"damage":0,"enemies":"Reptomancer","floor":41,"turns":1},{"damage":0,"enemies":"4 Shapes","floor":42,"turns":1},{"damage":0,"enemies":"Giant Head","floor":44,"turns":1},{"damage":0,"enemies":"Reptomancer","floor":46,"turns":1},{"damage":0,"enemies":"Giant Head","floor":47,"turns":1},{"damage":0,"enemies":"Spire Growth","floor":48,"turns":1},{"damage":50,"enemies":"Time Eater","floor":50,"turns":8},{"damage":0,"enemies":"Donu and Deca","floor":51,"turns":1},{"damage":0,"enemies":"Shield and Spear","floor":55,"turns":1},{"damage":24,"enemies":"The Heart","floor":56,"turns":5}],"seed_played":"8615314067382702104","potions_obtained":[{"floor":1.0,"key":"SneckoOil"},{"floor":6.0,"key":"Fire Potion"},{"floor":8.0,"key":"EssenceOfSteel"},{"floor":14.0,"key":"Swift Potion"},{"floor":18.0,"key":"Regen Potion"},{"floor":19.0,"key":"Strength Potion"},{"floor":28,"key":"GhostInAJar"},{"floor":30,"key":"Energy Potion"},{"floor":34,"key":"EssenceOfSteel"},{"floor":40,"key":"EssenceOfSteel"},{"floor":54,"key":"AttackPotion"},{"floor":54,"key":"GhostInAJar"}],"is_trial":false,"path_per_floor":["M","$","M","?","M","E","R","M","T","M","$","R","M","M","R","B",null,"M","M","?","$","M","R","E","R","T","E","M","M","E","?","R","B",null,"M","?","T","M","$","E","E","M","T","E","?","E","E","M","R","B","B",null,"R","$","E","B",null],"character_chosen":"THE_SILENT","items_purchased":["Grand Finale","GamblersBrew","Acrobatics","DollysMirror","SkillPotion","Cauldron"],"campfire_rested":0,"item_purchase_floors":[2,2,11,39,54,54],"current_hp_per_floor":[53,53,52,52,45,18,18,14,14,14,14,14,14,14,14,14,49,48,41,41,41,34,34,20,20,20,18,16,16,16,16,16,16,54,54,54,54,54,54,54,54,54,64,64,69,69,69,69,69,19,19,59,59,59,59,35],"gold":206,"neow_bonus":"TWO_FIFTY_GOLD","is_prod":false,"is_daily":false,"chose_seed":false,"campfire_upgraded":7,"win_rate":0,"timestamp":1566565788,"path_taken":["M","$","M","?","M","E","R","M","T","M","$","R","M","?","R","BOSS","M","?","?","?","?","R","E","R","T","E","M","M","E","?","R","BOSS","M","?","?","M","$","E","E","M","T","E","?","E","E","M","R","BOSS","BOSS","R","$","E","BOSS"],"build_version":"2019-07-17","purchased_purges":5,"victory":true,"max_hp_per_floor":[60,60,60,60,60,60,60,60,60,60,60,60,60,60,60,60,60,60,60,60,60,60,60,60,60,60,60,60,60,60,60,60,60,65,65,62,62,62,62,62,62,62,72,72,72,72,72,72,72,72,72,72,72,72,72,72],"card_choices":[{"not_picked":["Masterful Stab","Quick Slash","Eviscerate"],"picked":"SKIP","floor":1.0},{"not_picked":["Masterful Stab","Quick Slash","Eviscerate"],"picked":"SKIP","floor":1.0},{"not_picked":["Eviscerate","Deflect"],"picked":"Acrobatics","floor":3.0},{"not_picked":["Catalyst","Leg Sweep","Underhanded Strike"],"picked":"SKIP","floor":5.0},{"not_picked":["Bane","Concentrate","Accuracy"],"picked":"SKIP","floor":6.0},{"not_picked":["Catalyst","Dagger Throw","Slice"],"picked":"Tactician","floor":8.0},{"not_picked":["Heel Hook","Flying Knee","Dagger Spray"],"picked":"Calculated Gamble","floor":10.0},{"not_picked":["Heel Hook","Dagger Spray","Blur","Distraction"],"picked":"SKIP","floor":13.0},{"not_picked":["Bane","Flying Knee","Dagger Throw","Poisoned Stab"],"picked":"SKIP","floor":14.0},{"not_picked":["Acrobatics","Riddle With Holes","Flying Knee","Outmaneuver+1"],"picked":"SKIP","floor":18.0},{"not_picked":["Quick Slash","Dagger Throw","Backstab"],"picked":"Well Laid Plans","floor":19.0},{"not_picked":["Accuracy","Flying Knee","Deflect"],"picked":"Backflip","floor":22.0},{"not_picked":["Dagger Spray+1","Dodge and Roll+1","Distraction"],"picked":"Reflex","floor":24.0},{"not_picked":["Tactician","Calculated Gamble","Predator"],"picked":"Acrobatics","floor":27},{"not_picked":["After Image","Bane+1","Poisoned Stab","Predator"],"picked":"SKIP","floor":28},{"not_picked":["Deadly Poison","Acrobatics+1","Backflip"],"picked":"Prepared","floor":29},{"not_picked":["Dagger Spray","Malaise","Backstab","Acrobatics"],"picked":"SKIP","floor":30},{"not_picked":["Accuracy+1","Skewer","Flying Knee","Cloak And Dagger"],"picked":"SKIP","floor":35},{"not_picked":["Calculated Gamble","Cloak And Dagger+1","Crippling Poison","Blade Dance"],"picked":"SKIP","floor":38},{"not_picked":["Poisoned Stab","Acrobatics","All Out Attack+1","Heel Hook"],"picked":"SKIP","floor":40},{"not_picked":["Eviscerate+1","Calculated Gamble","Cloak And Dagger","Concentrate+1"],"picked":"SKIP","floor":41},{"not_picked":["Eviscerate+1","Calculated Gamble","Cloak And Dagger"],"picked":"Concentrate+1","floor":41},{"not_picked":["Eviscerate","Outmaneuver+1","Poisoned Stab","Footwork"],"picked":"SKIP","floor":42},{"not_picked":["Leg Sweep","Caltrops","Flechettes","Bouncing Flask"],"picked":"SKIP","floor":44},{"not_picked":["Deadly Poison+1","Noxious Fumes","Terror","Envenom"],"picked":"SKIP","floor":46},{"not_picked":["Poisoned Stab","Deadly Poison","Dagger Spray","Sucker Punch"],"picked":"SKIP","floor":47},{"not_picked":["Well Laid Plans","Deflect+1","Quick Slash","Choke"],"picked":"SKIP","floor":48},{"not_picked":["Dagger Throw+1","Blade Dance","Accuracy","Poisoned Stab"],"picked":"SKIP","floor":55}],"player_experience":976405,"relics_obtained":[{"floor":6.0,"key":"Question Card"},{"floor":9.0,"key":"Whetstone"},{"floor":24.0,"key":"MawBank"},{"floor":27,"key":"Potion Belt"},{"floor":30,"key":"War Paint"},{"floor":37,"key":"Smiling Mask"},{"floor":40,"key":"WingedGreaves"},{"floor":41,"key":"Anchor"},{"floor":43,"key":"Pear"},{"floor":44,"key":"Happy Flower"},{"floor":46,"key":"Gambling Chip"},{"floor":47,"key":"StoneCalendar"},{"floor":55,"key":"Blue Candle"}],"event_choices":[{"damage_healed":0.0,"max_hp_gain":0.0,"max_hp_loss":0.0,"gold_gain":0.0,"event_name":"Match and Keep!","player_choice":"0 cards matched","floor":4.0,"gold_loss":0.0,"damage_taken":0.0,"cards_obtained":[]},{"damage_healed":0.0,"max_hp_gain":0.0,"max_hp_loss":0.0,"gold_gain":0.0,"event_name":"Addict","player_choice":"Obtained Relic","floor":20.0,"gold_loss":85.0,"damage_taken":0.0,"relics_obtained":["Tiny Chest"]},{"damage_healed":0,"gold_gain":0,"player_choice":"Smashed Altar","damage_taken":0,"max_hp_gain":0,"max_hp_loss":0,"event_name":"Forgotten Altar","floor":31,"gold_loss":0,"cards_obtained":["Decay"]},{"damage_healed":0,"gold_gain":0,"player_choice":"Max HP","damage_taken":0,"max_hp_gain":0,"max_hp_loss":3,"event_name":"Winding Halls","floor":36,"gold_loss":0},{"cards_removed":["Quick Slash"],"damage_healed":5,"gold_gain":0,"player_choice":"Offered Common","damage_taken":0,"max_hp_gain":0,"max_hp_loss":0,"event_name":"Bonfire Elementals","floor":45,"gold_loss":0},{"cards_removed":["Quick Slash"],"damage_healed":5,"gold_gain":0,"player_choice":"Offered Special","damage_taken":0,"max_hp_gain":0,"max_hp_loss":0,"event_name":"Bonfire Elementals","floor":45,"gold_loss":0}],"is_beta":false,"boss_relics":[{"not_picked":["HoveringKite","White Beast Statue"],"picked":"Astrolabe"},{"not_picked":["Lizard Tail","Philosopher\u0027s Stone"],"picked":"Tiny House"}],"items_purged_floors":[2,11,21,39,54],"is_endless":false,"potions_floor_spawned":[1,5,6,8,14,18,19,28,30,40,42,44,48],"ascension_level":20}