{"gold_per_floor":[119,44,44,44,64,95,112,112,112,132,164,164,187,203,203,281,281,298,298,348,273,17,17,50,66,66,83,110,110,128,138,138,214,214,228,153,153,53,108,139,139,164,218,218,234,159,172,205,205,205,205,205,205,37,65,65],"floor_reached":57,"playtime":3113,"items_purged":["Finisher","Dash+1"],"score":3197,"play_id":"47f31519-71bc-464f-9328-66665a93eb7d","local_time":"20190912232909","is_ascension_mode":true,"campfire_choices":[{"data":"Noxious Fumes","floor":8.0,"key":"SMITH"},{"data":"Calculated Gamble","floor":12.0,"key":"SMITH"},{"data":"Neutralize","floor":15.0,"key":"SMITH"},{"data":"Tactician","floor":32.0,"key":"SMITH"},{"data":"Backflip","floor":41.0,"key":"SMITH"},{"floor":44.0,"key":"RECALL"},{"floor":49.0,"key":"REST"},{"floor":53.0,"key":"REST"}],"neow_cost":"NONE","seed_source_timestamp":46475289719308,"circlet_count":0,"master_deck":["AscendersBane","Survivor+1","Neutralize+1","Calculated Gamble+1","Burst+1","Heel Hook+1","PiercingWail+1","Wraith Form v2+1","Wraith Form v2+1","After Image+1","PiercingWail+1","Blade Dance+1","Tactician+1","Acrobatics+1","Backflip+1","Footwork","Blur"],"special_seed":0,"relics":["Ring of the Snake","NeowsBlessing","HornCleat","Shuriken","Ancient Tea Set","Odd Mushroom","Pandora\u0027s Box","Nilry\u0027s Codex","ClockworkSouvenir","Blood Vial","Lantern","Ornamental Fan","Runic Dome","Mark of the Bloom","Bird Faced Urn","Gambling Chip","Blue Candle","Potion Belt","Orrery","Orichalcum"],"potions_floor_usage":[],"damage_taken":[{"damage":0.0,"enemies":"Jaw Worm","floor":1.0,"turns":1.0},{"damage":0.0,"enemies":"2 Louse","floor":5.0,"turns":1.0},{"damage":0.0,"enemies":"Lagavulin","floor":6.0,"turns":1.0},{"damage":1.0,"enemies":"Cultist","floor":7.0,"turns":4.0},{"damage":3.0,"enemies":"Large Slime","floor":10.0,"turns":7.0},{"damage":14.0,"enemies":"Gremlin Nob","floor":11.0,"turns":4.0},{"damage":9.0,"enemies":"The Mushroom Lair","floor":13.0,"turns":5.0},{"damage":0.0,"enemies":"Blue Slaver","floor":14.0,"turns":4.0},{"damage":29.0,"enemies":"Hexaghost","floor":16.0,"turns":10.0},{"damage":1.0,"enemies":"Spheric Guardian","floor":18.0,"turns":6.0},{"damage":0.0,"enemies":"Slavers","floor":24.0,"turns":2.0},{"damage":1.0,"enemies":"Chosen","floor":25.0,"turns":6.0},{"damage":2.0,"enemies":"Centurion and Healer","floor":27.0,"turns":9.0},{"damage":2.0,"enemies":"Gremlin Leader","floor":28.0,"turns":6.0},{"damage":0.0,"enemies":"Snake Plant","floor":30.0,"turns":7.0},{"damage":0.0,"enemies":"Cultist and Chosen","floor":31.0,"turns":6.0},{"damage":25.0,"enemies":"Automaton","floor":33.0,"turns":14.0},{"damage":2.0,"enemies":"3 Darklings","floor":35.0,"turns":4.0},{"damage":1.0,"enemies":"2 Orb Walkers","floor":39.0,"turns":6.0},{"damage":0.0,"enemies":"Giant Head","floor":40.0,"turns":3.0},{"damage":0.0,"enemies":"Reptomancer","floor":42.0,"turns":2.0},{"damage":0.0,"enemies":"3 Shapes","floor":45.0,"turns":1.0},{"damage":0.0,"enemies":"3 Darklings","floor":47.0,"turns":3.0},{"damage":0.0,"enemies":"Nemesis","floor":48.0,"turns":1.0},{"damage":0.0,"enemies":"Donu and Deca","floor":50.0,"turns":3.0},{"damage":27.0,"enemies":"Time Eater","floor":51.0,"turns":11.0},{"damage":0.0,"enemies":"Shield and Spear","floor":55.0,"turns":11.0},{"damage":2,"enemies":"The Heart","floor":56,"turns":9}],"seed_played":"558006989931513370","potions_obtained":[{"floor":1.0,"key":"GhostInAJar"},{"floor":5.0,"key":"FearPotion"},{"floor":14.0,"key":"Fire Potion"},{"floor":24.0,"key":"AttackPotion"},{"floor":30.0,"key":"Energy Potion"},{"floor":31.0,"key":"SpeedPotion"},{"floor":45.0,"key":"PowerPotion"},{"floor":47.0,"key":"EssenceOfSteel"},{"floor":48.0,"key":"Poison Potion"}],"is_trial":false,"path_per_floor":["M","?","?","$","M","E","M","R","T","M","E","R","?","M","R","B",null,"M","?","?","?","$","?","E","M","T","M","E","?","M","M","R","B",null,"M","$","?","$","?","E","R","E","T","R","M","?","M","E","R","B","B",null,"R","$","E","B",null],"character_chosen":"THE_SILENT","items_purchased":["Tactician","ClockworkSouvenir","Orrery"],"campfire_rested":2,"item_purchase_floors":[22,22,54],"current_hp_per_floor":[59,59,59,59,59,59,58,58,58,55,41,41,32,32,32,3,50,49,28,28,28,28,28,28,29,29,29,29,29,31,33,33,10,52,52,52,52,52,51,51,51,51,51,51,51,51,51,51,51,51,24,24,24,24,24,22],"gold":65,"neow_bonus":"THREE_ENEMY_KILL","is_prod":false,"is_daily":false,"chose_seed":false,"campfire_upgraded":5,"win_rate":0,"timestamp":1568298549,"path_taken":["M","?","?","$","M","E","?","R","T","M","E","R","?","M","R","BOSS","M","?","?","?","$","?","E","M","T","M","E","?","?","M","R","BOSS","M","$","?","$","?","E","R","E","T","R","M","?","?","E","R","BOSS","BOSS","R","$","E","BOSS"],"build_version":"2019-09-11v2","purchased_purges":2,"victory":true,"max_hp_per_floor":[66,66,66,66,66,66,66,66,66,66,66,66,66,66,66,66,66,66,66,66,66,66,66,66,66,66,66,66,66,66,66,66,66,66,66,66,66,66,66,66,66,66,66,66,66,66,66,66,66,66,66,66,66,66,66,66],"card_choices":[{"not_picked":["Riddle With Holes","Sucker Punch","Setup"],"picked":"SKIP","floor":1.0},{"not_picked":["Cloak And Dagger","Dagger Throw","Sucker Punch"],"picked":"SKIP","floor":5.0},{"not_picked":["Quick Slash","Prepared"],"picked":"Dash","floor":6.0},{"not_picked":["Dagger Spray","Prepared"],"picked":"Noxious Fumes","floor":7.0},{"not_picked":["Dodge and Roll","Poisoned Stab"],"picked":"Calculated Gamble","floor":10.0},{"not_picked":["Heel Hook","Phantasmal Killer"],"picked":"Burst","floor":11.0},{"not_picked":["Quick Slash","Poisoned Stab"],"picked":"Heel Hook","floor":13.0},{"not_picked":["Poisoned Stab","Outmaneuver"],"picked":"PiercingWail","floor":14.0},{"not_picked":["Prepared","Backstab+1","Dagger Throw"],"picked":"SKIP","floor":18.0},{"not_picked":["Terror","Malaise","Bouncing Flask"],"picked":"SKIP","floor":24.0},{"not_picked":["Deflect","Deadly Poison","Sucker Punch"],"picked":"SKIP","floor":25.0},{"not_picked":["Dagger Throw","PiercingWail","Sucker Punch"],"picked":"SKIP","floor":27.0},{"not_picked":["Sucker Punch","Expertise","Crippling Poison"],"picked":"SKIP","floor":28.0},{"not_picked":["A Thousand Cuts","Dodge and Roll+1","Bouncing Flask"],"picked":"SKIP","floor":30.0},{"not_picked":["Choke","Cloak And Dagger","Flying Knee"],"picked":"SKIP","floor":31.0},{"not_picked":["Outmaneuver+1","Cloak And Dagger+1"],"picked":"Acrobatics+1","floor":35.0},{"not_picked":["Deflect","Sucker Punch"],"picked":"Backflip","floor":39.0},{"not_picked":["Dodge and Roll","Leg Sweep","Eviscerate"],"picked":"SKIP","floor":40.0},{"not_picked":["Tools of the Trade","Backstab","Predator"],"picked":"SKIP","floor":42.0},{"not_picked":["Outmaneuver","Slice","Cloak And Dagger"],"picked":"SKIP","floor":45.0},{"not_picked":["Predator","Dash","PiercingWail"],"picked":"SKIP","floor":47.0},{"not_picked":["Backflip","Quick Slash","Burst"],"picked":"SKIP","floor":48.0},{"not_picked":["Backflip","Poisoned Stab"],"picked":"Footwork","floor":54.0},{"not_picked":["Reflex","Quick Slash+1"],"picked":"Blur","floor":54.0},{"not_picked":["Dagger Spray","Flying Knee","Finisher+1"],"picked":"SKIP","floor":55.0}],"player_experience":1077823,"relics_obtained":[{"floor":6.0,"key":"HornCleat"},{"floor":9.0,"key":"Shuriken"},{"floor":11.0,"key":"Ancient Tea Set"},{"floor":13.0,"key":"Odd Mushroom"},{"floor":19.0,"key":"Nilry\u0027s Codex"},{"floor":24.0,"key":"Blood Vial"},{"floor":26.0,"key":"Lantern"},{"floor":28.0,"key":"Ornamental Fan"},{"floor":39.0,"key":"Bird Faced Urn"},{"floor":40.0,"key":"Gambling Chip"},{"floor":42.0,"key":"Blue Candle"},{"floor":48.0,"key":"Potion Belt"},{"floor":55.0,"key":"Orichalcum"}],"event_choices":[{"cards_removed":["Strike_G"],"damage_healed":0.0,"max_hp_gain":0.0,"max_hp_loss":0.0,"gold_gain":0.0,"event_name":"The Cleric","player_choice":"Card Removal","floor":2.0,"gold_loss":75.0,"damage_taken":0.0},{"cards_removed":["Defend_G"],"damage_healed":0.0,"max_hp_gain":0.0,"max_hp_loss":0.0,"gold_gain":0.0,"event_name":"Bonfire Elementals","player_choice":"Offered Basic","floor":3.0,"gold_loss":0.0,"damage_taken":0.0},{"damage_healed":0.0,"max_hp_gain":0.0,"max_hp_loss":0.0,"gold_gain":0.0,"event_name":"Mushrooms","player_choice":"Fought Mushrooms","floor":13.0,"gold_loss":0.0,"damage_taken":0.0},{"damage_healed":0.0,"max_hp_gain":0.0,"max_hp_loss":0.0,"gold_gain":0.0,"event_name":"Cursed Tome","player_choice":"Obtained Book","floor":19.0,"gold_loss":0.0,"damage_taken":21.0},{"damage_healed":0.0,"max_hp_gain":0.0,"max_hp_loss":0.0,"gold_gain":50.0,"event_name":"Nest","player_choice":"Stole From Cult","floor":20.0,"gold_loss":0.0,"damage_taken":0.0},{"cards_removed":["Dagger Spray"],"damage_healed":0.0,"max_hp_gain":0.0,"max_hp_loss":0.0,"gold_gain":0.0,"event_name":"Beggar","player_choice":"Gave Gold","floor":21.0,"gold_loss":75.0,"damage_taken":0.0},{"cards_removed":["Deadly Poison"],"damage_healed":0.0,"max_hp_gain":0.0,"max_hp_loss":0.0,"gold_gain":0.0,"event_name":"Back to Basics","player_choice":"Elegance","floor":23.0,"gold_loss":0.0,"damage_taken":0.0},{"damage_healed":0.0,"max_hp_gain":0.0,"max_hp_loss":0.0,"gold_gain":0.0,"event_name":"Match and Keep!","player_choice":"0 cards matched","floor":29.0,"gold_loss":0.0,"damage_taken":0.0,"cards_obtained":[]},{"damage_healed":0.0,"max_hp_gain":0.0,"max_hp_loss":0.0,"gold_gain":0.0,"event_name":"MindBloom","player_choice":"Upgrade","floor":37.0,"gold_loss":0.0,"damage_taken":0.0,"cards_upgraded":["Survivor","Dash","Burst","Heel Hook","PiercingWail","Wraith Form v2","Wraith Form v2","After Image","PiercingWail","Blade Dance"],"relics_obtained":["Mark of the Bloom"]},{"damage_healed":0.0,"max_hp_gain":0.0,"max_hp_loss":0.0,"gold_gain":0.0,"event_name":"Mysterious Sphere","player_choice":"Fight","floor":39.0,"gold_loss":0.0,"damage_taken":0.0},{"cards_removed":["Noxious Fumes"],"damage_healed":0.0,"max_hp_gain":0.0,"max_hp_loss":0.0,"gold_gain":0.0,"event_name":"Designer","player_choice":"Single Remove","floor":46.0,"gold_loss":75.0,"damage_taken":0.0}],"is_beta":true,"boss_relics":[{"not_picked":["Ring of the Serpent","WristBlade"],"picked":"Pandora\u0027s Box"},{"not_picked":["Cursed Key","Black Star"],"picked":"Runic Dome"}],"items_purged_floors":[36,38],"is_endless":false,"potions_floor_spawned":[1,5,14,24,30,31,45,47,48],"ascension_level":20}