{"gold_per_floor":[117,135,21,21,36,36,68,86,86,86,100,118,146,146,146,220,220,233,268,268,281,23,23,42,54,54,54,70,84,84,96,96,173,173,188,188,201,226,101,101,133,433,433,433,447,139,155,155,155,155,155,155,155,99,131,131],"floor_reached":57,"playtime":2762,"items_purged":["Strike_G","Strike_G","Strike_G+1","Strike_G+1"],"score":2838,"play_id":"37c676fb-5d8d-4cd1-bb58-e2fa628bd211","local_time":"20190916195056","is_ascension_mode":true,"campfire_choices":[{"data":"All Out Attack","floor":6.0,"key":"SMITH"},{"data":"Neutralize","floor":10.0,"key":"SMITH"},{"floor":15.0,"key":"REST"},{"data":"Predator","floor":23.0,"key":"SMITH"},{"data":"Tactician","floor":27.0,"key":"SMITH"},{"data":"Calculated Gamble","floor":30.0,"key":"SMITH"},{"data":"Concentrate","floor":32.0,"key":"SMITH"},{"floor":40.0,"key":"RECALL"},{"data":"Expertise","floor":44.0,"key":"SMITH"},{"data":"Havoc","floor":49.0,"key":"SMITH"},{"floor":53,"key":"REST"}],"neow_cost":"NONE","seed_source_timestamp":521839467004238,"circlet_count":0,"master_deck":["AscendersBane","Defend_G+1","Defend_G+1","Defend_G+1","Defend_G+1","Defend_G+1","Survivor+1","Neutralize+1","All Out Attack+1","Terror+1","PiercingWail+1","Predator+1","Endless Agony+1","Backflip+1","Heel Hook+1","Calculated Gamble+1","Tactician+1","Acrobatics+1","Footwork+1","Concentrate+1","Grand Finale+1","Acrobatics+1","Expertise+1","Havoc+1","Backflip+1"],"special_seed":0,"relics":["Ring of the Serpent","NeowsBlessing","Gremlin Horn","Pocketwatch","Ice Cream","Question Card","Red Mask","Chemical X","HoveringKite","Mark of the Bloom","Potion Belt","Anchor","Meat on the Bone","PrismaticShard","War Paint"],"potions_floor_usage":[56,56,56],"damage_taken":[{"damage":0.0,"enemies":"Cultist","floor":1.0,"turns":1.0},{"damage":0.0,"enemies":"Small Slimes","floor":2.0,"turns":1.0},{"damage":0.0,"enemies":"Jaw Worm","floor":5.0,"turns":1.0},{"damage":39.0,"enemies":"Gremlin Nob","floor":7.0,"turns":4.0},{"damage":1.0,"enemies":"Large Slime","floor":8.0,"turns":5.0},{"damage":0.0,"enemies":"Lots of Slimes","floor":11.0,"turns":1.0},{"damage":0.0,"enemies":"Looter","floor":12.0,"turns":2.0},{"damage":15.0,"enemies":"Lagavulin","floor":13.0,"turns":7.0},{"damage":19.0,"enemies":"Slime Boss","floor":16.0,"turns":7.0},{"damage":7.0,"enemies":"Chosen","floor":18.0,"turns":4.0},{"damage":0.0,"enemies":"Masked Bandits","floor":19.0,"turns":2.0},{"damage":20.0,"enemies":"2 Thieves","floor":21.0,"turns":4.0},{"damage":3.0,"enemies":"Snecko","floor":24.0,"turns":5.0},{"damage":6.0,"enemies":"Centurion and Healer","floor":25.0,"turns":10.0},{"damage":5.0,"enemies":"Sentry and Sphere","floor":28.0,"turns":6.0},{"damage":0.0,"enemies":"Snake Plant","floor":29.0,"turns":4.0},{"damage":0.0,"enemies":"3 Cultists","floor":31.0,"turns":3.0},{"damage":0.0,"enemies":"Champ","floor":33.0,"turns":9.0},{"damage":0.0,"enemies":"3 Darklings","floor":35.0,"turns":4.0},{"damage":0.0,"enemies":"3 Shapes","floor":37.0,"turns":3.0},{"damage":0.0,"enemies":"Reptomancer","floor":41.0,"turns":3.0},{"damage":0.0,"enemies":"Spire Growth","floor":45.0,"turns":2.0},{"damage":0.0,"enemies":"Transient","floor":47.0,"turns":6.0},{"damage":21,"enemies":"Time Eater","floor":50,"turns":10},{"damage":0,"enemies":"Awakened One","floor":51,"turns":4},{"damage":3,"enemies":"Shield and Spear","floor":55,"turns":2},{"damage":2,"enemies":"The Heart","floor":56,"turns":7}],"seed_played":"7887627087412392988","potions_obtained":[{"floor":1.0,"key":"Explosive Potion"},{"floor":2.0,"key":"Dexterity Potion"},{"floor":5.0,"key":"SteroidPotion"},{"floor":16.0,"key":"Explosive Potion"},{"floor":24.0,"key":"Ancient Potion"},{"floor":29.0,"key":"Fire Potion"},{"floor":33.0,"key":"Poison Potion"},{"floor":45.0,"key":"Ancient Potion"},{"floor":47.0,"key":"Explosive Potion"}],"is_trial":false,"path_per_floor":["M","M","$","?","M","R","E","M","T","R","M","M","E","T","R","B",null,"M","?","?","M","$","R","M","M","T","R","M","M","R","M","R","B",null,"M","?","M","T","$","R","E","?","T","R","M","$","M","?","R","B","B",null,"R","$","E","B",null],"character_chosen":"THE_SILENT","items_purchased":["Terror","Chemical X","PrismaticShard","Dexterity Potion"],"campfire_rested":2,"item_purchase_floors":[3,22,46,54],"current_hp_per_floor":[59,59,59,59,59,59,20,19,19,19,19,19,4,4,23,4,51,44,44,44,24,24,24,21,15,15,15,10,10,10,10,10,10,52,52,52,52,52,52,52,52,52,52,52,52,52,52,52,52,31,31,31,31,31,28,26],"gold":131,"neow_bonus":"THREE_ENEMY_KILL","is_prod":false,"is_daily":false,"chose_seed":false,"campfire_upgraded":8,"win_rate":0,"timestamp":1568634656,"path_taken":["M","?","$","?","M","R","E","M","T","R","?","M","E","?","R","BOSS","M","?","?","?","$","R","M","M","T","R","M","M","R","M","R","BOSS","M","?","M","?","$","R","E","?","T","R","?","$","M","?","R","BOSS","BOSS","R","$","E","BOSS"],"build_version":"2019-09-12","purchased_purges":4,"victory":true,"max_hp_per_floor":[66,66,66,66,66,66,66,66,66,66,66,66,66,66,66,66,66,66,66,66,66,66,66,66,66,66,66,66,66,66,66,66,66,66,66,66,66,66,66,66,66,66,66,66,66,66,66,66,66,66,66,66,66,66,66,66],"card_choices":[{"not_picked":["Infinite Blades","Flying Knee","Outmaneuver"],"picked":"SKIP","floor":1.0},{"not_picked":["PiercingWail","Outmaneuver"],"picked":"All Out Attack","floor":2.0},{"not_picked":["Burst","Flying Knee"],"picked":"PiercingWail","floor":5.0},{"not_picked":["Escape Plan","Distraction"],"picked":"Predator","floor":7.0},{"not_picked":["Cloak And Dagger","PiercingWail"],"picked":"Endless Agony","floor":8.0},{"not_picked":["Prepared","Quick Slash"],"picked":"Backflip","floor":11.0},{"not_picked":["Underhanded Strike","Bane","Quick Slash"],"picked":"SKIP","floor":12.0},{"not_picked":["All Out Attack","Quick Slash","Phantasmal Killer"],"picked":"SKIP","floor":13.0},{"not_picked":["Cloak And Dagger","Dodge and Roll","Caltrops"],"picked":"Heel Hook+1","floor":18.0},{"not_picked":["Sucker Punch","Underhanded Strike","Flying Knee","Doppelganger"],"picked":"SKIP","floor":21.0},{"not_picked":["Slice","Deadly Poison","Cloak And Dagger"],"picked":"Calculated Gamble","floor":24.0},{"not_picked":["Expertise","Quick Slash","Eviscerate"],"picked":"Tactician","floor":25.0},{"not_picked":["Prepared","Backflip","Envenom"],"picked":"Acrobatics","floor":28.0},{"not_picked":["Infinite Blades","Outmaneuver","Slice"],"picked":"Footwork","floor":29.0},{"not_picked":["Slice","Leg Sweep","Catalyst"],"picked":"Concentrate","floor":31.0},{"not_picked":["Corpse Explosion","Night Terror","Bullet Time"],"picked":"Grand Finale","floor":33.0},{"not_picked":["Blade Dance","Distraction","Slice+1"],"picked":"Acrobatics","floor":35.0},{"not_picked":["All Out Attack","Cloak And Dagger","Dagger Spray","Poisoned Stab"],"picked":"SKIP","floor":37.0},{"not_picked":["Slice","Crippling Poison","Setup"],"picked":"Expertise","floor":41.0},{"not_picked":["Acrobatics","Sucker Punch+1","Dodge and Roll"],"picked":"Footwork","floor":45.0},{"not_picked":["Dash+1","JustLucky+1","Redo"],"picked":"Havoc","floor":47.0},{"not_picked":["Predator+1","Establishment","PiercingWail"],"picked":"Backflip+1","floor":55}],"player_experience":802793,"relics_obtained":[{"floor":7.0,"key":"Gremlin Horn"},{"floor":9.0,"key":"Pocketwatch"},{"floor":13.0,"key":"Ice Cream"},{"floor":14.0,"key":"Question Card"},{"floor":19.0,"key":"Red Mask"},{"floor":38.0,"key":"Potion Belt"},{"floor":41.0,"key":"Anchor"},{"floor":43.0,"key":"Meat on the Bone"},{"floor":55,"key":"War Paint"}],"event_choices":[{"cards_removed":["Strike_G"],"damage_healed":0.0,"max_hp_gain":0.0,"max_hp_loss":0.0,"gold_gain":0.0,"event_name":"Bonfire Elementals","player_choice":"Offered Basic","floor":4.0,"gold_loss":0.0,"damage_taken":0.0},{"damage_healed":0.0,"max_hp_gain":0.0,"max_hp_loss":0.0,"gold_gain":0.0,"event_name":"Masked Bandits","player_choice":"Fought Bandits","floor":19.0,"gold_loss":0.0,"damage_taken":0.0},{"damage_healed":0.0,"max_hp_gain":0.0,"max_hp_loss":0.0,"gold_gain":0.0,"event_name":"N\u0027loth","player_choice":"Ignored","floor":20.0,"gold_loss":0.0,"damage_taken":0.0},{"damage_healed":0.0,"max_hp_gain":0.0,"max_hp_loss":0.0,"gold_gain":0.0,"event_name":"MindBloom","player_choice":"Upgrade","floor":36.0,"gold_loss":0.0,"damage_taken":0.0,"cards_upgraded":["Strike_G","Strike_G","Defend_G","Defend_G","Defend_G","Defend_G","Defend_G","Survivor","Terror","PiercingWail","Endless Agony","Backflip","Acrobatics","Footwork","Grand Finale","Acrobatics"],"relics_obtained":["Mark of the Bloom"]},{"damage_healed":0.0,"max_hp_gain":0.0,"max_hp_loss":0.0,"gold_gain":300.0,"event_name":"Wheel of Change","player_choice":"Gold","floor":42.0,"gold_loss":0.0,"damage_taken":0.0},{"cards_removed":["Footwork"],"damage_healed":0.0,"max_hp_gain":0.0,"max_hp_loss":0.0,"gold_gain":0.0,"event_name":"Falling","player_choice":"Removed Power","floor":48.0,"gold_loss":0.0,"damage_taken":0.0}],"is_beta":true,"boss_relics":[{"not_picked":["WristBlade","Ectoplasm"],"picked":"Ring of the Serpent"},{"not_picked":["Coffee Dripper","Cursed Key"],"picked":"HoveringKite"}],"items_purged_floors":[3,22,39,46],"is_endless":false,"potions_floor_spawned":[1,2,5,16,24,29,33,45,47],"ascension_level":20}