{"gold_per_floor":[18,18,33,33,33,33,82,82,109,136,136,173,184,268,268,268],"floor_reached":16,"playtime":504,"items_purged":[],"score":236,"play_id":"bbe997fb-3a68-452a-924a-5d79b622642a","local_time":"20190813135122","is_ascension_mode":true,"campfire_choices":[{"data":"Magnetism","floor":6.0,"key":"SMITH"},{"data":"Well Laid Plans","floor":8.0,"key":"SMITH"},{"data":"Bouncing Flask","floor":15.0,"key":"SMITH"}],"neow_cost":"NO_GOLD","seed_source_timestamp":610185454167753,"circlet_count":0,"master_deck":["AscendersBane","Strike_G","Strike_G","Strike_G","Strike_G","Defend_G","Defend_G","Defend_G","Defend_G","Defend_G","Survivor","Neutralize","Jack Of All Trades","Magnetism+1","Acrobatics","Well Laid Plans+1","Bouncing Flask+1","Escape Plan"],"special_seed":0,"relics":["Ring of the Snake","Anchor","Blood Vial","Omamori","The Courier","Smiling Mask"],"potions_floor_usage":[],"damage_taken":[{"damage":5.0,"enemies":"Small Slimes","floor":1.0,"turns":5.0},{"damage":2.0,"enemies":"2 Louse","floor":3.0,"turns":3.0},{"damage":24.0,"enemies":"Lagavulin","floor":7.0,"turns":10.0},{"damage":5.0,"enemies":"Gremlin Nob","floor":10.0,"turns":4.0},{"damage":0.0,"enemies":"Jaw Worm","floor":12.0,"turns":4.0},{"damage":0.0,"enemies":"3 Louse","floor":13.0,"turns":3.0},{"damage":25.0,"enemies":"3 Sentries","floor":14.0,"turns":11.0},{"damage":18,"enemies":"The Guardian","floor":16,"turns":2}],"seed_played":"-6897436870131002864","potions_obtained":[{"floor":1.0,"key":"SkillPotion"},{"floor":7.0,"key":"Explosive Potion"},{"floor":13.0,"key":"EntropicBrew"}],"is_trial":false,"path_per_floor":["M","?","M","?","?","R","E","R","T","E","T","M","M","E","R","B"],"character_chosen":"THE_SILENT","items_purchased":[],"campfire_rested":0,"item_purchase_floors":[],"current_hp_per_floor":[54,54,52,52,45,45,21,21,21,18,18,20,22,14,14,0],"gold":268,"neow_bonus":"RANDOM_COLORLESS_2","is_prod":false,"is_daily":false,"chose_seed":false,"campfire_upgraded":3,"win_rate":0,"timestamp":1565671882,"path_taken":["M","?","M","?","?","R","E","R","T","E","?","M","M","E","R","BOSS"],"build_version":"2019-07-17","purchased_purges":0,"victory":false,"max_hp_per_floor":[66,66,66,66,66,66,66,66,66,66,66,66,66,66,66,66],"card_choices":[{"not_picked":["Outmaneuver","Leg Sweep","Dagger Throw"],"picked":"SKIP","floor":1.0},{"not_picked":["Flying Knee","Cloak And Dagger"],"picked":"Acrobatics","floor":3.0},{"not_picked":["Cloak And Dagger","Dodge and Roll"],"picked":"Well Laid Plans","floor":7.0},{"not_picked":["Underhanded Strike","Acrobatics","Flying Knee"],"picked":"SKIP","floor":10.0},{"not_picked":["Outmaneuver","Cloak And Dagger"],"picked":"Bouncing Flask","floor":12.0},{"not_picked":["Caltrops","Sucker Punch","Dagger Spray"],"picked":"SKIP","floor":13.0},{"not_picked":["Flechettes","Noxious Fumes"],"picked":"Escape Plan","floor":14.0}],"player_experience":880057,"relics_obtained":[{"floor":7.0,"key":"Anchor"},{"floor":9.0,"key":"Blood Vial"},{"floor":10.0,"key":"Omamori"},{"floor":11.0,"key":"The Courier"},{"floor":14.0,"key":"Smiling Mask"}],"event_choices":[{"damage_healed":0.0,"max_hp_gain":0.0,"max_hp_loss":0.0,"gold_gain":0.0,"cards_transformed":["Panacea"],"event_name":"Living Wall","player_choice":"Change","floor":2.0,"gold_loss":0.0,"damage_taken":0.0,"cards_obtained":["Magnetism"]},{"damage_healed":0.0,"max_hp_gain":0.0,"max_hp_loss":0.0,"gold_gain":0.0,"event_name":"Liars Game","player_choice":"Ignored","floor":4.0,"gold_loss":0.0,"damage_taken":0.0},{"cards_removed":["Strike_G"],"damage_healed":0.0,"max_hp_gain":0.0,"max_hp_loss":0.0,"gold_gain":0.0,"event_name":"Golden Wing","player_choice":"Card Removal","floor":5.0,"gold_loss":0.0,"damage_taken":7.0}],"is_beta":false,"boss_relics":[],"items_purged_floors":[],"is_endless":false,"potions_floor_spawned":[1,7,13],"killed_by":"The Guardian","ascension_level":20}