{"gold_per_floor":[115,47,67,77,93,128,303,315,388,67,94,107,125,25,25,128,128,140,140,152,152,77,91,91,6,6,6,16,16,16,31,31,132,132,148,148,107,119,129,149,159,169,239,251,269,269,269,284,284,284],"floor_reached":50,"playtime":5110,"items_purged":["Doubt","Strike_G"],"score":487,"play_id":"475ca625-9474-429f-bff6-ab4fc8c84c13","local_time":"20190917215805","is_ascension_mode":false,"campfire_choices":[{"floor":15.0,"key":"REST"},{"floor":24.0,"key":"REST"},{"floor":30.0,"key":"REST"},{"floor":32.0,"key":"REST"},{"floor":46,"key":"REST"},{"floor":49,"key":"REST"}],"neow_cost":"NONE","seed_source_timestamp":0,"circlet_count":0,"master_deck":["Strike_G","Strike_G","Defend_G","Defend_G","Defend_G","Defend_G","Defend_G","Survivor","Neutralize","Slice","Quick Slash","Backstab","Dodge and Roll","Sucker Punch","Choke","Envenom","Bullet Time","PiercingWail","Endless Agony+1","Noxious Fumes","Noxious Fumes","Parasite","Blade Dance+1"],"special_seed":0,"relics":["Ring of the Snake","FossilizedHelix","Ninja Scroll","Pear","Gambling Chip","Fusion Hammer","Oddly Smooth Stone","PreservedInsect","Snake Skull","Sozu","Ornamental Fan"],"potions_floor_usage":[39],"damage_taken":[{"damage":0.0,"enemies":"Cultist","floor":1.0,"turns":4.0},{"damage":0.0,"enemies":"Small Slimes","floor":3.0,"turns":2.0},{"damage":0.0,"enemies":"2 Louse","floor":4.0,"turns":3.0},{"damage":7.0,"enemies":"Large Slime","floor":5.0,"turns":8.0},{"damage":11.0,"enemies":"3 Sentries","floor":6.0,"turns":13.0},{"damage":0.0,"enemies":"Looter","floor":8.0,"turns":3.0},{"damage":10.0,"enemies":"Gremlin Nob","floor":11.0,"turns":5.0},{"damage":0.0,"enemies":"Lots of Slimes","floor":12.0,"turns":4.0},{"damage":0.0,"enemies":"Exordium Wildlife","floor":13.0,"turns":2.0},{"damage":28.0,"enemies":"The Guardian","floor":16.0,"turns":15.0},{"damage":11.0,"enemies":"Chosen","floor":18.0,"turns":6.0},{"damage":2.0,"enemies":"Spheric Guardian","floor":20.0,"turns":4.0},{"damage":37.0,"enemies":"Snake Plant","floor":23.0,"turns":7.0},{"damage":13.0,"enemies":"Cultist and Chosen","floor":28.0,"turns":7.0},{"damage":0.0,"enemies":"Snecko","floor":31.0,"turns":3.0},{"damage":59.0,"enemies":"Collector","floor":33.0,"turns":10.0},{"damage":1,"enemies":"3 Shapes","floor":35,"turns":6},{"damage":11,"enemies":"3 Darklings","floor":38,"turns":6},{"damage":3,"enemies":"Maw","floor":39,"turns":8},{"damage":0,"enemies":"Writhing Mass","floor":40,"turns":5},{"damage":16,"enemies":"Sphere and 2 Shapes","floor":41,"turns":6},{"damage":0,"enemies":"Maw","floor":42,"turns":7},{"damage":0,"enemies":"4 Shapes","floor":44,"turns":6},{"damage":23,"enemies":"Spire Growth","floor":45,"turns":6},{"damage":30,"enemies":"Sphere and 2 Shapes","floor":48,"turns":9},{"damage":53,"enemies":"Awakened One","floor":50,"turns":8}],"seed_played":"-6034005277130665945","potions_obtained":[{"floor":5.0,"key":"FearPotion"},{"floor":8.0,"key":"Explosive Potion"},{"floor":11.0,"key":"Regen Potion"},{"floor":33.0,"key":"GhostInAJar"}],"is_trial":false,"path_per_floor":["M","$","M","M","M","E","?","M","T","$","E","M","M","$","R","B",null,"M","?","M","$","?","M","R","?","T","?","M","T","R","M","R","B",null,"M","?","$","M","M","M","M","M","T","M","M","R","?","M","R","B"],"character_chosen":"THE_SILENT","items_purchased":["Backstab","Pear","Noxious Fumes"],"campfire_rested":6,"item_purchase_floors":[2,10,37],"current_hp_per_floor":[70,70,70,70,63,52,52,52,52,62,52,52,52,52,76,48,80,69,69,67,67,67,30,54,54,54,39,26,26,51,51,76,32,85,84,84,84,73,70,70,54,54,54,54,31,56,56,26,51,0],"gold":284,"neow_bonus":"THREE_CARDS","is_prod":false,"is_daily":false,"chose_seed":false,"campfire_upgraded":0,"win_rate":0.0,"timestamp":1568771885,"path_taken":["M","$","?","M","M","E","?","M","T","$","E","M","M","$","R","BOSS","M","?","M","$","?","M","R","?","T","?","M","?","R","?","R","BOSS","M","?","$","M","M","M","M","M","T","M","?","R","?","M","R","BOSS"],"build_version":"2019-07-17","purchased_purges":2,"victory":false,"max_hp_per_floor":[70,70,70,70,70,70,70,70,70,80,80,80,80,80,80,80,80,80,80,80,80,80,80,80,80,80,85,85,85,85,85,85,85,85,85,85,85,85,85,85,85,85,85,85,85,85,85,85,85,85],"card_choices":[{"not_picked":["Catalyst","Distraction"],"picked":"Slice","floor":0.0},{"not_picked":["Backflip","PiercingWail"],"picked":"Quick Slash","floor":1.0},{"not_picked":["Blade Dance","Dash","Escape Plan"],"picked":"SKIP","floor":3.0},{"not_picked":["Quick Slash","Flying Knee","Leg Sweep"],"picked":"SKIP","floor":4.0},{"not_picked":["Bane","Acrobatics"],"picked":"Dodge and Roll","floor":5.0},{"not_picked":["Leg Sweep","Blade Dance"],"picked":"Sucker Punch","floor":6.0},{"not_picked":["Escape Plan","Flying Knee","Calculated Gamble"],"picked":"SKIP","floor":8.0},{"not_picked":["Slice","Outmaneuver"],"picked":"Choke","floor":11.0},{"not_picked":["Deflect","Flying Knee"],"picked":"Envenom","floor":12.0},{"not_picked":["Blade Dance","Dagger Throw","Expertise"],"picked":"SKIP","floor":13.0},{"not_picked":["After Image","A Thousand Cuts"],"picked":"Bullet Time","floor":16.0},{"not_picked":["Bane","Acrobatics"],"picked":"PiercingWail","floor":18.0},{"not_picked":["Dagger Spray","Outmaneuver+1"],"picked":"Endless Agony+1","floor":20.0},{"not_picked":["Eviscerate+1","Riddle With Holes+1","Phantasmal Killer"],"picked":"SKIP","floor":23.0},{"not_picked":["Poisoned Stab+1","Outmaneuver"],"picked":"Noxious Fumes","floor":28.0},{"not_picked":["Acrobatics","Prepared","Bouncing Flask"],"picked":"SKIP","floor":31.0},{"not_picked":["Sucker Punch","Dagger Spray+1","Masterful Stab+1"],"picked":"SKIP","floor":35},{"not_picked":["Flying Knee+1","Heel Hook+1","Escape Plan+1"],"picked":"SKIP","floor":38},{"not_picked":["Leg Sweep","Backflip+1","Tactician"],"picked":"SKIP","floor":39},{"not_picked":["Eviscerate+1","Finisher"],"picked":"Blade Dance+1","floor":40},{"not_picked":["Prepared+1","Underhanded Strike+1","Expertise"],"picked":"SKIP","floor":41},{"not_picked":["Flying Knee+1","Finisher","All Out Attack"],"picked":"SKIP","floor":42},{"not_picked":["Acrobatics+1","Quick Slash","Flying Knee"],"picked":"SKIP","floor":44},{"not_picked":["Deflect+1","Dagger Spray","Caltrops+1"],"picked":"SKIP","floor":45},{"not_picked":["Adrenaline","Prepared","Deflect+1"],"picked":"SKIP","floor":48}],"player_experience":43318,"relics_obtained":[{"floor":6.0,"key":"FossilizedHelix"},{"floor":9.0,"key":"Ninja Scroll"},{"floor":11.0,"key":"Gambling Chip"},{"floor":26.0,"key":"PreservedInsect"},{"floor":29.0,"key":"Snake Skull"},{"floor":43,"key":"Ornamental Fan"}],"event_choices":[{"damage_healed":0.0,"max_hp_gain":0.0,"max_hp_loss":0.0,"gold_gain":175.0,"event_name":"Liars Game","player_choice":"AGREE","floor":7.0,"gold_loss":0.0,"damage_taken":0.0,"cards_obtained":["Doubt"]},{"damage_healed":0.0,"max_hp_gain":0.0,"max_hp_loss":0.0,"gold_gain":0.0,"event_name":"Ghosts","player_choice":"Ignored","floor":19.0,"gold_loss":0.0,"damage_taken":0.0},{"cards_removed":["Strike_G"],"damage_healed":0.0,"max_hp_gain":0.0,"max_hp_loss":0.0,"gold_gain":0.0,"event_name":"Beggar","player_choice":"Gave Gold","floor":22.0,"gold_loss":75.0,"damage_taken":0.0},{"damage_healed":0.0,"max_hp_gain":0.0,"max_hp_loss":0.0,"gold_gain":0.0,"event_name":"Addict","player_choice":"Obtained Relic","floor":25.0,"gold_loss":85.0,"damage_taken":0.0,"relics_obtained":["Oddly Smooth Stone"]},{"damage_healed":0.0,"max_hp_gain":5.0,"max_hp_loss":0.0,"gold_gain":0.0,"event_name":"Forgotten Altar","player_choice":"Shed Blood","floor":27.0,"gold_loss":0.0,"damage_taken":20.0},{"cards_removed":["Strike_G"],"damage_healed":0,"gold_gain":0,"player_choice":"Offered Basic","damage_taken":0,"max_hp_gain":0,"max_hp_loss":0,"event_name":"Bonfire Elementals","floor":36,"gold_loss":0},{"damage_healed":0,"gold_gain":0,"player_choice":"Ignored","damage_taken":0,"max_hp_gain":0,"max_hp_loss":0,"event_name":"Mysterious Sphere","floor":47,"gold_loss":0}],"is_beta":false,"boss_relics":[{"not_picked":["Ring of the Serpent","WristBlade"],"picked":"Fusion Hammer"},{"not_picked":["Runic Pyramid","Orrery"],"picked":"Sozu"}],"items_purged_floors":[10,14],"is_endless":false,"potions_floor_spawned":[5,8,11,13,16,31,33,35,40,45,48],"killed_by":"Awakened One","ascension_level":0}