{"gold_per_floor":[119,136,147,147,166,166,176,176,176,191,210,15,38,38,38,115,115,132,132,143,79,79,79,92,124,124,13,48,48,64,78,78,152,152,170,170,67,81,0,31,31,63,63,73,102,117,128,143,143,143,143,143,143,13,41,41],"floor_reached":57,"playtime":3383,"items_purged":["Strike_G","Strike_G","Strike_G","All Out Attack+1","Corpse Explosion"],"score":3177,"play_id":"f3b52320-fa58-46f8-a3fe-3decd420ff88","local_time":"20190912205548","is_ascension_mode":true,"campfire_choices":[{"data":"Calculated Gamble","floor":6.0,"key":"SMITH"},{"data":"All Out Attack","floor":15.0,"key":"SMITH"},{"data":"Acrobatics","floor":23.0,"key":"SMITH"},{"data":"Flechettes","floor":29.0,"key":"SMITH"},{"data":"Prepared","floor":32.0,"key":"SMITH"},{"data":"Impatience","floor":41.0,"key":"SMITH"},{"floor":49.0,"key":"RECALL"},{"data":"Backflip","floor":53,"key":"SMITH"}],"neow_cost":"NONE","seed_source_timestamp":0,"circlet_count":0,"master_deck":["AscendersBane","Defend_G","Defend_G","Defend_G","Defend_G","Survivor","Neutralize+1","Footwork","Infinite Blades","Calculated Gamble+1","Concentrate","Acrobatics","Acrobatics+1","Flechettes+1","Impatience+1","Prepared+1","Backflip+1"],"special_seed":0,"relics":["Ring of the Snake","NeowsBlessing","Ornamental Fan","Membership Card","Dream Catcher","Coffee Dripper","Molten Egg 2","Letter Opener","Pantograph","Runic Dome","ClockworkSouvenir","Gambling Chip","Orichalcum","The Courier","Whetstone","Strawberry"],"potions_floor_usage":[51,56],"damage_taken":[{"damage":0.0,"enemies":"Cultist","floor":1.0,"turns":1.0},{"damage":0.0,"enemies":"Small Slimes","floor":2.0,"turns":1.0},{"damage":0.0,"enemies":"2 Louse","floor":3.0,"turns":1.0},{"damage":14.0,"enemies":"Exordium Wildlife","floor":5.0,"turns":6.0},{"damage":13.0,"enemies":"Large Slime","floor":7.0,"turns":9.0},{"damage":5.0,"enemies":"3 Louse","floor":10.0,"turns":4.0},{"damage":0.0,"enemies":"2 Fungi Beasts","floor":11.0,"turns":4.0},{"damage":41.0,"enemies":"Slime Boss","floor":16.0,"turns":10.0},{"damage":22.0,"enemies":"2 Thieves","floor":18.0,"turns":4.0},{"damage":15.0,"enemies":"Shell Parasite","floor":20.0,"turns":9.0},{"damage":0.0,"enemies":"Centurion and Healer","floor":24.0,"turns":4.0},{"damage":3.0,"enemies":"Book of Stabbing","floor":25.0,"turns":6.0},{"damage":1.0,"enemies":"Slavers","floor":28.0,"turns":2.0},{"damage":1.0,"enemies":"Chosen and Byrds","floor":30.0,"turns":4.0},{"damage":0.0,"enemies":"Snecko","floor":31.0,"turns":3.0},{"damage":0.0,"enemies":"Automaton","floor":33.0,"turns":1.0},{"damage":0.0,"enemies":"3 Shapes","floor":35.0,"turns":1.0},{"damage":0.0,"enemies":"Orb Walker","floor":38.0,"turns":1.0},{"damage":0.0,"enemies":"Reptomancer","floor":40.0,"turns":2.0},{"damage":0.0,"enemies":"Giant Head","floor":42.0,"turns":4.0},{"damage":0.0,"enemies":"Transient","floor":44.0,"turns":6.0},{"damage":0.0,"enemies":"Nemesis","floor":45.0,"turns":3.0},{"damage":0.0,"enemies":"Maw","floor":46.0,"turns":2.0},{"damage":0.0,"enemies":"3 Darklings","floor":47.0,"turns":1.0},{"damage":0.0,"enemies":"Transient","floor":48.0,"turns":4.0},{"damage":0.0,"enemies":"Donu and Deca","floor":50.0,"turns":2.0},{"damage":44,"enemies":"Time Eater","floor":51,"turns":8},{"damage":13,"enemies":"Shield and Spear","floor":55,"turns":2},{"damage":72,"enemies":"The Heart","floor":56,"turns":7}],"seed_played":"-3638466318806780614","potions_obtained":[{"floor":1.0,"key":"SteroidPotion"},{"floor":3.0,"key":"FearPotion"},{"floor":10.0,"key":"Poison Potion"},{"floor":24.0,"key":"Ancient Potion"},{"floor":30.0,"key":"EssenceOfSteel"},{"floor":31.0,"key":"Energy Potion"},{"floor":33.0,"key":"GhostInAJar"},{"floor":40.0,"key":"SteroidPotion"},{"floor":44.0,"key":"SkillPotion"},{"floor":46.0,"key":"GhostInAJar"}],"is_trial":false,"path_per_floor":["M","M","M","?","M","R","M","?","T","M","M","$","T","?","R","B",null,"M","?","M","$","?","R","M","E","T","$","E","R","M","M","R","B",null,"M","T","$","M","$","E","R","E","T","M","E","M","M","M","R","B","B",null,"R","$","E","B",null],"character_chosen":"THE_SILENT","items_purchased":["Membership Card","Acrobatics","Impatience","Backflip","ClockworkSouvenir","FairyPotion"],"campfire_rested":0,"item_purchase_floors":[12,21,27,37,39,54],"current_hp_per_floor":[59,59,59,52,38,38,25,47,47,42,42,42,42,42,42,1,50,28,28,13,13,13,13,13,10,10,10,9,9,8,8,8,33,58,58,58,58,58,58,58,58,58,58,58,58,58,58,58,58,66,22,55,55,55,49,1],"gold":41,"neow_bonus":"THREE_ENEMY_KILL","is_prod":false,"is_daily":false,"chose_seed":false,"campfire_upgraded":7,"win_rate":0,"timestamp":1568289348,"path_taken":["M","?","M","?","M","R","M","?","T","M","M","$","?","?","R","BOSS","BOSS","M","?","M","$","?","R","M","E","T","$","E","R","M","?","R","BOSS","M","?","$","M","$","E","R","E","T","M","E","M","M","M","R","BOSS","BOSS","R","$","E","BOSS"],"build_version":"2019-09-11v2","purchased_purges":5,"victory":true,"max_hp_per_floor":[66,66,66,66,66,66,66,66,66,66,66,66,66,66,66,66,66,66,66,66,66,66,66,66,66,66,66,66,66,66,66,66,66,66,66,66,66,66,66,66,66,66,66,66,66,66,66,66,66,66,66,66,66,66,73,73],"card_choices":[{"not_picked":["Endless Agony","Distraction"],"picked":"Footwork","floor":1.0},{"not_picked":["All Out Attack","Bane","Cloak And Dagger"],"picked":"SKIP","floor":2.0},{"not_picked":["Bane","Cloak And Dagger"],"picked":"All Out Attack","floor":2.0},{"not_picked":["Caltrops","Prepared"],"picked":"Infinite Blades","floor":3.0},{"not_picked":["PiercingWail","Dodge and Roll"],"picked":"Calculated Gamble","floor":5.0},{"not_picked":["Eviscerate","Sucker Punch","Underhanded Strike"],"picked":"SKIP","floor":7.0},{"not_picked":["Eviscerate","Sucker Punch","Underhanded Strike"],"picked":"SKIP","floor":7.0},{"not_picked":["Dodge and Roll","Leg Sweep","Distraction"],"picked":"SKIP","floor":10.0},{"not_picked":["Cloak And Dagger","Dodge and Roll"],"picked":"Concentrate","floor":11.0},{"not_picked":["A Thousand Cuts","Adrenaline"],"picked":"Corpse Explosion","floor":16.0},{"not_picked":["Outmaneuver","Caltrops+1","Quick Slash"],"picked":"SKIP","floor":18.0},{"not_picked":["PiercingWail","Terror+1"],"picked":"Acrobatics","floor":20.0},{"not_picked":["Deflect+1","Prepared"],"picked":"Flechettes","floor":24.0},{"not_picked":["Dagger Spray","Backstab","Poisoned Stab"],"picked":"SKIP","floor":25.0},{"not_picked":["Deadly Poison","Tactician"],"picked":"Prepared","floor":28.0},{"not_picked":["Quick Slash+1","Setup","Deflect"],"picked":"SKIP","floor":30.0},{"not_picked":["Slice+1","Deflect","Heel Hook+1"],"picked":"SKIP","floor":31.0},{"not_picked":["Setup","Calculated Gamble","Poisoned Stab+1"],"picked":"SKIP","floor":35.0},{"not_picked":["Skewer+1","Leg Sweep","Dagger Spray+1"],"picked":"SKIP","floor":38.0},{"not_picked":["Storm of Steel","Distraction","Predator+1"],"picked":"SKIP","floor":40.0},{"not_picked":["Eviscerate+1","Expertise","Blade Dance+1"],"picked":"SKIP","floor":42.0},{"not_picked":["Deadly Poison+1","Dash+1","PiercingWail+1"],"picked":"SKIP","floor":44.0},{"not_picked":["Quick Slash+1","Blade Dance","Dash+1"],"picked":"SKIP","floor":45.0},{"not_picked":["Deadly Poison","Expertise+1","Underhanded Strike+1"],"picked":"SKIP","floor":46.0},{"not_picked":["Riddle With Holes+1","Poisoned Stab+1","Malaise"],"picked":"SKIP","floor":47.0},{"not_picked":["Sucker Punch+1","Deflect","Backflip+1"],"picked":"SKIP","floor":48.0},{"not_picked":["Masterful Stab+1","Deflect+1","Predator+1"],"picked":"SKIP","floor":55}],"player_experience":1071918,"relics_obtained":[{"floor":9.0,"key":"Ornamental Fan"},{"floor":13.0,"key":"Dream Catcher"},{"floor":25.0,"key":"Molten Egg 2"},{"floor":26.0,"key":"Letter Opener"},{"floor":28.0,"key":"Pantograph"},{"floor":40.0,"key":"Gambling Chip"},{"floor":42.0,"key":"Orichalcum"},{"floor":43.0,"key":"The Courier"},{"floor":45.0,"key":"Whetstone"},{"floor":55,"key":"Strawberry"}],"event_choices":[{"cards_removed":["Strike_G"],"damage_healed":0.0,"max_hp_gain":0.0,"max_hp_loss":0.0,"gold_gain":0.0,"event_name":"Golden Wing","player_choice":"Card Removal","floor":4.0,"gold_loss":0.0,"damage_taken":7.0},{"damage_healed":22.0,"max_hp_gain":0.0,"max_hp_loss":0.0,"gold_gain":0.0,"event_name":"Big Fish","player_choice":"Banana","floor":8.0,"gold_loss":0.0,"damage_taken":0.0},{"cards_removed":["Defend_G"],"damage_healed":0.0,"max_hp_gain":0.0,"max_hp_loss":0.0,"gold_gain":0.0,"event_name":"Living Wall","player_choice":"Forget","floor":14.0,"gold_loss":0.0,"damage_taken":0.0},{"damage_healed":0.0,"max_hp_gain":0.0,"max_hp_loss":0.0,"gold_gain":0.0,"event_name":"Beggar","player_choice":"Ignored","floor":19.0,"gold_loss":0.0,"damage_taken":0.0},{"cards_removed":["Strike_G"],"damage_healed":0.0,"max_hp_gain":0.0,"max_hp_loss":0.0,"gold_gain":0.0,"event_name":"Purifier","player_choice":"Purged","floor":22.0,"gold_loss":0.0,"damage_taken":0.0}],"is_beta":true,"boss_relics":[{"not_picked":["Tiny House","Cursed Key"],"picked":"Coffee Dripper"},{"not_picked":["Snecko Eye","Busted Crown"],"picked":"Runic Dome"}],"items_purged_floors":[12,21,27,37,54],"is_endless":false,"potions_floor_spawned":[1,3,10,24,30,31,33,40,42,44,46,48],"ascension_level":20}