{"gold_per_floor":[112,112,13,33,51,51,51,68,146,31,60,78,105,121,121,197,197,212,212,225,69,79,79,109,109,109,124,150,169,204,204,204,281,281,294,394,394,394,189,189,217,229,241,269,314,346,376,399,411,423,435,447,459,45,70,70],"floor_reached":57,"playtime":3055,"items_purged":["Strike_G","Strike_G+1","Deadly Poison+1","Injury"],"score":3514,"play_id":"bba38bfe-df07-4e65-908f-ce2c4b8fa2e8","local_time":"20190918142807","is_ascension_mode":true,"campfire_choices":[{"data":"Noxious Fumes","floor":6.0,"key":"SMITH"},{"data":"Calculated Gamble","floor":15.0,"key":"SMITH"},{"data":"Impatience","floor":23.0,"key":"SMITH"},{"data":"Burst","floor":25.0,"key":"SMITH"},{"data":"Tactician","floor":32.0,"key":"SMITH"},{"data":"1","floor":40.0,"key":"LIFT"},{"data":"Well Laid Plans","floor":42.0,"key":"SMITH"},{"floor":49,"key":"RECALL"},{"data":"Reflex","floor":53,"key":"SMITH"}],"neow_cost":"TEN_PERCENT_HP_LOSS","seed_source_timestamp":0,"circlet_count":0,"master_deck":["AscendersBane","Defend_G","Defend_G","Defend_G+1","Survivor","Neutralize+1","Impatience+1","Deadly Poison+1","Calculated Gamble+1","Well Laid Plans+1","Burst+1","After Image","Backflip+1","Tactician+1","Flechettes+1","Escape Plan","Adrenaline","Reflex+1","Acrobatics"],"special_seed":0,"relics":["Ring of the Snake","Ornamental Fan","Toy Ornithopter","Ancient Tea Set","Cursed Key","Gambling Chip","Ginger","Girya","Astrolabe","CaptainsWheel","MawBank","Pear","War Paint","Bag of Preparation"],"potions_floor_usage":[51,56,56],"damage_taken":[{"damage":1.0,"enemies":"Jaw Worm","floor":1.0,"turns":6.0},{"damage":5.0,"enemies":"Small Slimes","floor":4.0,"turns":5.0},{"damage":4.0,"enemies":"Cultist","floor":5.0,"turns":4.0},{"damage":22.0,"enemies":"Exordium Thugs","floor":8.0,"turns":5.0},{"damage":5.0,"enemies":"Lagavulin","floor":11.0,"turns":6.0},{"damage":1.0,"enemies":"Large Slime","floor":12.0,"turns":5.0},{"damage":4.0,"enemies":"3 Sentries","floor":13.0,"turns":7.0},{"damage":1.0,"enemies":"Looter","floor":14.0,"turns":4.0},{"damage":6.0,"enemies":"The Guardian","floor":16.0,"turns":8.0},{"damage":3.0,"enemies":"Spheric Guardian","floor":18.0,"turns":4.0},{"damage":7.0,"enemies":"3 Byrds","floor":20.0,"turns":4.0},{"damage":0.0,"enemies":"Snecko","floor":22.0,"turns":7.0},{"damage":6.0,"enemies":"Slavers","floor":24.0,"turns":7.0},{"damage":0.0,"enemies":"Centurion and Healer","floor":27.0,"turns":4.0},{"damage":0.0,"enemies":"Book of Stabbing","floor":28.0,"turns":6.0},{"damage":0.0,"enemies":"Snake Plant","floor":29.0,"turns":5.0},{"damage":6.0,"enemies":"Slavers","floor":30.0,"turns":2.0},{"damage":0.0,"enemies":"Champ","floor":33.0,"turns":7.0},{"damage":5.0,"enemies":"Orb Walker","floor":35.0,"turns":4.0},{"damage":0.0,"enemies":"Mind Bloom Boss Battle","floor":36.0,"turns":5.0},{"damage":0.0,"enemies":"Giant Head","floor":41.0,"turns":4.0},{"damage":0.0,"enemies":"3 Darklings","floor":44.0,"turns":2.0},{"damage":0.0,"enemies":"Nemesis","floor":45.0,"turns":3.0},{"damage":0.0,"enemies":"4 Shapes","floor":46.0,"turns":5.0},{"damage":0.0,"enemies":"Sphere and 2 Shapes","floor":47.0,"turns":3.0},{"damage":0,"enemies":"Jaw Worm Horde","floor":48,"turns":3},{"damage":0,"enemies":"Awakened One","floor":50,"turns":5},{"damage":0,"enemies":"Donu and Deca","floor":51,"turns":3},{"damage":0,"enemies":"Shield and Spear","floor":55,"turns":2},{"damage":42,"enemies":"The Heart","floor":56,"turns":7}],"seed_played":"-4210706110997631494","potions_obtained":[{"floor":1.0,"key":"Ancient Potion"},{"floor":8.0,"key":"SpeedPotion"},{"floor":14.0,"key":"GhostInAJar"},{"floor":16.0,"key":"Explosive Potion"},{"floor":20.0,"key":"Energy Potion"},{"floor":27.0,"key":"SpeedPotion"},{"floor":28.0,"key":"DuplicationPotion"},{"floor":29.0,"key":"SkillPotion"},{"floor":33.0,"key":"Swift Potion"},{"floor":45.0,"key":"Regen Potion"},{"floor":46.0,"key":"PowerPotion"}],"is_trial":false,"path_per_floor":["M","?","$","M","M","R","?","M","T","$","E","M","E","M","R","B",null,"M","?","M","$","M","R","E","R","T","M","E","M","E","?","R","B",null,"M","?","?","?","$","R","E","R","T","M","E","M","M","M","R","B","B",null,"R","$","E","B",null],"character_chosen":"THE_SILENT","items_purchased":["Impatience","Well Laid Plans","AttackPotion","Escape Plan","Acrobatics","War Paint","Weak Potion"],"campfire_rested":0,"item_purchase_floors":[3,10,21,39,54,54,54],"current_hp_per_floor":[58,40,40,35,31,31,31,9,9,9,4,3,9,8,8,7,47,44,44,42,42,42,42,46,46,46,46,46,46,45,45,45,45,56,51,51,51,51,51,51,51,51,51,51,66,70,70,70,70,70,70,70,70,70,70,28],"gold":70,"neow_bonus":"REMOVE_TWO","is_prod":false,"is_daily":false,"chose_seed":false,"campfire_upgraded":7,"win_rate":0,"timestamp":1568784487,"path_taken":["M","?","$","M","M","R","?","?","T","$","E","M","E","M","R","BOSS","M","?","M","$","M","R","E","R","T","M","E","M","E","?","R","BOSS","M","?","?","?","$","R","E","R","T","M","E","M","M","?","R","BOSS","BOSS","R","$","E","BOSS"],"build_version":"2019-09-17","purchased_purges":4,"victory":true,"max_hp_per_floor":[60,60,60,60,60,60,60,60,60,60,60,60,60,60,60,60,60,60,60,60,60,60,60,60,60,60,60,60,60,60,60,60,60,60,60,60,60,60,60,60,60,60,60,60,70,70,70,70,70,70,70,70,70,70,70,70],"card_choices":[{"not_picked":["Prepared","Outmaneuver"],"picked":"Noxious Fumes","floor":1.0},{"not_picked":["Blade Dance","Deadly Poison","Distraction"],"picked":"SKIP","floor":4.0},{"not_picked":["Blade Dance","Distraction"],"picked":"Deadly Poison","floor":4.0},{"not_picked":["Quick Slash","Eviscerate"],"picked":"Calculated Gamble","floor":5.0},{"not_picked":["Dagger Throw","Poisoned Stab","Quick Slash"],"picked":"SKIP","floor":8.0},{"not_picked":["Dagger Spray","Well Laid Plans"],"picked":"Burst","floor":11.0},{"not_picked":["Blur","Poisoned Stab","Leg Sweep"],"picked":"SKIP","floor":12.0},{"not_picked":["Masterful Stab","Skewer","Slice"],"picked":"SKIP","floor":13.0},{"not_picked":["Blade Dance","Dodge and Roll","Cloak And Dagger"],"picked":"SKIP","floor":14.0},{"not_picked":["Bullet Time","Phantasmal Killer"],"picked":"After Image","floor":16.0},{"not_picked":["Heel Hook","Dodge and Roll","Underhanded Strike"],"picked":"SKIP","floor":18.0},{"not_picked":["Underhanded Strike","Backflip","Deadly Poison"],"picked":"SKIP","floor":20.0},{"not_picked":["Underhanded Strike","Deadly Poison"],"picked":"Backflip","floor":20.0},{"not_picked":["Dodge and Roll","Die Die Die","Quick Slash"],"picked":"SKIP","floor":22.0},{"not_picked":["Flying Knee","Outmaneuver","Blade Dance+1"],"picked":"SKIP","floor":24.0},{"not_picked":["Bane","Terror"],"picked":"Tactician","floor":27.0},{"not_picked":["Well Laid Plans","Accuracy","Underhanded Strike"],"picked":"SKIP","floor":28.0},{"not_picked":["Blur","Predator","Cloak And Dagger"],"picked":"SKIP","floor":29.0},{"not_picked":["Bullet Time","Expertise+1","Infinite Blades"],"picked":"SKIP","floor":30.0},{"not_picked":["Blade Dance+1","Poisoned Stab","Footwork"],"picked":"SKIP","floor":35.0},{"not_picked":["Deadly Poison","Dodge and Roll","Masterful Stab"],"picked":"SKIP","floor":41.0},{"not_picked":["Predator","Dodge and Roll","Flying Knee+1"],"picked":"SKIP","floor":44.0},{"not_picked":["Bane","Outmaneuver"],"picked":"Adrenaline","floor":45.0},{"not_picked":["Dagger Throw","Well Laid Plans","Backflip+1"],"picked":"SKIP","floor":46.0},{"not_picked":["Outmaneuver","Endless Agony"],"picked":"Reflex","floor":47.0},{"not_picked":["Dagger Spray+1","Predator","Deadly Poison+1"],"picked":"SKIP","floor":48},{"not_picked":["Cloak And Dagger","Setup","Eviscerate+1"],"picked":"SKIP","floor":55}],"player_experience":1093159,"relics_obtained":[{"floor":9.0,"key":"Ornamental Fan"},{"floor":11.0,"key":"Toy Ornithopter"},{"floor":13.0,"key":"Ancient Tea Set"},{"floor":24.0,"key":"Gambling Chip"},{"floor":28.0,"key":"Ginger"},{"floor":30.0,"key":"Girya"},{"floor":36.0,"key":"CaptainsWheel"},{"floor":41.0,"key":"MawBank"},{"floor":45.0,"key":"Pear"},{"floor":55,"key":"Bag of Preparation"}],"event_choices":[{"damage_healed":0.0,"max_hp_gain":0.0,"max_hp_loss":0.0,"gold_gain":0.0,"event_name":"Shining Light","player_choice":"Entered Light","floor":2.0,"gold_loss":0.0,"damage_taken":18.0,"cards_upgraded":["Strike_G","Neutralize"]},{"damage_healed":0.0,"max_hp_gain":0.0,"max_hp_loss":0.0,"gold_gain":0.0,"event_name":"Accursed Blacksmith","player_choice":"Forge","floor":7.0,"gold_loss":0.0,"damage_taken":0.0,"cards_upgraded":["Deadly Poison"]},{"damage_healed":0.0,"max_hp_gain":0.0,"max_hp_loss":0.0,"gold_gain":0.0,"cards_transformed":["Strike_G","Strike_G"],"event_name":"Drug Dealer","player_choice":"Became Test Subject","floor":19.0,"gold_loss":0.0,"damage_taken":0.0,"cards_obtained":["Envenom","Malaise"]},{"cards_removed":["Defend_G"],"damage_healed":0.0,"max_hp_gain":0.0,"max_hp_loss":0.0,"gold_gain":0.0,"event_name":"Back to Basics","player_choice":"Elegance","floor":31.0,"gold_loss":0.0,"damage_taken":0.0},{"damage_healed":0.0,"max_hp_gain":0.0,"max_hp_loss":0.0,"gold_gain":0.0,"event_name":"MindBloom","player_choice":"Fight","floor":36.0,"gold_loss":0.0,"damage_taken":0.0},{"cards_removed":["Envenom"],"damage_healed":0.0,"max_hp_gain":0.0,"max_hp_loss":0.0,"gold_gain":0.0,"event_name":"Falling","player_choice":"Removed Power","floor":37.0,"gold_loss":0.0,"damage_taken":0.0},{"damage_healed":0.0,"max_hp_gain":0.0,"max_hp_loss":0.0,"gold_gain":0.0,"event_name":"Tomb of Lord Red Mask","player_choice":"Ignored","floor":38.0,"gold_loss":0.0,"damage_taken":0.0}],"is_beta":true,"boss_relics":[{"not_picked":["WristBlade","Fusion Hammer"],"picked":"Cursed Key"},{"not_picked":["Sozu","Snecko Eye"],"picked":"Astrolabe"}],"items_purged_floors":[10,21,39,54],"is_endless":false,"potions_floor_spawned":[1,8,11,12,14,16,20,27,28,29,33,44,45,46,47,55],"ascension_level":20}