{"gold_per_floor":[113,38,56,56,6,39,59,90,90,110,110,132,53,63,63,136,136,146,158,83,94,112,112,142,142,142,160,5,38,138,157,157,233,233,249,249,124,143,143,143,173,173],"floor_reached":42,"playtime":1786,"items_purged":["Strike_G","Strike_G","Strike_G"],"score":1402,"play_id":"0d587990-a537-4627-9137-d00562898fbf","local_time":"20190819081607","is_ascension_mode":true,"campfire_choices":[{"data":"Deadly Poison","floor":11.0,"key":"SMITH"},{"data":"Neutralize","floor":15.0,"key":"SMITH"},{"data":"Tactician","floor":23.0,"key":"SMITH"},{"data":"Catalyst","floor":25.0,"key":"SMITH"},{"data":"Acrobatics","floor":32.0,"key":"SMITH"},{"data":"Acrobatics","floor":40.0,"key":"SMITH"}],"neow_cost":"NONE","seed_source_timestamp":360577703342659,"circlet_count":0,"master_deck":["AscendersBane","Defend_G","Defend_G","Defend_G","Defend_G+1","Defend_G+1","Survivor","Neutralize+1","Deadly Poison+1","Heel Hook","Footwork","PiercingWail","Well Laid Plans","Bane","Venomology","Backflip","Acrobatics+1","Tactician+1","Acrobatics+1","Catalyst+1","Escape Plan+1","Noxious Fumes","Catalyst+1","Escape Plan"],"special_seed":0,"relics":["Ring of the Snake","NeowsBlessing","War Paint","Ninja Scroll","Mercury Hourglass","Orichalcum","Odd Mushroom","Orrery","Oddly Smooth Stone","Kunai","The Specimen","WingedGreaves","Dodecahedron","Runic Pyramid","Centennial Puzzle"],"potions_floor_usage":[42,42],"damage_taken":[{"damage":0.0,"enemies":"2 Louse","floor":1.0,"turns":1.0},{"damage":0.0,"enemies":"Cultist","floor":3.0,"turns":1.0},{"damage":0.0,"enemies":"Gremlin Nob","floor":6.0,"turns":1.0},{"damage":0.0,"enemies":"Small Slimes","floor":7.0,"turns":3.0},{"damage":53.0,"enemies":"Lagavulin","floor":8.0,"turns":13.0},{"damage":0.0,"enemies":"3 Louse","floor":10.0,"turns":2.0},{"damage":0.0,"enemies":"The Mushroom Lair","floor":12.0,"turns":4.0},{"damage":0.0,"enemies":"Exordium Thugs","floor":14.0,"turns":5.0},{"damage":0.0,"enemies":"Hexaghost","floor":16.0,"turns":10.0},{"damage":20.0,"enemies":"Spheric Guardian","floor":18.0,"turns":9.0},{"damage":16.0,"enemies":"Shell Parasite","floor":19.0,"turns":6.0},{"damage":0.0,"enemies":"Snecko","floor":21.0,"turns":6.0},{"damage":0.0,"enemies":"Centurion and Healer","floor":22.0,"turns":8.0},{"damage":0.0,"enemies":"Gremlin Leader","floor":24.0,"turns":6.0},{"damage":7.0,"enemies":"Sentry and Sphere","floor":27.0,"turns":5.0},{"damage":0.0,"enemies":"Book of Stabbing","floor":29.0,"turns":7.0},{"damage":1.0,"enemies":"Colosseum Slavers","floor":30.0,"turns":5.0},{"damage":2.0,"enemies":"Colosseum Nobs","floor":30.0,"turns":5.0},{"damage":2.0,"enemies":"Snecko","floor":31.0,"turns":8.0},{"damage":0.0,"enemies":"Champ","floor":33.0,"turns":10.0},{"damage":1.0,"enemies":"3 Shapes","floor":35.0,"turns":4.0},{"damage":5.0,"enemies":"3 Darklings","floor":38.0,"turns":6.0},{"damage":0.0,"enemies":"Giant Head","floor":41.0,"turns":6.0},{"damage":47,"enemies":"Reptomancer","floor":42,"turns":3}],"seed_played":"-9188015020641292773","potions_obtained":[{"floor":3.0,"key":"Explosive Potion"},{"floor":8.0,"key":"GamblersBrew"},{"floor":12.0,"key":"Weak Potion"},{"floor":16.0,"key":"PowerPotion"},{"floor":21.0,"key":"EssenceOfSteel"},{"floor":27.0,"key":"Strength Potion"},{"floor":30.0,"key":"Dexterity Potion"}],"is_trial":false,"path_per_floor":["M","?","M","$","?","E","M","E","T","M","R","?","$","M","R","B",null,"M","M","$","M","M","R","E","R","T","M","$","E","?","M","R","B",null,"M","?","$","M","?","R","E","E"],"character_chosen":"THE_SILENT","items_purchased":["Well Laid Plans","Swift Potion"],"campfire_rested":0,"item_purchase_floors":[13,28],"current_hp_per_floor":[59,59,59,59,59,59,59,6,6,6,6,6,6,6,6,6,51,31,15,15,15,15,15,15,15,15,8,8,8,5,3,3,3,50,49,49,49,44,44,44,44,0],"gold":173,"neow_bonus":"THREE_ENEMY_KILL","is_prod":false,"is_daily":false,"chose_seed":false,"campfire_upgraded":6,"win_rate":0,"timestamp":1566170167,"path_taken":["M","?","M","$","?","E","M","E","T","?","R","?","$","M","R","BOSS","M","M","$","M","M","R","E","R","T","M","$","E","?","M","R","BOSS","M","?","$","?","?","R","E","E"],"build_version":"2019-07-17","purchased_purges":3,"victory":false,"max_hp_per_floor":[66,66,66,66,66,66,66,66,66,66,66,66,66,66,66,66,66,66,66,66,66,66,66,66,66,66,66,66,66,66,66,66,66,66,66,66,66,66,66,66,66,66],"card_choices":[{"not_picked":["Flying Knee","Prepared"],"picked":"Deadly Poison","floor":1.0},{"not_picked":["Bane","Underhanded Strike","Heel Hook"],"picked":"SKIP","floor":3.0},{"not_picked":["Bane","Underhanded Strike"],"picked":"Heel Hook","floor":3.0},{"not_picked":["Cloak And Dagger","Blade Dance","Crippling Poison"],"picked":"SKIP","floor":6.0},{"not_picked":["All Out Attack","Dagger Spray","Cloak And Dagger"],"picked":"SKIP","floor":7.0},{"not_picked":["All Out Attack","Dagger Spray","Cloak And Dagger"],"picked":"SKIP","floor":7.0},{"not_picked":["All Out Attack","Distraction"],"picked":"Footwork","floor":8.0},{"not_picked":["Slice","Flying Knee"],"picked":"PiercingWail","floor":10.0},{"not_picked":["Bane","Choke","Dodge and Roll"],"picked":"SKIP","floor":14.0},{"not_picked":["Choke","Dodge and Roll"],"picked":"Bane","floor":14.0},{"not_picked":["Die Die Die","Phantasmal Killer"],"picked":"Venomology","floor":16.0},{"not_picked":["Blur","Dagger Throw"],"picked":"Backflip","floor":17.0},{"not_picked":["Sucker Punch","Deflect"],"picked":"Acrobatics","floor":17.0},{"not_picked":["Footwork","Quick Slash"],"picked":"Tactician","floor":17.0},{"not_picked":["Quick Slash","Finisher"],"picked":"Acrobatics","floor":17.0},{"not_picked":["Dagger Spray","Dodge and Roll"],"picked":"Catalyst","floor":18.0},{"not_picked":["Deadly Poison","Tools of the Trade"],"picked":"Escape Plan+1","floor":19.0},{"not_picked":["Deadly Poison","Poisoned Stab","Sucker Punch"],"picked":"SKIP","floor":21.0},{"not_picked":["Cloak And Dagger+1","Backflip"],"picked":"Noxious Fumes","floor":22.0},{"not_picked":["All Out Attack","Blade Dance","Infinite Blades"],"picked":"SKIP","floor":24.0},{"not_picked":["Underhanded Strike","Outmaneuver","Slice"],"picked":"SKIP","floor":27.0},{"not_picked":["Poisoned Stab","Dagger Spray","Deflect"],"picked":"SKIP","floor":29.0},{"not_picked":["Concentrate","Storm of Steel"],"picked":"Catalyst","floor":31.0},{"not_picked":["Blade Dance","Bane","Quick Slash"],"picked":"SKIP","floor":35.0},{"not_picked":["Poisoned Stab","Dodge and Roll","Skewer+1"],"picked":"SKIP","floor":38.0},{"not_picked":["Accuracy","Setup+1"],"picked":"Escape Plan","floor":41.0}],"player_experience":933531,"relics_obtained":[{"floor":6.0,"key":"Ninja Scroll"},{"floor":8.0,"key":"Mercury Hourglass"},{"floor":9.0,"key":"Orichalcum"},{"floor":12.0,"key":"Odd Mushroom"},{"floor":24.0,"key":"Oddly Smooth Stone"},{"floor":26.0,"key":"Kunai"},{"floor":29.0,"key":"The Specimen"},{"floor":30.0,"key":"WingedGreaves"},{"floor":30.0,"key":"Dodecahedron"},{"floor":41.0,"key":"Centennial Puzzle"}],"event_choices":[{"cards_removed":["Strike_G"],"damage_healed":0.0,"max_hp_gain":0.0,"max_hp_loss":0.0,"gold_gain":0.0,"event_name":"The Cleric","player_choice":"Card Removal","floor":2.0,"gold_loss":75.0,"damage_taken":0.0},{"damage_healed":0.0,"max_hp_gain":0.0,"max_hp_loss":0.0,"gold_gain":0.0,"event_name":"WeMeetAgain","player_choice":"Paid Gold","floor":5.0,"gold_loss":50.0,"damage_taken":0.0,"relics_obtained":["War Paint"]},{"damage_healed":0.0,"max_hp_gain":0.0,"max_hp_loss":0.0,"gold_gain":0.0,"event_name":"Mushrooms","player_choice":"Fought Mushrooms","floor":12.0,"gold_loss":0.0,"damage_taken":0.0},{"damage_healed":0.0,"max_hp_gain":0.0,"max_hp_loss":0.0,"gold_gain":0.0,"event_name":"Colosseum","player_choice":"Fight","floor":30.0,"gold_loss":0.0,"damage_taken":0.0},{"damage_healed":0.0,"max_hp_gain":0.0,"max_hp_loss":0.0,"gold_gain":0.0,"event_name":"Colosseum","player_choice":"Fought Nobs","floor":30.0,"gold_loss":0.0,"damage_taken":0.0},{"cards_removed":["Strike_G"],"damage_healed":0.0,"max_hp_gain":0.0,"max_hp_loss":0.0,"gold_gain":0.0,"event_name":"Bonfire Elementals","player_choice":"Offered Basic","floor":36.0,"gold_loss":0.0,"damage_taken":0.0},{"damage_healed":0.0,"max_hp_gain":0.0,"max_hp_loss":0.0,"gold_gain":0.0,"event_name":"Upgrade Shrine","player_choice":"Upgraded","floor":39.0,"gold_loss":0.0,"damage_taken":0.0,"cards_upgraded":["Catalyst"]}],"is_beta":false,"boss_relics":[{"not_picked":["Astrolabe","Eternal Feather"],"picked":"Orrery"},{"not_picked":["Cursed Key","Philosopher\u0027s Stone"],"picked":"Runic Pyramid"}],"items_purged_floors":[20,28,37],"is_endless":false,"potions_floor_spawned":[3,8,12,16,19,21,27,29,30,30,38],"killed_by":"Reptomancer","ascension_level":20}