{"path_per_floor":["M","?","M","M","M","E","?","M","T","?","M","M","T","M","R"],"character_chosen":"DEFECT","items_purchased":[],"gold_per_floor":[115,115,132,149,169,198,198,214,237,237,247,262,332,343,343,343],"floor_reached":16,"campfire_rested":1,"playtime":1114,"item_purchase_floors":[],"current_hp_per_floor":[65,65,65,62,61,18,18,18,18,18,18,6,6,4,43,43],"items_purged":[],"gold":343,"score":143,"play_id":"21101699-0945-4b79-82fe-f7164b2a0ecd","local_time":"20180609143946","is_prod":false,"is_daily":false,"chose_seed":false,"is_ascension_mode":true,"campfire_upgraded":0,"win_rate":0,"timestamp":1528547986,"campfire_choices":[{"floor":15,"key":"REST"}],"path_taken":["M","?","M","M","M","E","?","M","T","?","M","M","?","M","R","BOSS"],"build_version":"2018-06-07v3","seed_source_timestamp":78091626970633,"purchased_purges":0,"victory":false,"master_deck":["Strike_B","Strike_B","Strike_B","Strike_B","Defend_B","Defend_B","Defend_B","Defend_B","Zap+1","Dualcast","Leap","Steam","Capacitor","Blizzard+1"],"max_hp_per_floor":[75,75,75,75,75,80,80,80,80,80,80,80,80,80,80,80],"relics":["Cracked Core","Molten Egg 2","Regal Pillow","Ornamental Fan"],"card_choices":[{"not_picked":["Heatsinks","Skim"],"picked":"Leap","floor":0},{"not_picked":["Rebound","Coolheaded"],"picked":"Steam","floor":1},{"not_picked":["Rebound","Gash"],"picked":"Capacitor","floor":3},{"not_picked":["Turbo","Redo","Blizzard"],"picked":"SKIP","floor":4},{"not_picked":["Static Discharge","Stack","Force Field"],"picked":"SKIP","floor":5},{"not_picked":["Turbo","Static Discharge","FTL"],"picked":"SKIP","floor":6},{"not_picked":["Compile Driver+1","Force Field","Reprogram"],"picked":"SKIP","floor":8},{"not_picked":["Force Field","Barrage+1","Turbo"],"picked":"SKIP","floor":11},{"not_picked":["Cold Snap+1","Glacier","Capacitor"],"picked":"SKIP","floor":12},{"not_picked":["Chill","Steam"],"picked":"Blizzard+1","floor":14}],"player_experience":831195,"potions_floor_usage":[6,11],"damage_taken":[{"damage":3,"enemies":"Jaw Worm","floor":1,"turns":3},{"damage":0,"enemies":"Cultist","floor":3,"turns":3},{"damage":3,"enemies":"2 Louse","floor":4,"turns":3},{"damage":1,"enemies":"Looter","floor":5,"turns":4},{"damage":48,"enemies":"Gremlin Nob","floor":6,"turns":5},{"damage":0,"enemies":"Exordium Thugs","floor":8,"turns":4},{"damage":0,"enemies":"2 Fungi Beasts","floor":11,"turns":3},{"damage":12,"enemies":"Lots of Slimes","floor":12,"turns":5},{"damage":2,"enemies":"Looter","floor":14,"turns":4},{"damage":0,"enemies":"The Guardian","floor":16,"turns":1}],"relics_obtained":[{"floor":6,"key":"Molten Egg 2"},{"floor":9,"key":"Regal Pillow"},{"floor":13,"key":"Ornamental Fan"}],"event_choices":[{"event_name":"The Woman in Blue","player_choice":"Bought 0 Potions","floor":2,"damage_taken":0},{"event_name":"Liars Game","player_choice":"disagreed","floor":7,"damage_taken":0},{"event_name":"Upgrade Shrine","player_choice":"Upgraded","floor":10,"damage_taken":0}],"boss_relics":[],"items_purged_floors":[],"potions_floor_spawned":[5,6,8,14],"seed_played":"6820482701294236251","killed_by":"The Guardian","ascension_level":7,"potions_obtained":[{"floor":5,"key":"Fruit Juice"},{"floor":6,"key":"Swift Potion"},{"floor":8,"key":"Fire Potion"},{"floor":14,"key":"Energy Potion"}],"is_trial":false}