{"path_per_floor":["M","$","?","M","M","R","M","M","T","?","M","R","E","M","R"],"character_chosen":"DEFECT","items_purchased":[],"gold_per_floor":[111,36,36,52,62,62,82,93,163,163,181,181,207,220,220,220],"floor_reached":16,"campfire_rested":0,"playtime":795,"item_purchase_floors":[],"current_hp_per_floor":[75,75,68,68,66,66,58,58,58,58,48,48,33,15,15,0],"items_purged":["Decay"],"gold":220,"score":130,"play_id":"3868fb90-83d1-4fc5-9a2e-94f798178c09","local_time":"20180606233458","is_prod":false,"is_daily":false,"chose_seed":false,"is_ascension_mode":true,"campfire_upgraded":3,"win_rate":0,"timestamp":1528320898,"campfire_choices":[{"data":"Machine Learning","floor":6,"key":"SMITH"},{"data":"Zap","floor":12,"key":"SMITH"},{"data":"Go for the Eyes","floor":15,"key":"SMITH"}],"path_taken":["M","$","?","M","?","R","?","M","T","?","M","R","E","M","R","BOSS"],"build_version":"2018-05-31","seed_source_timestamp":225532578362178,"purchased_purges":1,"victory":false,"master_deck":["Strike_B","Strike_B","Strike_B","Defend_B","Defend_B","Defend_B","Defend_B","Zap+1","Dualcast","Machine Learning+1","Go for the Eyes+1","Hologram","Turbo","White Noise","Hologram","Leap"],"max_hp_per_floor":[75,75,75,75,75,75,75,75,75,75,75,75,75,75,75,75],"relics":["Cracked Core","Matryoshka","Ginger"],"card_choices":[{"not_picked":["Meteor Strike","Amplify"],"picked":"Machine Learning","floor":0},{"not_picked":["Melter","Chill"],"picked":"Go for the Eyes","floor":1},{"not_picked":["Conserve Battery","Recycle","Rebound"],"picked":"SKIP","floor":4},{"not_picked":["Darkness","Chaos"],"picked":"Hologram","floor":5},{"not_picked":["Lockon","Cold Snap"],"picked":"Turbo","floor":7},{"not_picked":["Steam","Skim"],"picked":"White Noise","floor":8},{"not_picked":["Rebound","Streamline"],"picked":"Hologram","floor":11},{"not_picked":["White Noise","Steam Power"],"picked":"Leap","floor":13},{"not_picked":["Cold Snap","Stack","Compile Driver"],"picked":"SKIP","floor":14}],"player_experience":793227,"potions_floor_usage":[8,11,11],"damage_taken":[{"damage":0,"enemies":"Small Slimes","floor":1,"turns":2},{"damage":0,"enemies":"Cultist","floor":4,"turns":3},{"damage":2,"enemies":"2 Louse","floor":5,"turns":2},{"damage":8,"enemies":"Red Slaver","floor":7,"turns":4},{"damage":0,"enemies":"Lots of Slimes","floor":8,"turns":1},{"damage":10,"enemies":"Gremlin Gang","floor":11,"turns":4},{"damage":15,"enemies":"Lagavulin","floor":13,"turns":5},{"damage":18,"enemies":"3 Louse","floor":14,"turns":3},{"damage":18,"enemies":"Hexaghost","floor":16,"turns":9}],"relics_obtained":[{"floor":9,"key":"Matryoshka"},{"floor":13,"key":"Ginger"}],"event_choices":[{"event_name":"Golden Wing","player_choice":"Card Removal","floor":3,"damage_taken":0},{"event_name":"Match and Keep!","player_choice":"0 cards matched","floor":10,"damage_taken":0}],"boss_relics":[],"items_purged_floors":[2],"potions_floor_spawned":[4,7,8],"seed_played":"6962735051615219069","killed_by":"Hexaghost","ascension_level":5,"potions_obtained":[{"floor":4,"key":"GamblersBrew"},{"floor":7,"key":"Explosive Potion"},{"floor":8,"key":"Explosive Potion"}],"is_trial":false}