{"gold_per_floor":[117,192,192,202,253,283,335,19,96,114,132,132,54,64,64,160,160,149,161,4,17,33,33,48,77,77,77,77,92,92,110,110,210,210,226,62,62,162,172,172,198,198,224,224,236,249,268,284,284,284],"floor_reached":50,"playtime":4444,"items_purged":["Strike_R"],"score":622,"play_id":"23cb1e3e-ba5b-4915-9e90-3bd7fd52c790","local_time":"20190920112701","is_ascension_mode":true,"campfire_choices":[{"floor":15,"key":"REST"},{"floor":23,"key":"REST"},{"floor":27,"key":"REST"},{"data":"Armaments","floor":32,"key":"SMITH"},{"data":"Bludgeon","floor":40,"key":"SMITH"},{"data":"Heavy Blade","floor":42,"key":"SMITH"},{"data":"Inflame","floor":49,"key":"SMITH"}],"neow_cost":"NONE","seed_source_timestamp":302412232345719,"circlet_count":0,"master_deck":["Strike_R","Strike_R","Strike_R","Strike_R","Defend_R","Defend_R","Defend_R","Defend_R","Bash","Heavy Blade+1","Searing Blow","Reaper","Inflame+1","Thunderclap","Armaments+1","Reaper","Dual Wield+1","Uppercut+1","Battle Trance","Inflame","Ghostly Armor+1","Carnage","Inflame+1","Bludgeon+1","Shockwave+1","Carnage","Panacea","Heavy Blade+1","Searing Blow","Rage+1","Writhe","Parasite","Iron Wave","Flex+1","Shrug It Off"],"relics":["Black Blood","Calipers","Red Skull","Pear","Darkstone Periapt","Snecko Eye","Anchor","Ginger","PreservedInsect","Peace Pipe","Juzu Bracelet","Oddly Smooth Stone"],"potions_floor_usage":[6,14,16,16,22,41,50,50,50],"damage_taken":[{"damage":12,"enemies":"Small Slimes","floor":1,"turns":4},{"damage":8,"enemies":"2 Louse","floor":4,"turns":3},{"damage":43,"enemies":"Gremlin Nob","floor":6,"turns":5},{"damage":6,"enemies":"Jaw Worm","floor":10,"turns":3},{"damage":23,"enemies":"Exordium Thugs","floor":11,"turns":5},{"damage":43,"enemies":"Gremlin Gang","floor":14,"turns":4},{"damage":41,"enemies":"Slime Boss","floor":16,"turns":7},{"damage":25,"enemies":"2 Thieves","floor":18,"turns":4},{"damage":53,"enemies":"3 Byrds","floor":19,"turns":7},{"damage":22,"enemies":"Centurion and Healer","floor":21,"turns":5},{"damage":17,"enemies":"Snake Plant","floor":22,"turns":5},{"damage":22,"enemies":"Snecko","floor":24,"turns":4},{"damage":17,"enemies":"Book of Stabbing","floor":25,"turns":4},{"damage":19,"enemies":"Centurion and Healer","floor":29,"turns":5},{"damage":11,"enemies":"Shelled Parasite and Fungi","floor":31,"turns":4},{"damage":49,"enemies":"Champ","floor":33,"turns":10},{"damage":7,"enemies":"Orb Walker","floor":35,"turns":3},{"damage":0,"enemies":"Mind Bloom Boss Battle","floor":38,"turns":5},{"damage":17,"enemies":"3 Darklings","floor":39,"turns":5},{"damage":26,"enemies":"Giant Head","floor":41,"turns":6},{"damage":41,"enemies":"Writhing Mass","floor":45,"turns":5},{"damage":16,"enemies":"Maw","floor":46,"turns":7},{"damage":17,"enemies":"Jaw Worm Horde","floor":47,"turns":3},{"damage":42,"enemies":"Spire Growth","floor":48,"turns":4},{"damage":147,"enemies":"Awakened One","floor":50,"turns":11}],"seed_played":"-1163322373161752279","potions_obtained":[{"floor":4,"key":"SkillPotion"},{"floor":6,"key":"DuplicationPotion"},{"floor":10,"key":"GamblersBrew"},{"floor":11,"key":"Fire Potion"},{"floor":19,"key":"Swift Potion"},{"floor":21,"key":"Weak Potion"},{"floor":38,"key":"LiquidBronze"},{"floor":46,"key":"Fire Potion"},{"floor":47,"key":"Energy Potion"}],"is_trial":false,"path_per_floor":["M","?","?","M","?","E","T","$","T","M","M","?","$","M","R","B",null,"M","M","$","M","M","R","M","E","T","R","?","M","?","M","R","B",null,"M","$","?","?","M","R","E","R","T","?","M","M","M","M","R","B"],"character_chosen":"IRONCLAD","items_purchased":["Pear","Inflame","Regen Potion","Anchor","Carnage","BloodPotion"],"campfire_rested":3,"item_purchase_floors":[8,8,13,20,36,36],"current_hp_per_floor":[82,71,76,74,74,37,37,47,47,54,46,46,46,39,69,38,103,84,58,58,49,46,76,79,74,74,103,103,90,90,94,94,64,103,103,103,103,103,103,103,98,98,98,109,95,110,114,93,93,0],"gold":284,"neow_bonus":"TEN_PERCENT_HP_BONUS","is_prod":false,"is_daily":false,"chose_seed":false,"campfire_upgraded":4,"win_rate":0,"timestamp":1569004021,"path_taken":["M","?","?","M","?","E","?","$","T","M","M","?","?","M","R","BOSS","M","M","$","M","M","R","M","E","T","R","?","M","?","M","R","BOSS","M","$","?","?","?","R","E","R","T","?","M","M","M","M","R","BOSS"],"build_version":"2019-09-19","purchased_purges":1,"victory":false,"max_hp_per_floor":[88,88,93,93,93,93,93,103,103,103,103,103,103,103,103,103,103,103,103,103,103,103,103,103,103,103,103,103,103,103,103,103,103,103,103,103,103,103,103,103,103,103,103,109,115,115,115,115,115,115],"card_choices":[{"not_picked":["Perfected Strike","Corruption"],"picked":"Heavy Blade","floor":1},{"not_picked":["Seeing Red","Headbutt"],"picked":"Searing Blow","floor":4},{"not_picked":["Rampage","Brutality"],"picked":"Reaper","floor":6},{"not_picked":["Anger","Dropkick"],"picked":"Thunderclap","floor":10},{"not_picked":["Anger","Headbutt","True Grit"],"picked":"SKIP","floor":11},{"not_picked":["Thunderclap","Feel No Pain"],"picked":"Armaments","floor":14},{"not_picked":["Feed","Double Tap"],"picked":"Reaper","floor":16},{"not_picked":["Headbutt","Whirlwind+1"],"picked":"Dual Wield+1","floor":18},{"not_picked":["True Grit","Pummel+1"],"picked":"Uppercut+1","floor":19},{"not_picked":["Disarm","Pommel Strike"],"picked":"Battle Trance","floor":21},{"not_picked":["Battle Trance+1","Twin Strike"],"picked":"Inflame","floor":22},{"not_picked":["Rupture","Reckless Charge","Pommel Strike"],"picked":"SKIP","floor":24},{"not_picked":["Anger","Combust"],"picked":"Ghostly Armor+1","floor":25},{"not_picked":["Rage","Spot Weakness"],"picked":"Carnage","floor":29},{"not_picked":["Headbutt","Dropkick"],"picked":"Inflame+1","floor":31},{"not_picked":["Brutality","Offering"],"picked":"Bludgeon","floor":33},{"not_picked":["Clothesline+1","Disarm"],"picked":"Shockwave+1","floor":35},{"not_picked":["Mind Blast","Jack Of All Trades"],"picked":"Panacea","floor":37},{"not_picked":["Bloodletting","Clothesline+1"],"picked":"Heavy Blade+1","floor":38},{"not_picked":["Corruption+1","Sword Boomerang+1"],"picked":"Searing Blow","floor":39},{"not_picked":["Body Slam","Thunderclap"],"picked":"Rage+1","floor":41},{"not_picked":["Corruption","Anger"],"picked":"Iron Wave","floor":45},{"not_picked":["Limit Break","Iron Wave+1"],"picked":"Flex+1","floor":46},{"not_picked":["Twin Strike","Bloodletting+1"],"picked":"Shrug It Off","floor":47},{"not_picked":["Clash","Feel No Pain+1","Combust"],"picked":"SKIP","floor":48}],"player_experience":79513,"relics_obtained":[{"floor":6,"key":"Calipers"},{"floor":7,"key":"Red Skull"},{"floor":9,"key":"Darkstone Periapt"},{"floor":25,"key":"Ginger"},{"floor":26,"key":"PreservedInsect"},{"floor":38,"key":"Peace Pipe"},{"floor":41,"key":"Juzu Bracelet"},{"floor":43,"key":"Oddly Smooth Stone"}],"event_choices":[{"damage_healed":0,"gold_gain":75,"player_choice":"Gather Gold","damage_taken":11,"max_hp_gain":0,"max_hp_loss":0,"event_name":"World of Goop","floor":2,"gold_loss":0},{"damage_healed":0,"gold_gain":0,"player_choice":"Donut","damage_taken":0,"max_hp_gain":5,"max_hp_loss":0,"event_name":"Big Fish","floor":3,"gold_loss":0},{"damage_healed":0,"gold_gain":51,"player_choice":"Gained Gold","damage_taken":0,"max_hp_gain":0,"max_hp_loss":0,"event_name":"Golden Wing","floor":5,"gold_loss":0},{"damage_healed":0,"gold_gain":0,"player_choice":"Ignored","damage_taken":0,"max_hp_gain":0,"max_hp_loss":0,"event_name":"Shining Light","floor":12,"gold_loss":0},{"damage_healed":0,"gold_gain":0,"player_choice":"Ignored","damage_taken":0,"max_hp_gain":0,"max_hp_loss":0,"event_name":"Vampires","floor":28,"gold_loss":0},{"damage_healed":0,"gold_gain":0,"player_choice":"Ignored","damage_taken":0,"max_hp_gain":0,"max_hp_loss":0,"event_name":"Cursed Tome","floor":30,"gold_loss":0},{"damage_healed":0,"gold_gain":0,"player_choice":"Memory 1","damage_taken":0,"max_hp_gain":0,"max_hp_loss":0,"event_name":"SensoryStone","floor":37,"gold_loss":0},{"damage_healed":0,"gold_gain":0,"player_choice":"Fight","damage_taken":0,"max_hp_gain":0,"max_hp_loss":0,"event_name":"MindBloom","floor":38,"gold_loss":0},{"damage_healed":26,"gold_gain":0,"player_choice":"Writhe","damage_taken":0,"max_hp_gain":0,"max_hp_loss":0,"event_name":"Winding Halls","floor":44,"gold_loss":0,"cards_obtained":["Writhe"]}],"is_beta":true,"boss_relics":[{"not_picked":["Runic Cube","Ectoplasm"],"picked":"Snecko Eye"},{"not_picked":["Coffee Dripper","Runic Dome"],"picked":"Black Blood"}],"items_purged_floors":[36],"is_endless":false,"potions_floor_spawned":[4,6,10,11,19,21,38,46,47,48],"killed_by":"Awakened One","ascension_level":1}