{"gold_per_floor":[113,188,204,204,204,239,239,414,414,414,448,90,55,84,84,84],"floor_reached":16,"playtime":880,"items_purged":["Doubt"],"score":164,"play_id":"b037582d-0d48-4cee-b1e2-d2c52cf7d9aa","local_time":"20190917225234","is_ascension_mode":false,"campfire_choices":[{"data":"Finisher","floor":7,"key":"SMITH"},{"data":"Neutralize","floor":10,"key":"SMITH"},{"floor":15,"key":"REST"}],"neow_cost":"NONE","seed_source_timestamp":1835074825521200,"circlet_count":0,"master_deck":["Strike_G","Strike_G","Strike_G","Strike_G","Defend_G","Defend_G","Defend_G","Defend_G","Defend_G","Survivor","Neutralize+1","Deflect","Finisher+1","Footwork+1","Blade Dance"],"relics":["Ring of the Snake","NeowsBlessing","Ninja Scroll","Frozen Egg 2","Orichalcum","Strawberry","Omamori"],"potions_floor_usage":[16],"damage_taken":[{"damage":0,"enemies":"Small Slimes","floor":1,"turns":1},{"damage":0,"enemies":"2 Louse","floor":3,"turns":1},{"damage":0,"enemies":"Lagavulin","floor":6,"turns":1},{"damage":58,"enemies":"3 Sentries","floor":11,"turns":17},{"damage":0,"enemies":"Gremlin Nob","floor":14,"turns":2},{"damage":57,"enemies":"Hexaghost","floor":16,"turns":21}],"seed_played":"8534260206021353235","potions_obtained":[{"floor":3,"key":"Energy Potion"}],"is_trial":false,"path_per_floor":["M","?","M","?","?","E","R","?","T","R","E","$","?","E","R","B"],"character_chosen":"THE_SILENT","items_purchased":["Footwork+1","Strawberry","Dexterity Potion"],"campfire_rested":1,"item_purchase_floors":[12,12,12],"current_hp_per_floor":[70,59,59,59,64,64,64,64,64,64,6,13,33,33,57,0],"gold":84,"neow_bonus":"THREE_ENEMY_KILL","is_prod":false,"is_daily":false,"chose_seed":false,"campfire_upgraded":2,"win_rate":0.0,"timestamp":1568775154,"path_taken":["M","?","M","?","?","E","R","?","T","R","E","$","?","E","R","BOSS"],"build_version":"2019-07-17","purchased_purges":1,"victory":false,"max_hp_per_floor":[70,70,70,70,75,75,75,75,75,75,75,82,82,82,82,82],"card_choices":[{"not_picked":["Deadly Poison","Poisoned Stab","Underhanded Strike"],"picked":"SKIP","floor":1},{"not_picked":["Prepared","Eviscerate","Choke"],"picked":"SKIP","floor":3},{"not_picked":["Dagger Throw","Venomology"],"picked":"Finisher","floor":6},{"not_picked":["Catalyst","Underhanded Strike","Crippling Poison"],"picked":"SKIP","floor":11},{"not_picked":["Escape Plan","Deflect"],"picked":"Blade Dance","floor":14}],"player_experience":50776,"relics_obtained":[{"floor":6,"key":"Ninja Scroll"},{"floor":9,"key":"Frozen Egg 2"},{"floor":11,"key":"Orichalcum"},{"floor":14,"key":"Omamori"}],"event_choices":[{"damage_healed":0,"gold_gain":75,"player_choice":"Gather Gold","damage_taken":11,"max_hp_gain":0,"max_hp_loss":0,"event_name":"World of Goop","floor":2,"gold_loss":0},{"damage_healed":0,"gold_gain":0,"cards_transformed":["Strike_G"],"player_choice":"Change","damage_taken":0,"max_hp_gain":0,"max_hp_loss":0,"event_name":"Living Wall","floor":4,"gold_loss":0,"cards_obtained":["Deflect"]},{"damage_healed":0,"gold_gain":0,"player_choice":"Donut","damage_taken":0,"max_hp_gain":5,"max_hp_loss":0,"event_name":"Big Fish","floor":5,"gold_loss":0},{"damage_healed":0,"gold_gain":175,"player_choice":"AGREE","damage_taken":0,"max_hp_gain":0,"max_hp_loss":0,"event_name":"Liars Game","floor":8,"gold_loss":0,"cards_obtained":["Doubt"]},{"damage_healed":20,"gold_gain":0,"player_choice":"Healed","damage_taken":0,"max_hp_gain":0,"max_hp_loss":0,"event_name":"The Cleric","floor":13,"gold_loss":35}],"is_beta":false,"boss_relics":[],"items_purged_floors":[12],"is_endless":false,"potions_floor_spawned":[3],"killed_by":"Hexaghost","ascension_level":0}