{"gold_per_floor":[115,20,40,40,50,50,81,81,81,92,107,107,107,134,134,134],"floor_reached":16,"playtime":381,"items_purged":[],"score":270,"play_id":"2658690d-5569-43c1-886a-9ebade24a816","local_time":"20190918221121","is_ascension_mode":true,"campfire_choices":[{"data":"Armaments","floor":6.0,"key":"SMITH"},{"data":"Offering","floor":8.0,"key":"SMITH"},{"data":"Burning Pact","floor":13.0,"key":"SMITH"},{"data":"True Grit","floor":15.0,"key":"SMITH"}],"neow_cost":"NONE","seed_source_timestamp":707048271896806,"circlet_count":0,"master_deck":["AscendersBane","Strike_R","Strike_R","Strike_R","Strike_R","Defend_R","Defend_R","Defend_R","Defend_R","Bash","Armaments+1","Power Through","True Grit+1","Body Slam","Burning Pact+1","Offering+1","Feel No Pain"],"special_seed":0,"relics":["Burning Blood","NeowsBlessing","The Courier","Shuriken","Akabeko"],"potions_floor_usage":[16,16],"damage_taken":[{"damage":0.0,"enemies":"Small Slimes","floor":1.0,"turns":1.0},{"damage":0.0,"enemies":"Cultist","floor":3.0,"turns":1.0},{"damage":0.0,"enemies":"Jaw Worm","floor":5.0,"turns":1.0},{"damage":6.0,"enemies":"Gremlin Nob","floor":7.0,"turns":2.0},{"damage":25.0,"enemies":"Lots of Slimes","floor":10.0,"turns":8.0},{"damage":7.0,"enemies":"Gremlin Gang","floor":11.0,"turns":2.0},{"damage":21.0,"enemies":"Lagavulin","floor":14.0,"turns":8.0},{"damage":30,"enemies":"Slime Boss","floor":16,"turns":9}],"seed_played":"-3542056564823652754","potions_obtained":[{"floor":1.0,"key":"GamblersBrew"},{"floor":7.0,"key":"SteroidPotion"},{"floor":10.0,"key":"AttackPotion"},{"floor":14.0,"key":"SneckoOil"}],"is_trial":false,"path_per_floor":["M","$","M","?","M","R","E","R","T","M","M","?","R","E","R","B"],"character_chosen":"IRONCLAD","items_purchased":["Power Through","True Grit"],"campfire_rested":0,"item_purchase_floors":[2,2],"current_hp_per_floor":[74,74,75,75,75,75,75,75,75,56,55,48,48,33,33,3],"gold":134,"neow_bonus":"THREE_ENEMY_KILL","is_prod":false,"is_daily":false,"chose_seed":false,"campfire_upgraded":4,"win_rate":0,"timestamp":1568815881,"path_taken":["M","$","M","?","?","R","E","R","T","M","M","?","R","E","R","BOSS"],"build_version":"2019-09-17","purchased_purges":0,"victory":false,"max_hp_per_floor":[75,75,75,75,75,75,75,75,75,75,75,75,75,75,75,75],"card_choices":[{"not_picked":["Shockwave","Cleave"],"picked":"Armaments","floor":1.0},{"not_picked":["Metallicize","Shrug It Off"],"picked":"Body Slam","floor":3.0},{"not_picked":["Armaments","Pommel Strike","Iron Wave"],"picked":"SKIP","floor":5.0},{"not_picked":["Wild Strike","Searing Blow","Combust"],"picked":"SKIP","floor":7.0},{"not_picked":["Flex","Clothesline","Infernal Blade"],"picked":"SKIP","floor":10.0},{"not_picked":["Blood for Blood","Dropkick","Flex"],"picked":"SKIP","floor":11.0},{"not_picked":["Rupture","Anger"],"picked":"Feel No Pain","floor":14.0}],"player_experience":847033,"relics_obtained":[{"floor":7.0,"key":"The Courier"},{"floor":9.0,"key":"Shuriken"},{"floor":14.0,"key":"Akabeko"}],"event_choices":[{"damage_healed":0.0,"max_hp_gain":0.0,"max_hp_loss":0.0,"gold_gain":0.0,"event_name":"Match and Keep!","player_choice":"2 cards matched","floor":4.0,"gold_loss":0.0,"damage_taken":0.0,"cards_obtained":["Burning Pact","Offering"]},{"cards_removed":["Strike_R"],"damage_healed":0.0,"max_hp_gain":0.0,"max_hp_loss":0.0,"gold_gain":0.0,"event_name":"Golden Wing","player_choice":"Card Removal","floor":12.0,"gold_loss":0.0,"damage_taken":7.0}],"is_beta":true,"boss_relics":[],"items_purged_floors":[],"is_endless":false,"potions_floor_spawned":[1,7,10,14],"killed_by":"Slime Boss","ascension_level":20}