{"gold_per_floor":[119,41,116,116,130,130,162,162,189,223,236,161,93,113,113,113],"floor_reached":16,"playtime":1574,"items_purged":[],"score":233,"play_id":"cbd08eaf-18f9-4afa-a887-a93c8196366c","local_time":"20190129215826","is_ascension_mode":true,"campfire_choices":[{"data":"Zap","floor":6.0,"key":"SMITH"},{"data":"Dualcast","floor":8.0,"key":"SMITH"},{"floor":15,"key":"REST"}],"neow_cost":"NONE","seed_source_timestamp":115115862384205,"circlet_count":0,"master_deck":["AscendersBane","Strike_B","Strike_B+1","Strike_B+1","Defend_B","Defend_B","Defend_B","Defend_B","Zap+1","Dualcast+1","Compile Driver","Capacitor","Loop","Loop","Ball Lightning","Glacier","Cold Snap"],"special_seed":0,"relics":["Cracked Core","NeowsBlessing","Bronze Scales","Pen Nib","Whetstone"],"potions_floor_usage":[16],"damage_taken":[{"damage":0.0,"enemies":"Small Slimes","floor":1.0,"turns":1.0},{"damage":0.0,"enemies":"Jaw Worm","floor":5.0,"turns":1.0},{"damage":0.0,"enemies":"Gremlin Nob","floor":7.0,"turns":1.0},{"damage":20.0,"enemies":"3 Sentries","floor":10.0,"turns":5.0},{"damage":9.0,"enemies":"2 Louse","floor":11.0,"turns":2.0},{"damage":20.0,"enemies":"2 Fungi Beasts","floor":14.0,"turns":2.0},{"damage":32,"enemies":"The Guardian","floor":16,"turns":5}],"seed_played":"-4883179727190292060","potions_obtained":[{"floor":14,"key":"LiquidBronze"}],"is_trial":false,"path_per_floor":["M","$","?","?","M","R","E","R","T","E","M","?","$","M","R","B"],"character_chosen":"DEFECT","items_purchased":["Capacitor","Glacier"],"campfire_rested":1,"item_purchase_floors":[2,13],"current_hp_per_floor":[64,64,53,58,58,58,58,58,58,38,29,29,29,9,31,0],"gold":113,"neow_bonus":"THREE_ENEMY_KILL","is_prod":false,"is_daily":false,"chose_seed":false,"campfire_upgraded":2,"win_rate":0,"timestamp":1548795506,"path_taken":["M","$","?","?","M","R","E","R","T","E","M","?","?","M","R","BOSS"],"build_version":"2019-01-17v2","purchased_purges":0,"victory":false,"max_hp_per_floor":[71,71,71,76,76,76,76,76,76,76,76,76,76,76,76,76],"card_choices":[{"not_picked":["Steam","Static Discharge"],"picked":"Compile Driver","floor":1.0},{"not_picked":["Redo","Tempest"],"picked":"Loop","floor":5.0},{"not_picked":["Leap","Rebound"],"picked":"Loop","floor":7.0},{"not_picked":["Storm","Recycle","Blizzard"],"picked":"SKIP","floor":10.0},{"not_picked":["Stack","FTL"],"picked":"Ball Lightning","floor":11.0},{"not_picked":["Conserve Battery","Turbo"],"picked":"Cold Snap","floor":14}],"player_experience":1182289,"relics_obtained":[{"floor":7.0,"key":"Bronze Scales"},{"floor":9.0,"key":"Pen Nib"},{"floor":10.0,"key":"Whetstone"}],"event_choices":[{"damage_healed":0.0,"max_hp_gain":0.0,"max_hp_loss":0.0,"gold_gain":75.0,"event_name":"World of Goop","player_choice":"Gather Gold","floor":3.0,"gold_loss":0.0,"damage_taken":11.0},{"damage_healed":0.0,"max_hp_gain":5.0,"max_hp_loss":0.0,"gold_gain":0.0,"event_name":"Big Fish","player_choice":"Donut","floor":4.0,"gold_loss":0.0,"damage_taken":0.0},{"cards_removed":["Strike_B"],"damage_healed":0.0,"max_hp_gain":0.0,"max_hp_loss":0.0,"gold_gain":0.0,"event_name":"The Cleric","player_choice":"Card Removal","floor":12.0,"gold_loss":75.0,"damage_taken":0.0}],"is_beta":false,"boss_relics":[],"items_purged_floors":[],"is_endless":false,"potions_floor_spawned":[14],"killed_by":"The Guardian","ascension_level":15}