{"path_per_floor":["M","M","?","M","$","R","E","M","T","E","?","R","E","$","R","B",null,"M","M","$","M"],"character_chosen":"DEFECT","items_purchased":["Turbo","Defragment"],"gold_per_floor":[114,130,130,146,146,146,173,187,187,222,222,222,249,125,125,227,227,241,256,178,198,198],"floor_reached":22,"campfire_rested":0,"playtime":1779,"item_purchase_floors":[14,20],"current_hp_per_floor":[64,60,60,60,60,60,42,34,34,27,45,45,41,41,41,24,91,76,56,56,17,0],"items_purged":["Parasite"],"gold":198,"score":270,"play_id":"2c8943cb-458f-4c4c-8b03-116c5560cf90","local_time":"20180606152840","is_prod":false,"is_daily":false,"chose_seed":false,"is_ascension_mode":true,"campfire_upgraded":3,"win_rate":0,"timestamp":1528291720,"campfire_choices":[{"data":"Dualcast","floor":6,"key":"SMITH"},{"data":"Go for the Eyes","floor":12,"key":"SMITH"},{"data":"Reinforced Body","floor":15,"key":"SMITH"}],"path_taken":["M","M","?","M","?","R","E","M","T","E","?","R","E","$","R","BOSS","M","M","$","?","M"],"build_version":"2018-05-31","seed_source_timestamp":195370828171092,"purchased_purges":1,"victory":false,"master_deck":["Strike_B","Strike_B","Strike_B","Strike_B","Defend_B","Defend_B","Defend_B","Defend_B","Zap+1","Dualcast+1","Ball Lightning","Reinforced Body+1","Sweeping Beam","Go for the Eyes+1","Steam","Steam","Turbo","Biased Cognition","Go for the Eyes","Hologram","Defragment"],"max_hp_per_floor":[75,75,75,75,75,75,75,75,75,75,75,75,89,86,86,91,91,91,91,91,91,91],"relics":["Lizard Tail","Pen Nib","Question Card","Gremlin Horn","Mango","Cursed Key"],"card_choices":[{"not_picked":["Compile Driver","Blizzard"],"picked":"Ball Lightning","floor":1},{"not_picked":["Skim","Consume"],"picked":"Reinforced Body","floor":2},{"not_picked":["Consume","Coolheaded"],"picked":"Sweeping Beam","floor":4},{"not_picked":["Skim","Sweeping Beam"],"picked":"Go for the Eyes","floor":7},{"not_picked":["Gash","Storm"],"picked":"Steam","floor":8},{"not_picked":["Genetic Algorithm","Fission","Static Discharge","Recycle"],"picked":"SKIP","floor":10},{"not_picked":["Tempest","Consume","Rebound"],"picked":"Steam","floor":13},{"not_picked":["Creative AI","Seek","Fission"],"picked":"Biased Cognition","floor":16},{"not_picked":["Conserve Battery","Barrage","Cold Snap"],"picked":"Go for the Eyes","floor":18},{"not_picked":["Beam Cell","Gash","Undo"],"picked":"Hologram","floor":19},{"not_picked":["Turbo","Fusion","Steam+1","Streamline"],"picked":"SKIP","floor":21}],"player_experience":772450,"potions_floor_usage":[10,13,16,16,22],"damage_taken":[{"damage":11,"enemies":"2 Louse","floor":1,"turns":4},{"damage":4,"enemies":"Jaw Worm","floor":2,"turns":3},{"damage":0,"enemies":"Cultist","floor":4,"turns":3},{"damage":18,"enemies":"3 Sentries","floor":7,"turns":7},{"damage":8,"enemies":"Blue Slaver","floor":8,"turns":4},{"damage":7,"enemies":"Gremlin Nob","floor":10,"turns":3},{"damage":18,"enemies":"3 Sentries","floor":13,"turns":6},{"damage":71,"enemies":"Slime Boss","floor":16,"turns":12},{"damage":15,"enemies":"3 Byrds","floor":18,"turns":5},{"damage":20,"enemies":"Shell Parasite","floor":19,"turns":7},{"damage":39,"enemies":"Snecko","floor":21,"turns":5},{"damage":27,"enemies":"Slaver and Parasite","floor":22,"turns":2}],"relics_obtained":[{"floor":7,"key":"Pen Nib"},{"floor":9,"key":"Question Card"},{"floor":10,"key":"Gremlin Horn"},{"floor":13,"key":"Mango"}],"event_choices":[{"event_name":"Living Wall","player_choice":"Grow","floor":3,"damage_taken":0},{"event_name":"Mushrooms","player_choice":"Healed and dodged fight","floor":11,"damage_taken":0}],"boss_relics":[{"not_picked":["Ectoplasm","Runic Pyramid"],"picked":"Cursed Key"}],"items_purged_floors":[14],"potions_floor_spawned":[2,8,10,13,21],"seed_played":"1847690605347919186","killed_by":"Slaver and Parasite","ascension_level":4,"potions_obtained":[{"floor":2,"key":"Weak Potion"},{"floor":8,"key":"SteroidPotion"},{"floor":10,"key":"Energy Potion"},{"floor":13,"key":"Fruit Juice"},{"floor":21,"key":"EssenceOfSteel"}],"is_trial":false}