{"gold_per_floor":[118,43,63,63,88,88,128,128,128,128,166,62,77,90,90,181,181,202,221,221,121,142,176,91,91,160,179,179,203,40,84,84,175,175,200,200,215,90,9,9,43,43,117,138,174,174,174,193,193,193,193,193,193,31,67,67],"floor_reached":57,"playtime":3581,"items_purged":["Strike_R","Defend_R","Bash","Immolate+1"],"score":2741,"play_id":"5293aca3-1f76-4145-8549-936c52619641","local_time":"20190909193245","is_ascension_mode":true,"campfire_choices":[{"data":"Berserk","floor":6.0,"key":"SMITH"},{"data":"Sword Boomerang","floor":8.0,"key":"SMITH"},{"data":"Dark Embrace","floor":15.0,"key":"SMITH"},{"floor":28.0,"key":"RECALL"},{"data":"Second Wind","floor":32.0,"key":"SMITH"},{"data":"True Grit","floor":40.0,"key":"SMITH"},{"data":"Feel No Pain","floor":42.0,"key":"SMITH"},{"data":"Feel No Pain","floor":46.0,"key":"SMITH"},{"data":"Battle Trance","floor":49.0,"key":"SMITH"},{"data":"Impervious","floor":53,"key":"SMITH"}],"neow_cost":"NONE","seed_source_timestamp":2180353913926300,"circlet_count":0,"master_deck":["AscendersBane","Defend_R","Defend_R","Defend_R","Sword Boomerang+1","Berserk+1","Dark Embrace+1","Pommel Strike+1","Impervious+1","Power Through+1","Second Wind+1","Feel No Pain+1","True Grit+1","Battle Trance+1","Feel No Pain+1","Body Slam+1"],"special_seed":0,"relics":["Burning Blood","Red Skull","Golden Idol","Molten Egg 2","Bottled Tornado","PreservedInsect","Empty Cage","Strawberry","Regal Pillow","Bag of Preparation","Pantograph","Black Star","Whetstone","Juzu Bracelet","The Courier","Omamori","FossilizedHelix","Happy Flower","Charon\u0027s Ashes"],"potions_floor_usage":[56],"damage_taken":[{"damage":14.0,"enemies":"Small Slimes","floor":1.0,"turns":6.0},{"damage":1.0,"enemies":"2 Louse","floor":3.0,"turns":3.0},{"damage":11.0,"enemies":"Jaw Worm","floor":5.0,"turns":4.0},{"damage":39.0,"enemies":"Lagavulin","floor":7.0,"turns":6.0},{"damage":6.0,"enemies":"Gremlin Nob","floor":11.0,"turns":3.0},{"damage":7.0,"enemies":"Gremlin Gang","floor":13.0,"turns":3.0},{"damage":6.0,"enemies":"3 Louse","floor":14.0,"turns":3.0},{"damage":18.0,"enemies":"Slime Boss","floor":16.0,"turns":8.0},{"damage":6.0,"enemies":"Spheric Guardian","floor":18.0,"turns":4.0},{"damage":10.0,"enemies":"Chosen","floor":19.0,"turns":5.0},{"damage":31.0,"enemies":"Snake Plant","floor":22.0,"turns":6.0},{"damage":13.0,"enemies":"Gremlin Leader","floor":23.0,"turns":4.0},{"damage":0.0,"enemies":"Snecko","floor":27.0,"turns":3.0},{"damage":18.0,"enemies":"Centurion and Healer","floor":29.0,"turns":5.0},{"damage":1.0,"enemies":"Book of Stabbing","floor":31.0,"turns":3.0},{"damage":28.0,"enemies":"Automaton","floor":33.0,"turns":14.0},{"damage":23.0,"enemies":"3 Darklings","floor":35.0,"turns":4.0},{"damage":8.0,"enemies":"Orb Walker","floor":37.0,"turns":6.0},{"damage":11.0,"enemies":"Reptomancer","floor":41.0,"turns":7.0},{"damage":0.0,"enemies":"Writhing Mass","floor":44.0,"turns":11.0},{"damage":23.0,"enemies":"Giant Head","floor":45.0,"turns":21.0},{"damage":0.0,"enemies":"Transient","floor":48.0,"turns":6.0},{"damage":11.0,"enemies":"Donu and Deca","floor":50.0,"turns":21.0},{"damage":44,"enemies":"Awakened One","floor":51,"turns":68},{"damage":0,"enemies":"Shield and Spear","floor":55,"turns":5},{"damage":52,"enemies":"The Heart","floor":56,"turns":9}],"seed_played":"2431299679678597515","potions_obtained":[{"floor":11.0,"key":"LiquidBronze"},{"floor":13.0,"key":"Weak Potion"},{"floor":16.0,"key":"Poison Potion"},{"floor":23.0,"key":"SpeedPotion"},{"floor":27.0,"key":"Ancient Potion"},{"floor":29.0,"key":"Regen Potion"},{"floor":44.0,"key":"Explosive Potion"},{"floor":45.0,"key":"EssenceOfSteel"},{"floor":48.0,"key":"BloodPotion"},{"floor":55,"key":"SneckoOil"}],"is_trial":false,"path_per_floor":["M","?","M","?","M","R","E","R","T","?","E","$","M","M","R","B",null,"M","M","?","$","M","E","?","$","T","M","R","M","$","E","R","B",null,"M","?","M","$","$","R","E","R","T","M","E","R","?","M","R","B","B",null,"R","$","E","B",null],"character_chosen":"IRONCLAD","items_purchased":["Pommel Strike+1","Bag of Preparation","Battle Trance","Body Slam+1"],"campfire_rested":0,"item_purchase_floors":[12,30,39,54],"current_hp_per_floor":[60,60,65,65,60,60,27,27,27,20,20,20,19,19,19,7,53,53,49,49,49,24,24,24,24,24,30,30,18,18,32,32,35,65,48,48,46,46,46,46,41,41,41,47,30,30,30,36,36,56,37,66,66,66,72,47],"gold":67,"neow_bonus":"RANDOM_COMMON_RELIC","is_prod":false,"is_daily":false,"chose_seed":false,"campfire_upgraded":9,"win_rate":0,"timestamp":1568028765,"path_taken":["M","?","M","?","M","R","E","R","T","?","E","$","?","M","R","BOSS","M","?","?","$","M","E","?","$","T","M","R","M","$","E","R","BOSS","M","?","M","?","$","R","E","R","T","M","E","R","?","M","R","BOSS","BOSS","R","$","E","BOSS"],"build_version":"2019-08-26","purchased_purges":4,"victory":true,"max_hp_per_floor":[75,75,75,68,68,68,68,68,68,68,68,68,68,68,68,68,68,68,68,68,68,68,75,75,75,75,75,75,75,75,75,75,75,75,75,75,75,75,75,75,75,75,75,75,75,75,75,75,75,75,75,75,75,75,75,75],"card_choices":[{"not_picked":["Wild Strike","Heavy Blade","Uppercut"],"picked":"SKIP","floor":1.0},{"not_picked":["Sword Boomerang","Hemokinesis","Iron Wave"],"picked":"SKIP","floor":3.0},{"not_picked":["Hemokinesis","Iron Wave"],"picked":"Sword Boomerang","floor":3.0},{"not_picked":["Warcry","Iron Wave"],"picked":"Berserk","floor":5.0},{"not_picked":["Thunderclap","Perfected Strike"],"picked":"Dark Embrace","floor":7.0},{"not_picked":["Anger+1","Wild Strike+1","Inflame"],"picked":"SKIP","floor":11.0},{"not_picked":["Pommel Strike+1","Warcry","Havoc"],"picked":"SKIP","floor":13.0},{"not_picked":["Twin Strike+1","Hemokinesis+1"],"picked":"Impervious","floor":14.0},{"not_picked":["Fiend Fire+1","Juggernaut"],"picked":"Immolate+1","floor":16.0},{"not_picked":["Hemokinesis+1","Flame Barrier"],"picked":"Power Through+1","floor":18.0},{"not_picked":["Corruption","Thunderclap+1","Sword Boomerang+1"],"picked":"SKIP","floor":19.0},{"not_picked":["Heavy Blade+1","Armaments","Thunderclap+1"],"picked":"SKIP","floor":22.0},{"not_picked":["Twin Strike+1","Immolate+1","Sentinel"],"picked":"SKIP","floor":23.0},{"not_picked":["Rage","Clothesline+1","Corruption+1"],"picked":"SKIP","floor":27.0},{"not_picked":["Clash+1","Headbutt+1"],"picked":"Second Wind","floor":29.0},{"not_picked":["Flex","True Grit"],"picked":"Feel No Pain","floor":31.0},{"not_picked":["Cleave+1","Clothesline+1","Armaments"],"picked":"SKIP","floor":35.0},{"not_picked":["Sword Boomerang+1","Uppercut+1"],"picked":"True Grit","floor":37.0},{"not_picked":["Iron Wave+1","Pommel Strike+1","Exhume"],"picked":"SKIP","floor":41.0},{"not_picked":["Anger+1","Clothesline+1","Second Wind"],"picked":"SKIP","floor":44.0},{"not_picked":["Thunderclap+1","Clash+1"],"picked":"Feel No Pain","floor":45.0},{"not_picked":["Headbutt+1","Spot Weakness","Cleave+1"],"picked":"SKIP","floor":48.0},{"not_picked":["Flex","Dual Wield","True Grit"],"picked":"SKIP","floor":55}],"player_experience":3219880,"relics_obtained":[{"floor":7.0,"key":"Molten Egg 2"},{"floor":9.0,"key":"Bottled Tornado"},{"floor":11.0,"key":"PreservedInsect"},{"floor":23.0,"key":"Strawberry"},{"floor":31.0,"key":"Pantograph"},{"floor":41.0,"key":"Whetstone"},{"floor":41.0,"key":"Juzu Bracelet"},{"floor":43.0,"key":"The Courier"},{"floor":45.0,"key":"Omamori"},{"floor":45.0,"key":"FossilizedHelix"},{"floor":55,"key":"Happy Flower"},{"floor":55,"key":"Charon\u0027s Ashes"}],"event_choices":[{"cards_removed":["Strike_R"],"damage_healed":0.0,"max_hp_gain":0.0,"max_hp_loss":0.0,"gold_gain":0.0,"event_name":"The Cleric","player_choice":"Card Removal","floor":2.0,"gold_loss":75.0,"damage_taken":0.0},{"damage_healed":0.0,"max_hp_gain":0.0,"max_hp_loss":7.0,"gold_gain":0.0,"event_name":"Golden Idol","player_choice":"Lose Max HP","floor":4.0,"gold_loss":0.0,"damage_taken":0.0,"relics_obtained":["Golden Idol"]},{"cards_removed":["Strike_R"],"damage_healed":0.0,"max_hp_gain":0.0,"max_hp_loss":0.0,"gold_gain":0.0,"event_name":"Golden Wing","player_choice":"Card Removal","floor":10.0,"gold_loss":0.0,"damage_taken":7.0},{"damage_healed":0.0,"max_hp_gain":0.0,"max_hp_loss":0.0,"gold_gain":0.0,"event_name":"Ghosts","player_choice":"Ignored","floor":20.0,"gold_loss":0.0,"damage_taken":0.0},{"damage_healed":0.0,"max_hp_gain":0.0,"max_hp_loss":0.0,"gold_gain":0.0,"event_name":"Addict","player_choice":"Obtained Relic","floor":24.0,"gold_loss":85.0,"damage_taken":0.0,"relics_obtained":["Regal Pillow"]},{"damage_healed":0.0,"max_hp_gain":0.0,"max_hp_loss":0.0,"gold_gain":0.0,"event_name":"SecretPortal","player_choice":"Ignored","floor":36.0,"gold_loss":0.0,"damage_taken":0.0},{"damage_healed":0.0,"max_hp_gain":0.0,"max_hp_loss":0.0,"gold_gain":0.0,"event_name":"Match and Keep!","player_choice":"0 cards matched","floor":47.0,"gold_loss":0.0,"damage_taken":0.0,"cards_obtained":[]}],"is_beta":true,"boss_relics":[{"not_picked":["Sozu","Cursed Key"],"picked":"Empty Cage"},{"not_picked":["Eternal Feather","Pandora\u0027s Box"],"picked":"Black Star"}],"items_purged_floors":[12,21,38,54],"is_endless":false,"potions_floor_spawned":[11,13,16,19,23,27,29,44,45,48,55],"ascension_level":20}