{"path_per_floor":["M","?","$","?","$","E","R","E","T","?","M","M","M","$","R","B",null,"M","?","$","?","M","E","?","M","T","R","M","$","?","M","R"],"character_chosen":"DEFECT","items_purchased":["Capacitor","Seek","Coolheaded","Biased Cognition","Doom and Gloom","Echo Form"],"gold_per_floor":[115,115,40,40,40,381,381,416,469,569,594,614,630,299,299,429,429,420,345,96,96,121,152,152,163,163,163,173,30,30,43,43,43],"floor_reached":33,"campfire_rested":0,"playtime":5028,"item_purchase_floors":[],"current_hp_per_floor":[75,75,75,69,69,69,69,69,69,69,69,69,69,69,69,35,61,58,58,58,58,65,53,53,45,45,45,57,57,57,69,69,22],"items_purged":["Regret","Strike_B"],"gold":43,"score":404,"play_id":"a5376259-f6fa-4658-add2-d193055bd63b","local_time":"20180606231938","is_prod":false,"is_daily":false,"chose_seed":false,"is_ascension_mode":true,"campfire_upgraded":4,"win_rate":0,"timestamp":1528319978,"campfire_choices":[{"data":"Fission","floor":7.0,"key":"SMITH"},{"data":"Seek","floor":15.0,"key":"SMITH"},{"data":"Hologram","floor":27.0,"key":"SMITH"},{"data":"Coolheaded","floor":32.0,"key":"SMITH"}],"path_taken":["M","?","?","?","$","E","R","E","T","?","?","M","M","$","R","BOSS","M","?","$","?","?","E","?","M","T","R","M","$","?","M","R","BOSS"],"build_version":"2018-05-31","seed_source_timestamp":219814707976468,"purchased_purges":2,"victory":false,"master_deck":["Defend_B","Defend_B","Zap","Dualcast","Hologram+1","Fission+1","Self Repair","Cold Snap","Barrage","Capacitor","Seek+1","Biased Cognition","Lockon+1","Buffer+1","Consume+1","Cold Snap+1","Coolheaded+1","Biased Cognition","Doom and Gloom","Skim","Go for the Eyes+1","Echo Form","Amplify"],"max_hp_per_floor":[75,75,75,69,69,69,69,69,69,69,69,69,69,69,69,69,69,69,69,69,69,69,69,69,69,69,69,69,69,69,69,69,69],"relics":["Cracked Core","NeowsBlessing","Symbiotic Virus","Bloody Idol","Old Coin","Oddly Smooth Stone","Astrolabe","Orichalcum","Turnip"],"card_choices":[{"not_picked":["Steam Power","White Noise"],"picked":"Hologram","floor":1.0},{"not_picked":["Turbo","Conserve Battery"],"picked":"Fission","floor":6.0},{"not_picked":["Steam Power","Lockon"],"picked":"Self Repair","floor":8.0},{"not_picked":["Lockon","Rip and Tear","Double Energy"],"picked":"SKIP","floor":11.0},{"not_picked":["Rebound","Stack"],"picked":"Cold Snap","floor":12.0},{"not_picked":["Lockon","Hello World"],"picked":"Barrage","floor":13.0},{"not_picked":["Echo Form","Meteor Strike"],"picked":"Biased Cognition","floor":16.0},{"not_picked":["FTL","Undo"],"picked":"Cold Snap+1","floor":18.0},{"not_picked":["Ball Lightning+1","Stack"],"picked":"Skim","floor":22.0},{"not_picked":["Blizzard","Ball Lightning"],"picked":"Go for the Eyes+1","floor":23.0},{"not_picked":["Conserve Battery+1","Leap","Steam"],"picked":"SKIP","floor":25.0},{"not_picked":["Cold Snap","Genetic Algorithm","Sweeping Beam"],"picked":"SKIP","floor":28.0},{"not_picked":["Rebound+1","Gash"],"picked":"Amplify","floor":31.0}],"player_experience":788165,"potions_floor_usage":[33],"damage_taken":[{"damage":0.0,"enemies":"Small Slimes","floor":1.0,"turns":1.0},{"damage":0.0,"enemies":"Lagavulin","floor":6.0,"turns":1.0},{"damage":0.0,"enemies":"Gremlin Nob","floor":8.0,"turns":1.0},{"damage":0.0,"enemies":"Cultist","floor":11.0,"turns":3.0},{"damage":0.0,"enemies":"2 Louse","floor":12.0,"turns":2.0},{"damage":4.0,"enemies":"Lots of Slimes","floor":13.0,"turns":2.0},{"damage":41.0,"enemies":"The Guardian","floor":16.0,"turns":14.0},{"damage":10.0,"enemies":"2 Thieves","floor":18.0,"turns":4.0},{"damage":0.0,"enemies":"Chosen","floor":22.0,"turns":6.0},{"damage":34.0,"enemies":"Gremlin Leader","floor":23.0,"turns":12.0},{"damage":13.0,"enemies":"Centurion and Healer","floor":25.0,"turns":10.0},{"damage":0.0,"enemies":"Sentry and Sphere","floor":28.0,"turns":5.0},{"damage":0.0,"enemies":"Snake Plant","floor":31.0,"turns":5.0},{"damage":47,"enemies":"Collector","floor":33,"turns":12}],"relics_obtained":[{"floor":6.0,"key":"Old Coin"},{"floor":9.0,"key":"Oddly Smooth Stone"},{"floor":23.0,"key":"Orichalcum"},{"floor":26.0,"key":"Turnip"}],"event_choices":[{"event_name":"Big Fish","player_choice":"Box","floor":2.0,"damage_taken":0.0},{"event_name":"Golden Idol","player_choice":"Lose Max HP","floor":4.0,"damage_taken":0.0},{"event_name":"Golden Shrine","player_choice":"Pray","floor":10.0,"damage_taken":0.0},{"event_name":"Beggar","player_choice":"Gave Gold","floor":19.0,"damage_taken":0.0},{"event_name":"Drug Dealer","player_choice":"Ignored","floor":21.0,"damage_taken":0.0},{"event_name":"Forgotten Altar","player_choice":"Gave Idol","floor":24.0,"damage_taken":0.0},{"event_name":"Purifier","player_choice":"One Purge","floor":30.0,"damage_taken":0.0}],"boss_relics":[],"items_purged_floors":[],"potions_floor_spawned":[8,11,16,23,28,31],"seed_played":"8852334354886525635","killed_by":"Collector","ascension_level":5,"potions_obtained":[{"floor":8.0,"key":"Explosive Potion"},{"floor":11.0,"key":"Weak Potion"},{"floor":16.0,"key":"Regen Potion"},{"floor":23.0,"key":"Explosive Potion"},{"floor":28.0,"key":"Swift Potion"},{"floor":31.0,"key":"SteroidPotion"}],"is_trial":false}