{"gold_per_floor":[112,112,127,141,23,23,0,0,80,94,94,94,110,124,124,219,219,235,235,235,41,41,41,61,61,61,77,77,77,5,22,22,22],"floor_reached":33,"playtime":2041,"items_purged":[],"score":235,"play_id":"05a5166d-3b81-477e-8c85-33af1f7119c1","local_time":"20190208150921","is_ascension_mode":false,"campfire_choices":[{"data":"Trip","floor":6.0,"key":"SMITH"},{"data":"Flame Barrier","floor":12.0,"key":"SMITH"},{"data":"Anger","floor":15.0,"key":"SMITH"},{"data":"Flame Barrier","floor":23.0,"key":"SMITH"},{"data":"Shrug It Off","floor":25.0,"key":"SMITH"},{"data":"Uppercut","floor":29.0,"key":"SMITH"},{"floor":32.0,"key":"REST"}],"neow_cost":"NONE","seed_source_timestamp":0,"circlet_count":0,"master_deck":["Strike_R","Strike_R","Strike_R","Strike_R","Defend_R","Defend_R","Defend_R","Bash","Iron Wave","Flame Barrier+1","Intimidate","Shrug It Off+1","Trip+1","Sentinel","Pommel Strike","Uppercut+1","Anger+1","Reaper","Headbutt+1","Flame Barrier+1","Intimidate","Armaments+1","Pommel Strike+1"],"special_seed":0,"relics":["Burning Blood","Shuriken","Philosopher\u0027s Stone","Strange Spoon","Matryoshka","Blue Candle","Molten Egg 2"],"potions_floor_usage":[33],"damage_taken":[{"damage":7.0,"enemies":"2 Louse","floor":1.0,"turns":3.0},{"damage":5.0,"enemies":"Jaw Worm","floor":3.0,"turns":4.0},{"damage":5.0,"enemies":"Cultist","floor":4.0,"turns":4.0},{"damage":7.0,"enemies":"Blue Slaver","floor":10.0,"turns":4.0},{"damage":0.0,"enemies":"3 Louse","floor":13.0,"turns":3.0},{"damage":8.0,"enemies":"2 Fungi Beasts","floor":14.0,"turns":3.0},{"damage":25.0,"enemies":"The Guardian","floor":16.0,"turns":8.0},{"damage":4.0,"enemies":"Spheric Guardian","floor":18.0,"turns":4.0},{"damage":19.0,"enemies":"2 Thieves","floor":24.0,"turns":5.0},{"damage":17.0,"enemies":"Shelled Parasite and Fungi","floor":27.0,"turns":6.0},{"damage":19.0,"enemies":"Snake Plant","floor":31.0,"turns":4.0},{"damage":109,"enemies":"Collector","floor":33,"turns":8}],"seed_played":"-2103144744057427904","potions_obtained":[{"floor":10.0,"key":"Poison Potion"},{"floor":13.0,"key":"Block Potion"},{"floor":14.0,"key":"PowerPotion"},{"floor":16.0,"key":"Fire Potion"},{"floor":24.0,"key":"LiquidBronze"},{"floor":27.0,"key":"SpeedPotion"},{"floor":31.0,"key":"PowerPotion"}],"is_trial":false,"path_per_floor":["M","?","M","M","$","R","?","?","T","M","?","R","M","M","R","B",null,"M","?","?","$","?","R","M","R","T","M","T","R","$","M","R","B"],"character_chosen":"IRONCLAD","items_purchased":["Shrug It Off","Trip","Strange Spoon","Regen Potion"],"campfire_rested":1,"item_purchase_floors":[5,5,21,30],"current_hp_per_floor":[87,87,88,88,88,88,88,88,88,87,87,87,88,86,86,67,88,88,88,88,88,88,88,75,75,75,70,70,70,70,69,88,0],"gold":22,"neow_bonus":"TEN_PERCENT_HP_BONUS","is_prod":false,"is_daily":false,"chose_seed":false,"campfire_upgraded":6,"win_rate":0.0,"timestamp":1549667361,"path_taken":["M","?","M","M","$","R","?","?","T","?","?","R","M","M","R","BOSS","M","?","?","$","?","R","?","R","T","M","?","R","?","M","R","BOSS"],"build_version":"2019-01-23","purchased_purges":0,"victory":false,"max_hp_per_floor":[88,88,88,88,88,88,88,88,88,88,88,88,88,88,88,88,88,88,88,88,88,88,88,88,88,88,88,88,88,88,88,88,88],"card_choices":[{"not_picked":["Clothesline","Rampage"],"picked":"Iron Wave","floor":1.0},{"not_picked":["Heavy Blade","Whirlwind"],"picked":"Flame Barrier","floor":3.0},{"not_picked":["Perfected Strike","Rage"],"picked":"Intimidate","floor":4.0},{"not_picked":["Dropkick","Warcry"],"picked":"Pommel Strike","floor":10.0},{"not_picked":["Heavy Blade","Cleave"],"picked":"Uppercut","floor":13.0},{"not_picked":["Headbutt","Intimidate"],"picked":"Anger","floor":14.0},{"not_picked":["Offering","Double Tap"],"picked":"Reaper","floor":16.0},{"not_picked":["Searing Blow","Clothesline"],"picked":"Headbutt+1","floor":18.0},{"not_picked":["Sword Boomerang","Warcry"],"picked":"Intimidate","floor":24.0},{"not_picked":["Warcry","Sword Boomerang"],"picked":"Armaments+1","floor":27.0},{"not_picked":["Clothesline+1","True Grit"],"picked":"Pommel Strike+1","floor":31.0}],"player_experience":287362,"relics_obtained":[{"floor":9.0,"key":"Shuriken"},{"floor":26.0,"key":"Matryoshka"},{"floor":28.0,"key":"Blue Candle"},{"floor":28.0,"key":"Molten Egg 2"}],"event_choices":[{"damage_healed":0.0,"max_hp_gain":0.0,"max_hp_loss":0.0,"gold_gain":0.0,"event_name":"Golden Wing","player_choice":"Ignored","floor":2.0,"gold_loss":0.0,"damage_taken":0.0},{"damage_healed":0.0,"max_hp_gain":0.0,"max_hp_loss":0.0,"gold_gain":0.0,"event_name":"World of Goop","player_choice":"Left Gold","floor":7.0,"gold_loss":23.0,"damage_taken":0.0},{"damage_healed":0.0,"max_hp_gain":0.0,"max_hp_loss":0.0,"gold_gain":0.0,"cards_transformed":["Defend_R"],"event_name":"Transmorgrifier","player_choice":"Transformed","floor":8.0,"gold_loss":0.0,"damage_taken":0.0,"cards_obtained":["Sentinel"]},{"damage_healed":0.0,"max_hp_gain":0.0,"max_hp_loss":0.0,"gold_gain":0.0,"event_name":"Liars Game","player_choice":"Ignored","floor":11.0,"gold_loss":0.0,"damage_taken":0.0},{"damage_healed":0.0,"max_hp_gain":0.0,"max_hp_loss":0.0,"gold_gain":0.0,"event_name":"The Library","player_choice":"Read","floor":19.0,"gold_loss":0.0,"damage_taken":0.0,"cards_obtained":["Flame Barrier"]},{"damage_healed":0.0,"max_hp_gain":0.0,"max_hp_loss":0.0,"gold_gain":0.0,"event_name":"Beggar","player_choice":"Ignored","floor":20.0,"gold_loss":0.0,"damage_taken":0.0},{"cards_removed":["Strike_R"],"damage_healed":0.0,"max_hp_gain":0.0,"max_hp_loss":0.0,"gold_gain":0.0,"event_name":"Purifier","player_choice":"Purged","floor":22.0,"gold_loss":0.0,"damage_taken":0.0}],"is_beta":false,"boss_relics":[{"not_picked":["Busted Crown","Runic Dome"],"picked":"Philosopher\u0027s Stone"}],"items_purged_floors":[],"is_endless":false,"potions_floor_spawned":[10,13,14,16,24,27,31],"killed_by":"Collector","ascension_level":0}