{"gold_per_floor":[115,125,125,148,148,148,73,114,114,114,114,127,145,70,70,168,168,189,208,50,50,50,50,66,116,116,116,130,147,160,176,176,251,251,267,267,277,152,152,152,180,180,180,180,80,96,109,138,138,138,138,138,138,35,69,69],"floor_reached":57,"playtime":2485,"items_purged":["Strike_G","Riddle With Holes+1","Defend_G","Infinite Blades","Noxious Fumes+1"],"score":3174,"play_id":"68cb8401-96ab-4d18-a903-256db9f4d110","local_time":"20190920014504","is_ascension_mode":true,"campfire_choices":[{"data":"Dagger Spray","floor":6.0,"key":"SMITH"},{"data":"Well Laid Plans","floor":10.0,"key":"SMITH"},{"data":"Neutralize","floor":15.0,"key":"SMITH"},{"data":"Acrobatics","floor":23.0,"key":"SMITH"},{"data":"Prepared","floor":27.0,"key":"SMITH"},{"data":"Doppelganger","floor":32.0,"key":"SMITH"},{"data":"Acrobatics","floor":40,"key":"SMITH"},{"data":"Grand Finale","floor":42,"key":"SMITH"},{"floor":44,"key":"DIG"},{"floor":49,"key":"RECALL"},{"data":"Backflip","floor":53,"key":"SMITH"}],"neow_cost":"TEN_PERCENT_HP_LOSS","seed_source_timestamp":313827524054035,"circlet_count":0,"master_deck":["AscendersBane","Defend_G","Defend_G","Survivor","Neutralize+1","Well Laid Plans+1","PiercingWail","Caltrops","Prepared+1","Acrobatics+1","Doppelganger+1","Tactician+1","Grand Finale+1","Acrobatics+1","Backflip+1","Reflex+1"],"special_seed":0,"relics":["Ring of the Snake","Bloody Idol","Shovel","Astrolabe","Mango","Empty Cage","FaceOfCleric","Snake Skull","Smiling Mask","Boot","Bag of Marbles","Sundial"],"potions_floor_usage":[47,51,56,56],"damage_taken":[{"damage":0.0,"enemies":"2 Louse","floor":1.0,"turns":3.0},{"damage":0.0,"enemies":"Small Slimes","floor":2.0,"turns":4.0},{"damage":3.0,"enemies":"Cultist","floor":4.0,"turns":5.0},{"damage":17.0,"enemies":"3 Sentries","floor":8.0,"turns":6.0},{"damage":4.0,"enemies":"2 Fungi Beasts","floor":12.0,"turns":3.0},{"damage":7.0,"enemies":"Blue Slaver","floor":13.0,"turns":5.0},{"damage":0.0,"enemies":"The Guardian","floor":16.0,"turns":16.0},{"damage":11.0,"enemies":"Shell Parasite","floor":18.0,"turns":5.0},{"damage":4.0,"enemies":"Chosen","floor":19.0,"turns":6.0},{"damage":28.0,"enemies":"Shelled Parasite and Fungi","floor":24.0,"turns":11.0},{"damage":26.0,"enemies":"Cultist and Chosen","floor":28.0,"turns":7.0},{"damage":4.0,"enemies":"Centurion and Healer","floor":29.0,"turns":7.0},{"damage":6.0,"enemies":"Snake Plant","floor":30.0,"turns":5.0},{"damage":3.0,"enemies":"Sentry and Sphere","floor":31.0,"turns":5.0},{"damage":0.0,"enemies":"Champ","floor":33.0,"turns":4.0},{"damage":0,"enemies":"3 Darklings","floor":35,"turns":4},{"damage":0,"enemies":"3 Shapes","floor":37,"turns":3},{"damage":0,"enemies":"Reptomancer","floor":41,"turns":1},{"damage":0,"enemies":"Sphere and 2 Shapes","floor":46,"turns":1},{"damage":0,"enemies":"Jaw Worm Horde","floor":47,"turns":1},{"damage":0,"enemies":"Nemesis","floor":48,"turns":1},{"damage":0,"enemies":"Donu and Deca","floor":50,"turns":1},{"damage":30,"enemies":"Time Eater","floor":51,"turns":5},{"damage":0,"enemies":"Shield and Spear","floor":55,"turns":1},{"damage":0,"enemies":"The Heart","floor":56,"turns":4}],"seed_played":"-1154532495006520131","potions_obtained":[{"floor":1.0,"key":"Block Potion"},{"floor":4.0,"key":"SteroidPotion"},{"floor":11.0,"key":"EssenceOfSteel"},{"floor":11.0,"key":"GhostInAJar"},{"floor":18.0,"key":"FearPotion"},{"floor":28.0,"key":"Explosive Potion"},{"floor":29.0,"key":"SneckoOil"},{"floor":35,"key":"Fire Potion"},{"floor":41,"key":"Swift Potion"},{"floor":47,"key":"SkillPotion"}],"is_trial":false,"path_per_floor":["M","M","?","M","?","R","?","E","T","R","?","M","M","$","R","B",null,"M","M","$","?","?","R","M","?","T","R","M","M","M","M","R","B",null,"M","?","M","$","?","R","E","R","T","R","$","M","M","E","R","B","B",null,"R","$","E","B",null],"character_chosen":"THE_SILENT","items_purchased":["Acrobatics","Backflip","Block Potion"],"campfire_rested":0,"item_purchase_floors":[20,45,54],"current_hp_per_floor":[59,59,54,51,51,51,51,34,34,34,34,30,23,23,23,23,46,35,31,31,31,31,31,8,13,27,27,6,7,6,8,8,13,54,59,59,65,65,65,65,67,67,67,67,67,68,69,70,70,71,42,65,65,65,71,72],"gold":69,"neow_bonus":"REMOVE_TWO","is_prod":false,"is_daily":false,"chose_seed":false,"campfire_upgraded":9,"win_rate":0,"timestamp":1568911504,"path_taken":["M","M","?","M","?","R","?","E","T","R","?","M","?","$","R","BOSS","M","M","$","?","?","R","?","?","T","R","M","M","M","M","R","BOSS","M","?","?","$","?","R","E","R","T","R","$","M","M","E","R","BOSS","BOSS","R","$","E","BOSS"],"build_version":"2019-09-18","purchased_purges":5,"victory":true,"max_hp_per_floor":[60,60,54,54,54,54,54,54,54,54,54,54,54,54,54,54,54,54,54,54,54,54,54,54,54,68,68,68,68,68,68,68,68,68,68,68,69,69,66,66,67,67,67,67,67,68,69,70,70,71,72,72,72,72,73,74],"card_choices":[{"not_picked":["Poisoned Stab","Dagger Throw"],"picked":"Well Laid Plans","floor":1.0},{"not_picked":["Deflect","Concentrate"],"picked":"PiercingWail","floor":2.0},{"not_picked":["Dodge and Roll","Outmaneuver"],"picked":"Dagger Spray","floor":4.0},{"not_picked":["Caltrops","Dash","Riddle With Holes"],"picked":"SKIP","floor":8.0},{"not_picked":["Dash","Riddle With Holes"],"picked":"Caltrops","floor":8.0},{"not_picked":["Choke","Deflect"],"picked":"Infinite Blades","floor":12.0},{"not_picked":["Outmaneuver","Blade Dance","Cloak And Dagger"],"picked":"SKIP","floor":13.0},{"not_picked":["Infinite Blades","PiercingWail"],"picked":"Prepared","floor":18.0},{"not_picked":["PiercingWail","Deflect","Outmaneuver"],"picked":"SKIP","floor":19.0},{"not_picked":["Sucker Punch","Blade Dance","Cloak And Dagger"],"picked":"SKIP","floor":24.0},{"not_picked":["Predator+1","Accuracy","Deadly Poison"],"picked":"SKIP","floor":28.0},{"not_picked":["Outmaneuver","Distraction"],"picked":"Doppelganger","floor":29.0},{"not_picked":["Dodge and Roll","Eviscerate","Bouncing Flask"],"picked":"SKIP","floor":30.0},{"not_picked":["Terror","Prepared"],"picked":"Tactician+1","floor":31.0},{"not_picked":["Night Terror","Doppelganger"],"picked":"Grand Finale","floor":33.0},{"not_picked":["Terror","Prepared"],"picked":"Acrobatics","floor":35},{"not_picked":["Prepared","Quick Slash","Concentrate"],"picked":"SKIP","floor":37},{"not_picked":["Flying Knee","Sucker Punch+1","Deadly Poison"],"picked":"SKIP","floor":41},{"not_picked":["Backflip","Noxious Fumes","Dodge and Roll"],"picked":"SKIP","floor":46},{"not_picked":["Flechettes+1","Crippling Poison","Deadly Poison"],"picked":"SKIP","floor":47},{"not_picked":["Masterful Stab","Sucker Punch+1","Outmaneuver"],"picked":"SKIP","floor":48},{"not_picked":["Terror","Cloak And Dagger"],"picked":"Reflex+1","floor":55}],"player_experience":1110081,"relics_obtained":[{"floor":8.0,"key":"Shovel"},{"floor":26.0,"key":"Mango"},{"floor":41,"key":"Snake Skull"},{"floor":43,"key":"Smiling Mask"},{"floor":44,"key":"Boot"},{"floor":48,"key":"Bag of Marbles"},{"floor":55,"key":"Sundial"}],"event_choices":[{"damage_healed":0.0,"max_hp_gain":0.0,"max_hp_loss":6.0,"gold_gain":0.0,"event_name":"Golden Idol","player_choice":"Lose Max HP","floor":3.0,"gold_loss":0.0,"damage_taken":0.0,"relics_obtained":["Golden Idol"]},{"damage_healed":0.0,"max_hp_gain":0.0,"max_hp_loss":0.0,"gold_gain":0.0,"event_name":"Liars Game","player_choice":"Ignored","floor":5.0,"gold_loss":0.0,"damage_taken":0.0},{"cards_removed":["Strike_G"],"damage_healed":0.0,"max_hp_gain":0.0,"max_hp_loss":0.0,"gold_gain":0.0,"event_name":"The Cleric","player_choice":"Card Removal","floor":7.0,"gold_loss":75.0,"damage_taken":0.0},{"damage_healed":0.0,"max_hp_gain":0.0,"max_hp_loss":0.0,"gold_gain":0.0,"event_name":"Lab","player_choice":"Got Potions","floor":11.0,"gold_loss":0.0,"damage_taken":0.0},{"damage_healed":0.0,"max_hp_gain":0.0,"max_hp_loss":0.0,"gold_gain":0.0,"event_name":"Forgotten Altar","player_choice":"Gave Idol","floor":21.0,"relics_lost":["Golden Idol"],"gold_loss":0.0,"damage_taken":0.0,"relics_obtained":["Bloody Idol"]},{"damage_healed":0.0,"max_hp_gain":0.0,"max_hp_loss":0.0,"gold_gain":0.0,"event_name":"Vampires","player_choice":"Ignored","floor":22.0,"gold_loss":0.0,"damage_taken":0.0},{"damage_healed":0.0,"max_hp_gain":0.0,"max_hp_loss":0.0,"gold_gain":50.0,"event_name":"Nest","player_choice":"Stole From Cult","floor":25.0,"gold_loss":0.0,"damage_taken":0.0},{"damage_healed":0,"gold_gain":0,"player_choice":"Trade","damage_taken":0,"relics_obtained":["FaceOfCleric"],"max_hp_gain":0,"max_hp_loss":0,"event_name":"FaceTrader","floor":36,"gold_loss":0},{"damage_healed":0,"gold_gain":0,"player_choice":"Max HP","damage_taken":0,"max_hp_gain":0,"max_hp_loss":3,"event_name":"Winding Halls","floor":39,"gold_loss":0}],"is_beta":true,"boss_relics":[{"not_picked":["Cursed Key","Runic Dome"],"picked":"Astrolabe"},{"not_picked":["Calling Bell","Pandora\u0027s Box"],"picked":"Empty Cage"}],"items_purged_floors":[14,20,38,45,54],"is_endless":false,"potions_floor_spawned":[1,4,13,18,28,29,35,41,47],"ascension_level":20}