{"gold_per_floor":[114,127,52,127,143,176,176,210,210,244,260,260,260,271,271,347,347,359,375,391,416,416,445,445,470,541,570,570,597,628,639,639,718,718,736,1136,402,416,429,457,457,485,485,499,499,515,543,103,103,103,103,103,103,48,83,83],"floor_reached":57,"playtime":2821,"items_purged":["Compile Driver","FTL","Beam Cell"],"score":3926,"play_id":"5385c7d5-385a-48b1-baa8-5efa7f57bdae","local_time":"20190824185343","daily_mods":["SealedDeck"],"is_ascension_mode":true,"campfire_choices":[{"data":"Recycle","floor":7.0,"key":"SMITH"},{"data":"Coolheaded","floor":12.0,"key":"SMITH"},{"data":"Skim","floor":15.0,"key":"SMITH"},{"data":"Loop","floor":32.0,"key":"SMITH"},{"floor":45,"key":"RECALL"},{"data":"White Noise","floor":49,"key":"SMITH"},{"data":"Gash","floor":53,"key":"SMITH"}],"neow_cost":"","seed_source_timestamp":0,"circlet_count":0,"master_deck":["AscendersBane","Gash+1","White Noise+1","Coolheaded+1","Skim+1","Loop+1","Recycle+1","Undo+1","Defragment+1","Heatsinks+1"],"special_seed":0,"relics":["Cracked Core","Bag of Marbles","Sundial","Frozen Egg 2","Orrery","Red Mask","Strawberry","Kunai","Mummified Hand","Question Card","Bronze Scales","Pantograph","Empty Cage","Old Coin","TheAbacus","Nunchaku","Bottled Lightning","Smiling Mask","Blue Candle","Meat on the Bone","Potion Belt","ClockworkSouvenir","Thread and Needle"],"potions_floor_usage":[56,56],"damage_taken":[{"damage":0.0,"enemies":"Cultist","floor":1.0,"turns":2.0},{"damage":3.0,"enemies":"2 Louse","floor":2.0,"turns":2.0},{"damage":6.0,"enemies":"Small Slimes","floor":5.0,"turns":2.0},{"damage":0.0,"enemies":"Gremlin Nob","floor":6.0,"turns":2.0},{"damage":15.0,"enemies":"3 Sentries","floor":8.0,"turns":5.0},{"damage":0.0,"enemies":"Lagavulin","floor":10.0,"turns":3.0},{"damage":7.0,"enemies":"2 Fungi Beasts","floor":11.0,"turns":3.0},{"damage":0.0,"enemies":"Large Slime","floor":14.0,"turns":1.0},{"damage":0.0,"enemies":"Slime Boss","floor":16.0,"turns":2.0},{"damage":2.0,"enemies":"2 Thieves","floor":18.0,"turns":2.0},{"damage":23.0,"enemies":"Chosen","floor":19.0,"turns":5.0},{"damage":7.0,"enemies":"Centurion and Healer","floor":20.0,"turns":3.0},{"damage":0.0,"enemies":"Masked Bandits","floor":21.0,"turns":2.0},{"damage":0.0,"enemies":"Book of Stabbing","floor":23.0,"turns":1.0},{"damage":0.0,"enemies":"Slavers","floor":25.0,"turns":1.0},{"damage":1.0,"enemies":"Book of Stabbing","floor":27.0,"turns":2.0},{"damage":0.0,"enemies":"Slavers","floor":30.0,"turns":1.0},{"damage":0.0,"enemies":"Snecko","floor":31.0,"turns":1.0},{"damage":0.0,"enemies":"Champ","floor":33.0,"turns":1.0},{"damage":13.0,"enemies":"3 Shapes","floor":35.0,"turns":3.0},{"damage":0.0,"enemies":"Mind Bloom Boss Battle","floor":36.0,"turns":2.0},{"damage":0.0,"enemies":"3 Darklings","floor":38.0,"turns":2.0},{"damage":0.0,"enemies":"Spire Growth","floor":39.0,"turns":2.0},{"damage":0.0,"enemies":"Giant Head","floor":40.0,"turns":1.0},{"damage":0.0,"enemies":"Reptomancer","floor":42.0,"turns":1.0},{"damage":0.0,"enemies":"Transient","floor":44.0,"turns":1.0},{"damage":0,"enemies":"Writhing Mass","floor":46,"turns":1},{"damage":0,"enemies":"Giant Head","floor":47,"turns":1},{"damage":0,"enemies":"Time Eater","floor":50,"turns":5},{"damage":0,"enemies":"Awakened One","floor":51,"turns":2},{"damage":0,"enemies":"Shield and Spear","floor":55,"turns":1},{"damage":0,"enemies":"The Heart","floor":56,"turns":4}],"seed_played":"-5030326037165178906","potions_obtained":[{"floor":5.0,"key":"AttackPotion"},{"floor":6.0,"key":"Strength Potion"},{"floor":10.0,"key":"Block Potion"},{"floor":11.0,"key":"Energy Potion"},{"floor":19.0,"key":"Swift Potion"},{"floor":25.0,"key":"Weak Potion"},{"floor":27.0,"key":"Block Potion"},{"floor":38.0,"key":"GamblersBrew"},{"floor":44.0,"key":"Swift Potion"}],"is_trial":true,"path_per_floor":["M","M","$","?","M","E","R","E","T","E","M","R","?","M","R","B",null,"M","M","M","?","?","E","?","E","T","E","?","T","E","M","R","B",null,"M","?","$","M","M","E","?","E","T","M","R","M","E","$","R","B","B",null,"R","$","E","B",null],"character_chosen":"DEFECT","items_purchased":["TheAbacus","Ancient Potion","Nunchaku","Potion Belt","ClockworkSouvenir","SkillPotion"],"campfire_rested":0,"item_purchase_floors":[37,37,37,48,48,54],"current_hp_per_floor":[64,61,61,50,44,44,44,29,29,29,22,22,1,1,1,1,54,52,29,22,32,32,49,65,75,75,78,78,78,78,78,78,78,78,65,78,78,78,78,78,74,74,74,74,74,74,74,74,74,78,78,78,78,78,78,78],"gold":83,"neow_bonus":"","is_prod":false,"is_daily":false,"chose_seed":false,"campfire_upgraded":6,"win_rate":0,"timestamp":1566644023,"path_taken":["M","?","$","?","M","E","R","E","T","E","M","R","?","M","R","BOSS","M","M","M","?","?","E","?","E","T","E","?","?","E","M","R","BOSS","M","?","$","M","M","E","?","E","T","M","R","?","E","?","R","BOSS","BOSS","R","$","E","BOSS"],"build_version":"2019-08-23","purchased_purges":3,"victory":true,"max_hp_per_floor":[71,71,71,71,71,71,71,71,71,71,71,71,71,71,71,71,71,71,71,71,71,71,78,78,78,78,78,78,78,78,78,78,78,78,78,78,78,78,78,78,78,78,78,78,78,78,78,78,78,78,78,78,78,78,78,78],"card_choices":[{"not_picked":["Sweeping Beam","Streamline","Leap"],"picked":"SKIP","floor":1.0},{"not_picked":["Conserve Battery","Stack","Go for the Eyes"],"picked":"SKIP","floor":2.0},{"not_picked":["Conserve Battery","Stack","Go for the Eyes"],"picked":"SKIP","floor":2.0},{"not_picked":["Coolheaded","Fusion","Amplify"],"picked":"SKIP","floor":5.0},{"not_picked":["Hello World","Steam"],"picked":"BootSequence","floor":6.0},{"not_picked":["Skim","White Noise","Blizzard"],"picked":"SKIP","floor":8.0},{"not_picked":["Compile Driver","Steam Power"],"picked":"Undo","floor":10.0},{"not_picked":["Compile Driver","Ball Lightning","Beam Cell"],"picked":"SKIP","floor":11.0},{"not_picked":["Go for the Eyes","Steam","Sunder"],"picked":"SKIP","floor":14.0},{"not_picked":["Cold Snap","Redo"],"picked":"Defragment+1","floor":17.0},{"not_picked":["Compile Driver","BootSequence","Fusion"],"picked":"SKIP","floor":18.0},{"not_picked":["Compile Driver","Cold Snap","Hologram"],"picked":"SKIP","floor":19.0},{"not_picked":["Conserve Battery","Force Field"],"picked":"Self Repair+1","floor":20.0},{"not_picked":["Gash+1","Beam Cell","Cold Snap"],"picked":"SKIP","floor":23.0},{"not_picked":["Darkness","Coolheaded","Barrage"],"picked":"SKIP","floor":25.0},{"not_picked":["Tempest","Turbo","FTL"],"picked":"SKIP","floor":27.0},{"not_picked":["Tempest","Compile Driver","Capacitor+1","Force Field"],"picked":"SKIP","floor":30.0},{"not_picked":["FTL+1","Lockon","Ball Lightning","Turbo"],"picked":"SKIP","floor":31.0},{"not_picked":["Stack","Fusion","Undo+1","Barrage"],"picked":"SKIP","floor":35.0},{"not_picked":["Streamline+1","Gash","Leap","Rebound"],"picked":"SKIP","floor":38.0},{"not_picked":["Gash","Genetic Algorithm","Redo","BootSequence"],"picked":"SKIP","floor":39.0},{"not_picked":["Steam","Storm+1","Lockon+1","Go for the Eyes+1"],"picked":"SKIP","floor":40.0},{"not_picked":["Barrage","Steam","Capacitor+1","Gash+1"],"picked":"SKIP","floor":42.0},{"not_picked":["Compile Driver+1","Ball Lightning","Scrape","Stack+1"],"picked":"SKIP","floor":44.0},{"not_picked":["Hologram+1","Doom and Gloom+1","Scrape","Sweeping Beam"],"picked":"SKIP","floor":46},{"not_picked":["Rebound","Double Energy","Defragment+1","Hologram"],"picked":"SKIP","floor":47},{"not_picked":["Core Surge","Electrodynamics+1","Reinforced Body+1"],"picked":"Heatsinks+1","floor":55}],"player_experience":3098241,"relics_obtained":[{"floor":6.0,"key":"Bag of Marbles"},{"floor":8.0,"key":"Sundial"},{"floor":10.0,"key":"Frozen Egg 2"},{"floor":21.0,"key":"Red Mask"},{"floor":23.0,"key":"Strawberry"},{"floor":25.0,"key":"Kunai"},{"floor":26.0,"key":"Mummified Hand"},{"floor":27.0,"key":"Question Card"},{"floor":29.0,"key":"Bronze Scales"},{"floor":30.0,"key":"Pantograph"},{"floor":36.0,"key":"Old Coin"},{"floor":40.0,"key":"Bottled Lightning"},{"floor":42.0,"key":"Smiling Mask"},{"floor":43.0,"key":"Blue Candle"},{"floor":47,"key":"Meat on the Bone"},{"floor":55,"key":"Thread and Needle"}],"event_choices":[{"damage_healed":0.0,"max_hp_gain":0.0,"max_hp_loss":0.0,"gold_gain":75.0,"event_name":"World of Goop","player_choice":"Gather Gold","floor":4.0,"gold_loss":0.0,"damage_taken":11.0},{"damage_healed":0.0,"max_hp_gain":0.0,"max_hp_loss":0.0,"gold_gain":0.0,"event_name":"Shining Light","player_choice":"Entered Light","floor":13.0,"gold_loss":0.0,"damage_taken":21.0,"cards_upgraded":["Undo","BootSequence"]},{"damage_healed":0.0,"max_hp_gain":0.0,"max_hp_loss":0.0,"gold_gain":0.0,"event_name":"Masked Bandits","player_choice":"Fought Bandits","floor":21.0,"gold_loss":0.0,"damage_taken":0.0},{"cards_removed":["Ball Lightning"],"damage_healed":0.0,"max_hp_gain":0.0,"max_hp_loss":0.0,"gold_gain":0.0,"event_name":"Back to Basics","player_choice":"Elegance","floor":22.0,"gold_loss":0.0,"damage_taken":0.0},{"damage_healed":16.0,"max_hp_gain":0.0,"max_hp_loss":0.0,"gold_gain":0.0,"event_name":"The Library","player_choice":"Heal","floor":24.0,"gold_loss":0.0,"damage_taken":0.0},{"damage_healed":0.0,"max_hp_gain":0.0,"max_hp_loss":0.0,"gold_gain":0.0,"cards_transformed":["BootSequence","Self Repair"],"event_name":"Drug Dealer","player_choice":"Became Test Subject","floor":28.0,"gold_loss":0.0,"damage_taken":0.0,"cards_obtained":["FTL","Recycle"]},{"damage_healed":0.0,"max_hp_gain":0.0,"max_hp_loss":0.0,"gold_gain":0.0,"event_name":"MindBloom","player_choice":"Fight","floor":36.0,"gold_loss":0.0,"damage_taken":0.0},{"damage_healed":0.0,"max_hp_gain":0.0,"max_hp_loss":0.0,"gold_gain":0.0,"event_name":"The Woman in Blue","player_choice":"Bought 0 Potions","floor":41.0,"gold_loss":0.0,"damage_taken":0.0}],"is_beta":true,"boss_relics":[{"not_picked":["Cursed Key","Lizard Tail"],"picked":"Orrery"},{"not_picked":["Nuclear Battery","White Beast Statue"],"picked":"Empty Cage"}],"items_purged_floors":[3,37,48],"is_endless":false,"potions_floor_spawned":[5,6,10,11,19,25,27,31,33,38,42,44,46],"ascension_level":20}