{"gold_per_floor":[116,16,27,27,27,27,62,62,62,62,62,62,76,76],"floor_reached":14,"playtime":396,"items_purged":[],"score":172,"play_id":"def2303f-1101-45f3-9570-5f9ea06cfe78","local_time":"20190902103835","is_ascension_mode":true,"campfire_choices":[{"data":"Deadly Poison","floor":6.0,"key":"SMITH"},{"data":"Well Laid Plans","floor":8.0,"key":"SMITH"}],"neow_cost":"TEN_PERCENT_HP_LOSS","seed_source_timestamp":1548028378003500,"circlet_count":0,"master_deck":["AscendersBane","Strike_G","Strike_G","Strike_G","Defend_G","Defend_G","Defend_G","Defend_G","Survivor","Neutralize","Deadly Poison+1","Well Laid Plans+1","PiercingWail"],"special_seed":0,"relics":["Ring of the Snake","Mercury Hourglass","Blood Vial","Girya","Ice Cream"],"potions_floor_usage":[],"damage_taken":[{"damage":4.0,"enemies":"Small Slimes","floor":1.0,"turns":5.0},{"damage":0.0,"enemies":"Jaw Worm","floor":3.0,"turns":5.0},{"damage":20.0,"enemies":"3 Sentries","floor":7.0,"turns":13.0},{"damage":0.0,"enemies":"2 Louse","floor":13.0,"turns":3.0},{"damage":37,"enemies":"Gremlin Nob","floor":14,"turns":4}],"seed_played":"-6902600800985758408","potions_obtained":[{"floor":7.0,"key":"LiquidBronze"},{"floor":13.0,"key":"Fruit Juice"}],"is_trial":false,"path_per_floor":["M","$","M","?","?","R","E","R","T","?","$","T","M","E"],"character_chosen":"THE_SILENT","items_purchased":["Deadly Poison","Well Laid Plans"],"campfire_rested":0,"item_purchase_floors":[2,2],"current_hp_per_floor":[55,55,55,55,48,48,28,28,28,23,23,23,30,0],"gold":76,"neow_bonus":"REMOVE_TWO","is_prod":false,"is_daily":false,"chose_seed":false,"campfire_upgraded":2,"win_rate":0,"timestamp":1567391915,"path_taken":["M","$","M","?","?","R","E","R","T","?","$","?","M","E"],"build_version":"2019-08-26","purchased_purges":0,"victory":false,"max_hp_per_floor":[60,60,60,60,60,60,60,60,60,60,60,60,65,65],"card_choices":[{"not_picked":["Prepared","Bane","Sucker Punch"],"picked":"SKIP","floor":1.0},{"not_picked":["Underhanded Strike","Dagger Spray"],"picked":"PiercingWail","floor":3.0},{"not_picked":["Poisoned Stab","Bane","Dagger Spray"],"picked":"SKIP","floor":7.0},{"not_picked":["Backstab","Finisher","PiercingWail"],"picked":"SKIP","floor":13.0}],"player_experience":3154432,"relics_obtained":[{"floor":7.0,"key":"Mercury Hourglass"},{"floor":9.0,"key":"Blood Vial"},{"floor":12.0,"key":"Ice Cream"}],"event_choices":[{"damage_healed":0.0,"max_hp_gain":0.0,"max_hp_loss":0.0,"gold_gain":0.0,"event_name":"Liars Game","player_choice":"Ignored","floor":4.0,"gold_loss":0.0,"damage_taken":0.0},{"cards_removed":["Strike_G"],"damage_healed":0.0,"max_hp_gain":0.0,"max_hp_loss":0.0,"gold_gain":0.0,"event_name":"Golden Wing","player_choice":"Card Removal","floor":5.0,"gold_loss":0.0,"damage_taken":7.0},{"damage_healed":0.0,"max_hp_gain":0.0,"max_hp_loss":0.0,"gold_gain":0.0,"event_name":"Scrap Ooze","player_choice":"Success","floor":10.0,"gold_loss":0.0,"damage_taken":5.0,"relics_obtained":["Girya"]}],"is_beta":true,"boss_relics":[],"items_purged_floors":[],"is_endless":false,"potions_floor_spawned":[7,13],"killed_by":"Gremlin Nob","ascension_level":20}