{"gold_per_floor":[110,122,70,70,70,70,70,109,109,140,140,161,161,192,192,285,285,309,309,324,20,20,54,54,122,122,47,61,61,104,104,104,203,203,221,56,56,56,72,72,115,127,208,243,298,310,84,125,125,125,125,125,125,41,76,76],"floor_reached":57,"playtime":2370,"items_purged":["Regret"],"score":3241,"play_id":"c473ddce-a8ad-4406-90a7-f6702c74f7bc","local_time":"20190917151724","is_ascension_mode":true,"campfire_choices":[{"data":"Coolheaded","floor":6.0,"key":"SMITH"},{"data":"Zap","floor":11.0,"key":"SMITH"},{"data":"Heatsinks","floor":13.0,"key":"SMITH"},{"data":"Dualcast","floor":15.0,"key":"SMITH"},{"data":"Blizzard","floor":24.0,"key":"SMITH"},{"data":"Barrage","floor":32.0,"key":"SMITH"},{"data":"Defragment","floor":40.0,"key":"SMITH"},{"floor":42.0,"key":"RECALL"},{"data":"Biased Cognition","floor":46.0,"key":"SMITH"},{"data":"Turbo","floor":49.0,"key":"SMITH"},{"data":"Go for the Eyes","floor":53.0,"key":"SMITH"}],"neow_cost":"NONE","seed_source_timestamp":594061444678030,"circlet_count":0,"master_deck":["AscendersBane","Strike_B+1","Defend_B","Defend_B","Defend_B+1","Defend_B","Zap+1","Dualcast+1","Coolheaded+1","Auto Shields+1","Cold Snap","Echo Form","Heatsinks+1","Electrodynamics","Ball Lightning","BootSequence","Core Surge","White Noise","Coolheaded+1","Lockon","Ghostly","Ghostly","Ghostly","Blizzard+1","Capacitor","Barrage+1","Buffer","Heatsinks","Hologram","Biased Cognition+1","Beam Cell+1","Defragment+1","Capacitor+1","Parasite","Turbo+1","White Noise","Conserve Battery+1","Undo","Steam Power+1","Go for the Eyes+1","Turbo+1","Reinforced Body","All For One"],"special_seed":0,"relics":["Cursed Key","Golden Idol","InkBottle","Eternal Feather","Dream Catcher","Bag of Marbles","Empty Cage","Enchiridion","War Paint","Bottled Tornado","Tiny Chest","Juzu Bracelet","Runic Dome","Medical Kit","MawBank","Shuriken","Pen Nib","Orrery","Gremlin Horn","White Beast Statue"],"potions_floor_usage":[56],"damage_taken":[{"damage":0.0,"enemies":"Cultist","floor":1.0,"turns":3.0},{"damage":7.0,"enemies":"Small Slimes","floor":2.0,"turns":5.0},{"damage":22.0,"enemies":"3 Sentries","floor":8.0,"turns":9.0},{"damage":6.0,"enemies":"Lagavulin","floor":10.0,"turns":9.0},{"damage":7.0,"enemies":"2 Louse","floor":12.0,"turns":2.0},{"damage":5.0,"enemies":"3 Sentries","floor":14.0,"turns":4.0},{"damage":16.0,"enemies":"The Guardian","floor":16.0,"turns":10.0},{"damage":9.0,"enemies":"Spheric Guardian","floor":18.0,"turns":5.0},{"damage":6.0,"enemies":"2 Thieves","floor":20.0,"turns":3.0},{"damage":0.0,"enemies":"Book of Stabbing","floor":23.0,"turns":7.0},{"damage":0.0,"enemies":"Slavers","floor":25.0,"turns":3.0},{"damage":1.0,"enemies":"Snake Plant","floor":28.0,"turns":5.0},{"damage":11.0,"enemies":"Book of Stabbing","floor":30.0,"turns":9.0},{"damage":2.0,"enemies":"Champ","floor":33.0,"turns":10.0},{"damage":0.0,"enemies":"3 Darklings","floor":35.0,"turns":5.0},{"damage":0.0,"enemies":"3 Shapes","floor":39.0,"turns":6.0},{"damage":0.0,"enemies":"Nemesis","floor":41.0,"turns":9.0},{"damage":0.0,"enemies":"3 Darklings","floor":44.0,"turns":6.0},{"damage":2.0,"enemies":"Reptomancer","floor":45.0,"turns":5.0},{"damage":0.0,"enemies":"Giant Head","floor":48.0,"turns":7.0},{"damage":0.0,"enemies":"Time Eater","floor":50.0,"turns":9.0},{"damage":0.0,"enemies":"Donu and Deca","floor":51.0,"turns":5.0},{"damage":4.0,"enemies":"Shield and Spear","floor":55.0,"turns":8.0},{"damage":11,"enemies":"The Heart","floor":56,"turns":8}],"seed_played":"-4038612205207737333","potions_obtained":[{"floor":8.0,"key":"Poison Potion"},{"floor":10.0,"key":"FearPotion"},{"floor":18.0,"key":"Weak Potion"},{"floor":25.0,"key":"Weak Potion"},{"floor":48.0,"key":"GamblersBrew"}],"is_trial":false,"path_per_floor":["M","M","$","?","?","R","?","E","T","E","R","M","R","E","R","B",null,"M","?","M","$","?","E","R","E","T","$","M","?","E","?","R","B",null,"M","$","T","?","M","R","E","R","T","M","E","R","$","E","R","B","B",null,"R","$","E","B",null],"character_chosen":"DEFECT","items_purchased":["Cold Snap","Coolheaded","War Paint","Lockon","Medical Kit","Orrery","Turbo","Swift Potion","FocusPotion"],"campfire_rested":0,"item_purchase_floors":[3,21,21,21,36,47,47,47,54],"current_hp_per_floor":[64,57,57,57,38,38,38,16,16,10,19,12,21,16,25,9,50,41,20,14,14,14,14,29,29,29,29,28,28,17,17,32,30,32,32,32,32,32,32,32,32,32,32,32,30,32,32,32,32,32,32,32,32,32,28,17],"gold":76,"neow_bonus":"BOSS_RELIC","is_prod":false,"is_daily":false,"chose_seed":false,"campfire_upgraded":10,"win_rate":0,"timestamp":1568704644,"path_taken":["M","M","$","?","?","R","?","E","T","E","R","M","R","E","R","BOSS","M","?","M","$","?","E","R","E","T","$","M","?","E","?","R","BOSS","M","$","?","?","M","R","E","R","T","M","E","R","?","E","R","BOSS","BOSS","R","$","E","BOSS"],"build_version":"2019-09-16","purchased_purges":1,"victory":true,"max_hp_per_floor":[71,71,71,64,64,64,64,64,64,64,64,64,64,64,64,64,64,64,64,64,64,32,32,32,32,32,32,32,32,32,32,32,32,32,32,32,32,32,32,32,32,32,32,32,32,32,32,32,32,32,32,32,32,32,32,32],"card_choices":[{"not_picked":["Rebound","Barrage"],"picked":"Coolheaded","floor":1.0},{"not_picked":["Barrage","Rebound"],"picked":"Auto Shields","floor":2.0},{"not_picked":["Go for the Eyes","Barrage"],"picked":"Heatsinks","floor":8.0},{"not_picked":["Barrage","Gash"],"picked":"Electrodynamics","floor":10.0},{"not_picked":["Lockon","Go for the Eyes"],"picked":"Ball Lightning","floor":12.0},{"not_picked":["Cold Snap","Beam Cell"],"picked":"BootSequence","floor":14.0},{"not_picked":["All For One","Machine Learning"],"picked":"Core Surge","floor":16.0},{"not_picked":["Ball Lightning","Auto Shields"],"picked":"White Noise","floor":18.0},{"not_picked":["Turbo","Darkness"],"picked":"Reinforced Body+1","floor":20.0},{"not_picked":["Sweeping Beam+1","Cold Snap"],"picked":"Blizzard","floor":23.0},{"not_picked":["Leap","Chaos"],"picked":"Capacitor","floor":25.0},{"not_picked":["Go for the Eyes","Chaos"],"picked":"Barrage","floor":28.0},{"not_picked":["Ball Lightning","Scrape"],"picked":"Hologram","floor":30.0},{"not_picked":["Creative AI","Machine Learning"],"picked":"Biased Cognition","floor":33.0},{"not_picked":["Compile Driver","Barrage+1"],"picked":"Beam Cell+1","floor":35.0},{"not_picked":["Streamline+1","Cold Snap"],"picked":"Defragment","floor":39.0},{"not_picked":["Leap","Heatsinks"],"picked":"Capacitor+1","floor":41.0},{"not_picked":["Ball Lightning","Amplify"],"picked":"Turbo+1","floor":44.0},{"not_picked":["Ball Lightning","Self Repair"],"picked":"White Noise","floor":45.0},{"not_picked":["Gash+1","Leap"],"picked":"Conserve Battery+1","floor":47.0},{"not_picked":["Compile Driver","Rebound"],"picked":"Undo","floor":47.0},{"not_picked":["Melter","Barrage"],"picked":"Steam Power+1","floor":47.0},{"not_picked":["Beam Cell","Heatsinks"],"picked":"Go for the Eyes","floor":47.0},{"not_picked":["Ball Lightning","Go for the Eyes"],"picked":"Reinforced Body","floor":48.0},{"not_picked":["Ball Lightning","Go for the Eyes+1"],"picked":"All For One","floor":55.0}],"player_experience":810899,"relics_obtained":[{"floor":8.0,"key":"InkBottle"},{"floor":9.0,"key":"Eternal Feather"},{"floor":10.0,"key":"Dream Catcher"},{"floor":14.0,"key":"Bag of Marbles"},{"floor":19.0,"key":"Enchiridion"},{"floor":23.0,"key":"Bottled Tornado"},{"floor":25.0,"key":"Tiny Chest"},{"floor":30.0,"key":"Juzu Bracelet"},{"floor":41.0,"key":"MawBank"},{"floor":43.0,"key":"Shuriken"},{"floor":45.0,"key":"Pen Nib"},{"floor":48.0,"key":"Gremlin Horn"},{"floor":55.0,"key":"White Beast Statue"}],"event_choices":[{"damage_healed":0.0,"max_hp_gain":0.0,"max_hp_loss":7.0,"gold_gain":0.0,"event_name":"Golden Idol","player_choice":"Lose Max HP","floor":4.0,"gold_loss":0.0,"damage_taken":0.0,"relics_obtained":["Golden Idol"]},{"damage_healed":0.0,"max_hp_gain":0.0,"max_hp_loss":0.0,"gold_gain":0.0,"event_name":"Shining Light","player_choice":"Entered Light","floor":5.0,"gold_loss":0.0,"damage_taken":19.0,"cards_upgraded":["Auto Shields","Strike_B"]},{"damage_healed":0.0,"max_hp_gain":0.0,"max_hp_loss":0.0,"gold_gain":0.0,"cards_transformed":["Strike_B"],"event_name":"Living Wall","player_choice":"Change","floor":7.0,"gold_loss":0.0,"damage_taken":0.0,"cards_obtained":["Echo Form"]},{"damage_healed":0.0,"max_hp_gain":0.0,"max_hp_loss":0.0,"gold_gain":0.0,"event_name":"Cursed Tome","player_choice":"Obtained Book","floor":19.0,"gold_loss":0.0,"damage_taken":21.0},{"damage_healed":0.0,"max_hp_gain":0.0,"max_hp_loss":32.0,"gold_gain":0.0,"event_name":"Ghosts","player_choice":"Became a Ghost","floor":22.0,"gold_loss":0.0,"damage_taken":0.0,"cards_obtained":["Ghostly","Ghostly","Ghostly"]},{"damage_healed":0.0,"max_hp_gain":0.0,"max_hp_loss":0.0,"gold_gain":0.0,"event_name":"Match and Keep!","player_choice":"2 cards matched","floor":29.0,"gold_loss":0.0,"damage_taken":0.0,"cards_obtained":["Buffer","Heatsinks"]},{"cards_removed":["Strike_B"],"damage_healed":0.0,"max_hp_gain":0.0,"max_hp_loss":0.0,"gold_gain":0.0,"event_name":"Bonfire Elementals","player_choice":"Offered Basic","floor":31.0,"gold_loss":0.0,"damage_taken":0.0},{"cards_removed":["Reinforced Body"],"damage_healed":0.0,"max_hp_gain":0.0,"max_hp_loss":0.0,"gold_gain":0.0,"event_name":"Falling","player_choice":"Removed Skill","floor":38.0,"gold_loss":0.0,"damage_taken":0.0}],"is_beta":true,"boss_relics":[{"not_picked":["Busted Crown","Velvet Choker"],"picked":"Empty Cage"},{"not_picked":["Philosopher\u0027s Stone","Sozu"],"picked":"Runic Dome"}],"items_purged_floors":[27],"is_endless":false,"potions_floor_spawned":[8,10,18,25,48],"ascension_level":20}