{"gold_per_floor":[111,52,102,2,16,16,49,49,49,75,131,148,148,162,162,241,241,260,185,197,197,209,209,240,190,213,213,232,263,663,663,663,740,740,754,754,260,272,288,288,288,288,288,288,74,91,106,116,116,116,116,116,3,3],"floor_reached":54,"playtime":11114,"items_purged":["Strike_B","Defend_B","Defend_B"],"score":1243,"play_id":"198bf721-18b9-4308-addf-51ce8f26eee2","local_time":"20190130225441","is_ascension_mode":true,"campfire_choices":[{"data":"Zap","floor":6.0,"key":"SMITH"},{"data":"Dualcast","floor":8.0,"key":"SMITH"},{"data":"Go for the Eyes","floor":15.0,"key":"SMITH"},{"data":"Barrage","floor":23.0,"key":"SMITH"},{"floor":27.0,"key":"REST"},{"floor":32.0,"key":"REST"},{"floor":40.0,"key":"RECALL"},{"floor":42.0,"key":"DIG"},{"floor":44.0,"key":"DIG"},{"floor":49.0,"key":"REST"},{"floor":52,"key":"DIG"}],"neow_cost":"NONE","seed_source_timestamp":192990153142370,"circlet_count":0,"master_deck":["AscendersBane","Zap+1","Dualcast+1","Conserve Battery","Barrage","Sweeping Beam","Conserve Battery","Cold Snap","Glacier","Go for the Eyes+1","Capacitor","Buffer","Steam Power+1","Cold Snap+1","Doom and Gloom+1","Capacitor","Barrage+1","Leap+1","Electrodynamics","Glacier+1","Master of Strategy","Tempest+1","Defragment","Compile Driver"],"special_seed":0,"relics":["Cracked Core","NeowsBlessing","Smiling Mask","Gremlin Horn","Lantern","Astrolabe","Shovel","Red Mask","Old Coin","Matryoshka","Fusion Hammer","Pear","Sundial","Pantograph","Darkstone Periapt","Oddly Smooth Stone","Anchor","Cables"],"potions_floor_usage":[50,50],"damage_taken":[{"damage":0.0,"enemies":"Small Slimes","floor":1.0,"turns":1.0},{"damage":0.0,"enemies":"Cultist","floor":5.0,"turns":1.0},{"damage":0.0,"enemies":"Gremlin Nob","floor":7.0,"turns":1.0},{"damage":14.0,"enemies":"3 Sentries","floor":10.0,"turns":7.0},{"damage":21.0,"enemies":"Gremlin Nob","floor":11.0,"turns":4.0},{"damage":1.0,"enemies":"2 Louse","floor":12.0,"turns":2.0},{"damage":4.0,"enemies":"Lots of Slimes","floor":14.0,"turns":3.0},{"damage":17.0,"enemies":"The Guardian","floor":16.0,"turns":13.0},{"damage":3.0,"enemies":"3 Byrds","floor":18.0,"turns":4.0},{"damage":3.0,"enemies":"Shell Parasite","floor":20.0,"turns":6.0},{"damage":9.0,"enemies":"Centurion and Healer","floor":22.0,"turns":7.0},{"damage":25.0,"enemies":"Book of Stabbing","floor":24.0,"turns":6.0},{"damage":0.0,"enemies":"Chosen and Byrds","floor":28.0,"turns":6.0},{"damage":6.0,"enemies":"Masked Bandits","floor":29.0,"turns":4.0},{"damage":6.0,"enemies":"Colosseum Slavers","floor":30.0,"turns":5.0},{"damage":15.0,"enemies":"Colosseum Nobs","floor":30.0,"turns":5.0},{"damage":21.0,"enemies":"Automaton","floor":33.0,"turns":10.0},{"damage":4.0,"enemies":"Orb Walker","floor":35.0,"turns":4.0},{"damage":18.0,"enemies":"3 Darklings","floor":38.0,"turns":3.0},{"damage":1.0,"enemies":"4 Shapes","floor":39.0,"turns":3.0},{"damage":22.0,"enemies":"Sphere and 2 Shapes","floor":46.0,"turns":4.0},{"damage":15.0,"enemies":"Jaw Worm Horde","floor":47.0,"turns":3.0},{"damage":1.0,"enemies":"4 Shapes","floor":48.0,"turns":6.0},{"damage":47,"enemies":"Donu and Deca","floor":50,"turns":9},{"damage":74,"enemies":"Shield and Spear","floor":54,"turns":5}],"seed_played":"6181292273716663767","potions_obtained":[{"floor":5.0,"key":"SpeedPotion"},{"floor":7.0,"key":"Poison Potion"},{"floor":12.0,"key":"Ancient Potion"},{"floor":20.0,"key":"GamblersBrew"},{"floor":30.0,"key":"SpeedPotion"},{"floor":38.0,"key":"SpeedPotion"}],"is_trial":false,"path_per_floor":["M","$","?","$","M","R","E","R","T","E","?","M","?","M","R","B",null,"M","?","M","?","M","R","E","$","T","R","M","?","?","?","R","B",null,"M","?","$","M","M","R","?","R","T","R","$","M","M","M","R","B",null,"R","$","E"],"character_chosen":"DEFECT","items_purchased":["Barrage","Sweeping Beam","Master of Strategy","Pear","Anchor","PowerPotion","Defragment","Compile Driver"],"campfire_rested":3,"item_purchase_floors":[2,4,37,37,45,45,53,53],"current_hp_per_floor":[64,64,64,64,64,64,64,64,64,50,29,28,28,24,24,7,55,52,52,49,49,40,40,15,15,15,36,36,30,9,23,44,23,59,55,55,65,47,46,46,51,51,51,51,51,29,14,13,37,15,65,65,65,0],"gold":3,"neow_bonus":"THREE_ENEMY_KILL","is_prod":false,"is_daily":false,"chose_seed":false,"campfire_upgraded":4,"win_rate":0,"timestamp":1548885281,"path_taken":["M","$","?","$","?","R","E","R","T","E","?","M","?","?","R","BOSS","M","?","M","?","M","R","E","?","T","R","?","?","?","?","R","BOSS","M","?","$","M","M","R","?","R","T","R","$","?","M","?","R","BOSS","R","$","E"],"build_version":"2019-01-17v2","purchased_purges":3,"victory":false,"max_hp_per_floor":[71,71,71,71,71,71,71,71,71,71,71,71,71,71,71,71,71,71,71,71,71,71,71,71,71,71,71,71,71,71,71,71,71,71,71,71,81,81,81,81,81,81,81,81,81,81,81,81,81,81,81,81,81,81],"card_choices":[{"not_picked":["Hologram","Rebound"],"picked":"Conserve Battery","floor":1.0},{"not_picked":["Coolheaded","Redo"],"picked":"Ball Lightning","floor":5.0},{"not_picked":["Hologram","Doom and Gloom"],"picked":"Conserve Battery","floor":7.0},{"not_picked":["Chill","Tempest"],"picked":"Cold Snap","floor":10.0},{"not_picked":["Coolheaded","Chill"],"picked":"Glacier","floor":11.0},{"not_picked":["Redo","Cold Snap"],"picked":"Go for the Eyes","floor":12.0},{"not_picked":["Aggregate","Hyperbeam","Go for the Eyes"],"picked":"SKIP","floor":14.0},{"not_picked":["Electrodynamics","Rainbow"],"picked":"Buffer","floor":16.0},{"not_picked":["Leap","Streamline"],"picked":"Capacitor","floor":18.0},{"not_picked":["Darkness","Barrage","Fusion"],"picked":"SKIP","floor":20.0},{"not_picked":["Steam","Leap"],"picked":"Barrage","floor":22.0},{"not_picked":["Go for the Eyes","Rebound"],"picked":"Leap","floor":24.0},{"not_picked":["Rebound","Redo","Hello World"],"picked":"SKIP","floor":28.0},{"not_picked":["Ball Lightning","Gash+1"],"picked":"Leap+1","floor":30.0},{"not_picked":["Machine Learning","Core Surge"],"picked":"Electrodynamics","floor":33.0},{"not_picked":["Hologram","Barrage"],"picked":"Glacier+1","floor":35.0},{"not_picked":["Melter","Sweeping Beam+1"],"picked":"Tempest+1","floor":38.0},{"not_picked":["Steam Power","Steam","Hologram"],"picked":"SKIP","floor":39.0},{"not_picked":["Glacier+1","Undo","Redo+1"],"picked":"SKIP","floor":46.0},{"not_picked":["Hologram","Capacitor","Skim"],"picked":"SKIP","floor":47.0},{"not_picked":["Self Repair","Tempest","Rip and Tear+1"],"picked":"SKIP","floor":48.0}],"player_experience":1206485,"relics_obtained":[{"floor":7.0,"key":"Smiling Mask"},{"floor":9.0,"key":"Gremlin Horn"},{"floor":11.0,"key":"Lantern"},{"floor":24.0,"key":"Shovel"},{"floor":29.0,"key":"Red Mask"},{"floor":30.0,"key":"Old Coin"},{"floor":30.0,"key":"Matryoshka"},{"floor":42.0,"key":"Sundial"},{"floor":43.0,"key":"Pantograph"},{"floor":43.0,"key":"Darkstone Periapt"},{"floor":44.0,"key":"Oddly Smooth Stone"},{"floor":52,"key":"Cables"}],"event_choices":[{"damage_healed":0.0,"max_hp_gain":0.0,"max_hp_loss":0.0,"gold_gain":50.0,"event_name":"Golden Shrine","player_choice":"Pray","floor":3.0,"gold_loss":0.0,"damage_taken":0.0},{"damage_healed":0.0,"max_hp_gain":0.0,"max_hp_loss":0.0,"gold_gain":0.0,"event_name":"Dead Adventurer","player_choice":"Searched \u00271\u0027 times","floor":11.0,"gold_loss":0.0,"damage_taken":0.0},{"damage_healed":0.0,"max_hp_gain":0.0,"max_hp_loss":0.0,"gold_gain":0.0,"cards_transformed":["Defend_B"],"event_name":"Transmorgrifier","player_choice":"Transformed","floor":13.0,"gold_loss":0.0,"damage_taken":0.0,"cards_obtained":["Capacitor"]},{"cards_removed":["Strike_B"],"damage_healed":0.0,"max_hp_gain":0.0,"max_hp_loss":0.0,"gold_gain":0.0,"event_name":"Beggar","player_choice":"Gave Gold","floor":19.0,"gold_loss":75.0,"damage_taken":0.0},{"damage_healed":0.0,"max_hp_gain":0.0,"max_hp_loss":0.0,"gold_gain":0.0,"event_name":"Cursed Tome","player_choice":"Ignored","floor":21.0,"gold_loss":0.0,"damage_taken":0.0},{"damage_healed":0.0,"max_hp_gain":0.0,"max_hp_loss":0.0,"gold_gain":0.0,"event_name":"Masked Bandits","player_choice":"Fought Bandits","floor":29.0,"gold_loss":0.0,"damage_taken":0.0},{"damage_healed":0.0,"max_hp_gain":0.0,"max_hp_loss":0.0,"gold_gain":0.0,"event_name":"Colosseum","player_choice":"Fight","floor":30.0,"gold_loss":0.0,"damage_taken":0.0},{"damage_healed":0.0,"max_hp_gain":0.0,"max_hp_loss":0.0,"gold_gain":0.0,"event_name":"Colosseum","player_choice":"Fought Nobs","floor":30.0,"gold_loss":0.0,"damage_taken":0.0},{"damage_healed":14.0,"max_hp_gain":0.0,"max_hp_loss":0.0,"gold_gain":0.0,"event_name":"The Library","player_choice":"Heal","floor":31.0,"gold_loss":0.0,"damage_taken":0.0},{"cards_removed":["Ball Lightning"],"damage_healed":0.0,"max_hp_gain":0.0,"max_hp_loss":0.0,"gold_gain":0.0,"event_name":"Falling","player_choice":"Removed Attack","floor":36.0,"gold_loss":0.0,"damage_taken":0.0},{"cards_removed":["Leap"],"damage_healed":5.0,"max_hp_gain":0.0,"max_hp_loss":0.0,"gold_gain":0.0,"event_name":"Bonfire Elementals","player_choice":"Offered Common","floor":41.0,"gold_loss":0.0,"damage_taken":0.0},{"cards_removed":["Leap"],"damage_healed":5.0,"max_hp_gain":0.0,"max_hp_loss":0.0,"gold_gain":0.0,"event_name":"Bonfire Elementals","player_choice":"Offered Special","floor":41.0,"gold_loss":0.0,"damage_taken":0.0}],"is_beta":false,"boss_relics":[{"not_picked":["FrozenCore","Pandora\u0027s Box"],"picked":"Astrolabe"},{"not_picked":["Orrery","Black Star"],"picked":"Fusion Hammer"}],"items_purged_floors":[4,25,37],"is_endless":false,"potions_floor_spawned":[5,7,12,20,30,30,38,46,48],"killed_by":"Shield and Spear","ascension_level":16}