{"path_per_floor":["M","?","M","M","M","E","$","E","T","?","$","R","T","?","R","B",null,"M","?","M","$"],"character_chosen":"DEFECT","items_purchased":["Ball Lightning","Thunder Strike","Block Potion"],"gold_per_floor":[211,211,229,249,265,304,229,272,272,237,165,165,192,192,192,318,318,338,338,358,96,96],"floor_reached":22,"campfire_rested":0,"playtime":4754,"item_purchase_floors":[11,21,21],"current_hp_per_floor":[66,66,63,62,60,33,33,14,14,31,31,31,31,31,31,23,58,35,35,15,15,0],"items_purged":["Strike_B","Strike_B","Strike_B"],"gold":96,"score":240,"play_id":"d3960862-2474-4e55-b809-37b7b2c919da","local_time":"20180606202542","is_prod":false,"is_daily":false,"chose_seed":false,"is_ascension_mode":true,"campfire_upgraded":2,"win_rate":0,"timestamp":1528309542,"campfire_choices":[{"data":"Zap","floor":12,"key":"SMITH"},{"data":"Go for the Eyes","floor":15,"key":"SMITH"}],"path_taken":["M","?","M","M","M","E","$","E","T","?","$","R","?","?","R","BOSS","M","?","M","$","?"],"build_version":"2018-05-31","seed_source_timestamp":201955286692744,"purchased_purges":3,"victory":false,"master_deck":["Strike_B","Defend_B","Defend_B","Defend_B","Defend_B","Zap+1","Dualcast+1","Hologram","Go for the Eyes+1","Cold Snap","Hologram","Loop","Ball Lightning","Seek","Thunder Strike"],"max_hp_per_floor":[75,69,69,69,69,69,69,69,69,69,69,69,69,69,69,69,69,69,69,69,69,69],"relics":["Cracked Core","Golden Idol","Omamori","Smiling Mask","Dodecahedron","Pen Nib","Eternal Feather"],"card_choices":[{"not_picked":["Scrape","Sweeping Beam"],"picked":"Hologram","floor":1},{"not_picked":["Doom and Gloom","Reprogram"],"picked":"Go for the Eyes","floor":3},{"not_picked":["Capacitor","Hello World"],"picked":"Cold Snap","floor":4},{"not_picked":["Glacier","Rebound"],"picked":"Hologram","floor":5},{"not_picked":["Streamline","Coolheaded"],"picked":"Loop","floor":6},{"not_picked":["Steam Power","Static Discharge","Cold Snap"],"picked":"SKIP","floor":8},{"not_picked":["Fission","Multi-Cast"],"picked":"Seek","floor":16},{"not_picked":["FTL","Redo","Barrage+1"],"picked":"SKIP","floor":18},{"not_picked":["Sunder","Beam Cell","Hologram"],"picked":"SKIP","floor":20}],"player_experience":778615,"potions_floor_usage":[8,16,16,20,22],"damage_taken":[{"damage":9,"enemies":"Jaw Worm","floor":1,"turns":3},{"damage":3,"enemies":"2 Louse","floor":3,"turns":2},{"damage":1,"enemies":"Small Slimes","floor":4,"turns":3},{"damage":2,"enemies":"Blue Slaver","floor":5,"turns":4},{"damage":27,"enemies":"3 Sentries","floor":6,"turns":9},{"damage":19,"enemies":"Lagavulin","floor":8,"turns":10},{"damage":8,"enemies":"Hexaghost","floor":16,"turns":9},{"damage":23,"enemies":"2 Thieves","floor":18,"turns":4},{"damage":20,"enemies":"3 Byrds","floor":20,"turns":4},{"damage":16,"enemies":"Slaver and Parasite","floor":22,"turns":2}],"relics_obtained":[{"floor":6,"key":"Omamori"},{"floor":8,"key":"Smiling Mask"},{"floor":9,"key":"Dodecahedron"},{"floor":13,"key":"Pen Nib"}],"event_choices":[{"event_name":"Golden Idol","player_choice":"Lose Max HP","floor":2,"damage_taken":0},{"event_name":"The Cleric","player_choice":"Healed","floor":10,"damage_taken":0},{"event_name":"Living Wall","player_choice":"Grow","floor":14,"damage_taken":0},{"event_name":"Vampires","player_choice":"Ignored","floor":19,"damage_taken":0}],"boss_relics":[{"not_picked":["Lizard Tail","Snecko Eye"],"picked":"Eternal Feather"}],"items_purged_floors":[7,11,21],"potions_floor_spawned":[3,5,6,18,20],"seed_played":"8473275184281553463","killed_by":"Slaver and Parasite","ascension_level":5,"potions_obtained":[{"floor":3,"key":"Block Potion"},{"floor":5,"key":"SpeedPotion"},{"floor":6,"key":"SteroidPotion"},{"floor":18,"key":"Poison Potion"},{"floor":20,"key":"Poison Potion"}],"is_trial":false}