{"gold_per_floor":[115,115,115,115,125,160,16,46,116,150,164,164,179,196,196,275,275,286,0,16,28,28],"floor_reached":22,"playtime":1103,"items_purged":[],"score":427,"play_id":"df233c09-917a-4b84-b6c8-e529e5475b33","local_time":"20190202211146","is_ascension_mode":true,"campfire_choices":[{"floor":12.0,"key":"REST"},{"data":"Darkness","floor":15.0,"key":"SMITH"}],"neow_cost":"NONE","seed_source_timestamp":0,"circlet_count":0,"master_deck":["AscendersBane","Strike_B","Strike_B","Strike_B","Strike_B","Defend_B","Defend_B","Defend_B","Defend_B+1","Zap+1","Dualcast","Hologram","Conserve Battery","Darkness+1","Defragment+1","Echo Form+1","Conserve Battery","Cold Snap","Coolheaded","Buffer+1","Darkness","Defragment+1"],"special_seed":0,"relics":["Cracked Core","NeowsBlessing","Shuriken","Frozen Egg 2","Turnip","Sundial","Bag of Marbles","Runic Pyramid"],"potions_floor_usage":[21],"damage_taken":[{"damage":0.0,"enemies":"Jaw Worm","floor":1.0,"turns":1.0},{"damage":0.0,"enemies":"2 Louse","floor":5.0,"turns":1.0},{"damage":0.0,"enemies":"Gremlin Nob","floor":6.0,"turns":1.0},{"damage":10.0,"enemies":"Lagavulin","floor":8.0,"turns":5.0},{"damage":25.0,"enemies":"3 Sentries","floor":10.0,"turns":9.0},{"damage":5.0,"enemies":"Small Slimes","floor":11.0,"turns":3.0},{"damage":5.0,"enemies":"Exordium Wildlife","floor":13.0,"turns":5.0},{"damage":1.0,"enemies":"Blue Slaver","floor":14.0,"turns":4.0},{"damage":17.0,"enemies":"The Guardian","floor":16.0,"turns":11.0},{"damage":31.0,"enemies":"3 Byrds","floor":18.0,"turns":6.0},{"damage":7.0,"enemies":"Shell Parasite","floor":20.0,"turns":6.0},{"damage":0,"enemies":"3 Cultists","floor":21,"turns":5},{"damage":17,"enemies":"Snake Plant","floor":22,"turns":1}],"seed_played":"-8190582177371379273","potions_obtained":[{"floor":6.0,"key":"Strength Potion"},{"floor":10.0,"key":"SmokeBomb"},{"floor":13.0,"key":"Energy Potion"},{"floor":14.0,"key":"SteroidPotion"},{"floor":20.0,"key":"FocusPotion"}],"is_trial":false,"path_per_floor":["M","$","?","T","M","E","$","E","T","E","M","R","M","M","R","B",null,"M","?","M","M","M"],"character_chosen":"DEFECT","items_purchased":["Defragment+1","FearPotion"],"campfire_rested":1,"item_purchase_floors":[7,7],"current_hp_per_floor":[64,64,43,43,43,43,43,33,33,8,3,24,19,18,18,1,54,23,23,16,16,0],"gold":28,"neow_bonus":"THREE_ENEMY_KILL","is_prod":false,"is_daily":false,"chose_seed":false,"campfire_upgraded":1,"win_rate":0,"timestamp":1549138306,"path_taken":["M","$","?","?","M","E","$","E","T","E","M","R","M","M","R","BOSS","M","?","M","M","M"],"build_version":"2019-01-17v2","purchased_purges":0,"victory":false,"max_hp_per_floor":[71,71,71,71,71,71,71,71,71,71,71,71,71,71,71,71,71,71,71,71,71,71],"card_choices":[{"not_picked":["Turbo","Gash"],"picked":"Hologram","floor":1.0},{"not_picked":["Darkness","Steam"],"picked":"Conserve Battery","floor":5.0},{"not_picked":["Blizzard","Ball Lightning"],"picked":"Darkness","floor":6.0},{"not_picked":["Static Discharge+1","Heatsinks+1"],"picked":"Echo Form+1","floor":8.0},{"not_picked":["Ball Lightning","Consume"],"picked":"Conserve Battery","floor":10.0},{"not_picked":["Compile Driver","Steam"],"picked":"Cold Snap","floor":11.0},{"not_picked":["Scrape","Stack","Cold Snap"],"picked":"SKIP","floor":13.0},{"not_picked":["Compile Driver","Turbo"],"picked":"Coolheaded","floor":14.0},{"not_picked":["Amplify","Multi-Cast"],"picked":"Buffer+1","floor":16.0},{"not_picked":["Undo","Auto Shields","Gash"],"picked":"SKIP","floor":18.0},{"not_picked":["Turbo","Compile Driver"],"picked":"Darkness","floor":20.0},{"not_picked":["Hologram","Steam"],"picked":"Defragment+1","floor":21}],"player_experience":1246869,"relics_obtained":[{"floor":4.0,"key":"Shuriken"},{"floor":6.0,"key":"Frozen Egg 2"},{"floor":8.0,"key":"Turnip"},{"floor":9.0,"key":"Sundial"},{"floor":10.0,"key":"Bag of Marbles"}],"event_choices":[{"damage_healed":0.0,"max_hp_gain":0.0,"max_hp_loss":0.0,"gold_gain":0.0,"event_name":"Shining Light","player_choice":"Entered Light","floor":3.0,"gold_loss":0.0,"damage_taken":21.0,"cards_upgraded":["Defend_B","Zap"]},{"damage_healed":0.0,"max_hp_gain":0.0,"max_hp_loss":0.0,"gold_gain":0.0,"event_name":"Masked Bandits","player_choice":"Paid Fearfully","floor":19.0,"gold_loss":286.0,"damage_taken":0.0}],"is_beta":false,"boss_relics":[{"not_picked":["Black Star","Busted Crown"],"picked":"Runic Pyramid"}],"items_purged_floors":[],"is_endless":false,"potions_floor_spawned":[6,10,13,14,20],"killed_by":"Snake Plant","ascension_level":17}