{"gold_per_floor":[113,124,124,22,37,68,68,82,82,82,114,114,145,157,157,260,260,278,278,294,294,294,324,324,354,354,466,498,520,545,591,603,710,722,747,778,730,451,302,302,314,333,333,352,369,369,62,80,80,80],"floor_reached":51,"playtime":3304,"items_purged":["Strike_R","Strike_R"],"score":706,"play_id":"f9804d69-436e-4b38-9fdd-f5529f18f1ee","local_time":"20190921144146","is_ascension_mode":false,"campfire_choices":[{"floor":7,"key":"REST"},{"data":"Twin Strike","floor":10,"key":"SMITH"},{"data":"Rupture","floor":12,"key":"SMITH"},{"data":"Evolve","floor":15,"key":"SMITH"},{"data":"Armaments","floor":24,"key":"SMITH"},{"floor":32,"key":"REST"},{"floor":49,"key":"REST"}],"neow_cost":"NONE","seed_source_timestamp":18101508218700,"circlet_count":0,"master_deck":["Strike_R","Strike_R","Defend_R","Defend_R","Defend_R","Defend_R","Bash+1","Twin Strike+1","Spot Weakness+1","Evolve+1","Shrug It Off","Rupture+1","Dropkick","Ghostly Armor","Rage","Battle Trance","Wild Strike+1","Offering","Armaments+1","Anger+1","RitualDagger+1","Shrug It Off+1","Power Through+1","Inflame","Pummel+1","Entrench","Sentinel+1","Shockwave","Panache","Heavy Blade+1","Shockwave","Metallicize","Headbutt+1"],"relics":["Burning Blood","Red Skull","Blood Vial","Molten Egg 2","Centennial Puzzle","Busted Crown","Bronze Scales","Ancient Tea Set","MawBank","Letter Opener","Orrery","Orichalcum","HandDrill"],"potions_floor_usage":[16,16,22,25,31,33,33,41,50,50],"damage_taken":[{"damage":5,"enemies":"2 Louse","floor":1,"turns":2},{"damage":0,"enemies":"Cultist","floor":2,"turns":2},{"damage":8,"enemies":"Small Slimes","floor":5,"turns":3},{"damage":36,"enemies":"3 Sentries","floor":6,"turns":6},{"damage":11,"enemies":"Blue Slaver","floor":8,"turns":3},{"damage":13,"enemies":"Lagavulin","floor":11,"turns":6},{"damage":20,"enemies":"3 Sentries","floor":13,"turns":7},{"damage":5,"enemies":"Looter","floor":14,"turns":3},{"damage":32,"enemies":"The Guardian","floor":16,"turns":8},{"damage":13,"enemies":"3 Byrds","floor":18,"turns":6},{"damage":9,"enemies":"Shell Parasite","floor":20,"turns":3},{"damage":0,"enemies":"Snecko","floor":22,"turns":1},{"damage":7,"enemies":"Gremlin Leader","floor":23,"turns":5},{"damage":13,"enemies":"Slavers","floor":25,"turns":4},{"damage":12,"enemies":"Snake Plant","floor":28,"turns":3},{"damage":25,"enemies":"Sentry and Sphere","floor":29,"turns":6},{"damage":19,"enemies":"3 Cultists","floor":30,"turns":5},{"damage":10,"enemies":"Book of Stabbing","floor":31,"turns":2},{"damage":27,"enemies":"Collector","floor":33,"turns":5},{"damage":10,"enemies":"3 Shapes","floor":35,"turns":3},{"damage":12,"enemies":"3 Darklings","floor":36,"turns":2},{"damage":7,"enemies":"4 Shapes","floor":41,"turns":6},{"damage":23,"enemies":"Maw","floor":42,"turns":5},{"damage":6,"enemies":"Transient","floor":44,"turns":5},{"damage":1,"enemies":"4 Shapes","floor":45,"turns":5},{"damage":25,"enemies":"Maw","floor":48,"turns":6},{"damage":49,"enemies":"Donu and Deca","floor":50,"turns":8}],"seed_played":"-2061782035421925735","potions_obtained":[{"floor":1,"key":"GamblersBrew"},{"floor":2,"key":"Weak Potion"},{"floor":16,"key":"Explosive Potion"},{"floor":18,"key":"Energy Potion"},{"floor":20,"key":"SmokeBomb"},{"floor":28,"key":"Fire Potion"},{"floor":30,"key":"Regen Potion"},{"floor":31,"key":"FairyPotion"},{"floor":36,"key":"Explosive Potion"},{"floor":42,"key":"BloodPotion"},{"floor":44,"key":"Dexterity Potion"}],"is_trial":false,"path_per_floor":["M","M","?","$","M","E","R","M","T","R","E","R","E","M","R","B",null,"M","?","M","?","M","E","R","E","T","?","M","M","M","E","R","B",null,"M","M","?","$","$","?","M","M","T","M","M","?","$","M","R","B",null],"character_chosen":"IRONCLAD","items_purchased":["Evolve","Shrug It Off","Shockwave","Panache","Heavy Blade+1","HandDrill","Metallicize","Headbutt+1"],"campfire_rested":3,"item_purchase_floors":[4,4,38,38,39,47,47,47],"current_hp_per_floor":[80,80,80,80,78,48,72,67,67,67,62,62,50,53,53,29,80,73,73,72,66,74,75,75,70,70,70,66,49,38,41,65,46,80,76,72,72,72,72,72,73,58,58,60,67,67,67,50,74,53],"gold":80,"neow_bonus":"UPGRADE_CARD","is_prod":false,"is_daily":false,"chose_seed":false,"campfire_upgraded":4,"win_rate":0,"timestamp":1569048106,"path_taken":["M","M","?","?","M","E","R","M","T","R","E","R","E","M","R","BOSS","M","?","M","?","M","E","R","E","T","?","?","M","M","E","R","BOSS","M","M","?","?","$","?","M","?","T","M","M","?","?","M","R","BOSS"],"build_version":"2019-07-17","purchased_purges":2,"victory":true,"max_hp_per_floor":[80,80,80,80,80,80,80,80,80,80,80,80,80,80,80,80,80,80,80,80,80,80,80,80,80,80,80,80,80,80,80,80,80,80,80,80,80,80,80,80,80,80,80,80,80,80,80,80,80,80],"card_choices":[{"not_picked":["Sever Soul","Headbutt"],"picked":"Twin Strike","floor":1},{"not_picked":["Wild Strike","Seeing Red"],"picked":"Spot Weakness","floor":2},{"not_picked":["Hemokinesis","Sword Boomerang"],"picked":"Rupture","floor":5},{"not_picked":["True Grit","Havoc"],"picked":"Dropkick","floor":6},{"not_picked":["True Grit","Fiend Fire"],"picked":"Ghostly Armor","floor":8},{"not_picked":["Warcry","Thunderclap"],"picked":"Rage","floor":11},{"not_picked":["Carnage+1","Sword Boomerang+1"],"picked":"Battle Trance","floor":13},{"not_picked":["Corruption","Headbutt+1"],"picked":"Wild Strike+1","floor":14},{"not_picked":["Brutality","Dark Embrace"],"picked":"Offering","floor":16},{"not_picked":[],"picked":"Armaments","floor":18},{"not_picked":[],"picked":"Anger+1","floor":20},{"not_picked":[],"picked":"Shrug It Off+1","floor":23},{"not_picked":["Rupture"],"picked":"SKIP","floor":25},{"not_picked":[],"picked":"Power Through+1","floor":28},{"not_picked":["Shrug It Off"],"picked":"SKIP","floor":29},{"not_picked":[],"picked":"Inflame","floor":30},{"not_picked":[],"picked":"Pummel+1","floor":31},{"not_picked":[],"picked":"Brutality","floor":33},{"not_picked":[],"picked":"Entrench","floor":34},{"not_picked":[],"picked":"Sentinel+1","floor":34},{"not_picked":["Cleave+1"],"picked":"SKIP","floor":35},{"not_picked":["Fiend Fire+1"],"picked":"SKIP","floor":36},{"not_picked":["Fiend Fire+1"],"picked":"SKIP","floor":36},{"not_picked":["Heavy Blade+1"],"picked":"SKIP","floor":41},{"not_picked":[],"picked":"Shockwave","floor":42},{"not_picked":["Sword Boomerang+1"],"picked":"SKIP","floor":44},{"not_picked":["Warcry"],"picked":"SKIP","floor":45},{"not_picked":["Perfected Strike+1"],"picked":"SKIP","floor":48}],"player_experience":403474,"relics_obtained":[{"floor":6,"key":"Red Skull"},{"floor":9,"key":"Blood Vial"},{"floor":11,"key":"Molten Egg 2"},{"floor":13,"key":"Centennial Puzzle"},{"floor":23,"key":"Bronze Scales"},{"floor":25,"key":"Ancient Tea Set"},{"floor":26,"key":"MawBank"},{"floor":31,"key":"Letter Opener"},{"floor":43,"key":"Orichalcum"}],"event_choices":[{"damage_healed":0,"gold_gain":0,"player_choice":"Upgraded","damage_taken":0,"max_hp_gain":0,"max_hp_loss":0,"event_name":"Upgrade Shrine","floor":3,"gold_loss":0,"cards_upgraded":["Spot Weakness"]},{"damage_healed":0,"gold_gain":0,"player_choice":"Ignored","damage_taken":0,"max_hp_gain":0,"max_hp_loss":0,"event_name":"Ghosts","floor":19,"gold_loss":0},{"damage_healed":0,"gold_gain":0,"player_choice":"Joined the Cult","damage_taken":6,"max_hp_gain":0,"max_hp_loss":0,"event_name":"Nest","floor":21,"gold_loss":0,"cards_obtained":["RitualDagger"]},{"damage_healed":0,"gold_gain":100,"player_choice":"Pray","damage_taken":0,"max_hp_gain":0,"max_hp_loss":0,"event_name":"Golden Shrine","floor":27,"gold_loss":0},{"cards_removed":["Strike_R"],"damage_healed":0,"gold_gain":0,"player_choice":"Single Remove","damage_taken":0,"max_hp_gain":0,"max_hp_loss":0,"event_name":"Designer","floor":37,"gold_loss":60},{"damage_healed":0,"gold_gain":0,"player_choice":"Ignored","damage_taken":0,"max_hp_gain":0,"max_hp_loss":0,"event_name":"NoteForYourself","floor":40,"gold_loss":0},{"cards_removed":["Brutality"],"damage_healed":0,"gold_gain":0,"player_choice":"Removed Power","damage_taken":0,"max_hp_gain":0,"max_hp_loss":0,"event_name":"Falling","floor":46,"gold_loss":0}],"is_beta":false,"boss_relics":[{"not_picked":["Empty Cage","Philosopher\u0027s Stone"],"picked":"Busted Crown"},{"not_picked":["Coffee Dripper","Runic Cube"],"picked":"Orrery"}],"items_purged_floors":[38,39],"is_endless":false,"potions_floor_spawned":[1,2,16,18,20,28,30,31,36,42,44,45],"ascension_level":0}