{"gold_per_floor":[109,109,123,123,139,139,139,139,139,157,174,204,204,224,224,224],"floor_reached":16,"playtime":911,"items_purged":[],"score":102,"play_id":"e046e5a6-96fe-45bb-b262-75104c52ecf6","local_time":"20190915125004","is_ascension_mode":false,"campfire_choices":[{"data":"Flex","floor":7,"key":"SMITH"},{"data":"Whirlwind","floor":13,"key":"SMITH"},{"floor":15,"key":"REST"}],"neow_cost":"NONE","seed_source_timestamp":122945661199263,"circlet_count":0,"master_deck":["Strike_R","Strike_R","Strike_R","Strike_R","Strike_R","Defend_R","Defend_R","Defend_R","Defend_R","Bash","Flex+1","Iron Wave","Purity","Body Slam","Whirlwind+1","Cleave","Disarm","Demon Form"],"relics":["Burning Blood","Bird Faced Urn","Mercury Hourglass"],"potions_floor_usage":[12,12,16],"damage_taken":[{"damage":5,"enemies":"Cultist","floor":1,"turns":4},{"damage":0,"enemies":"2 Louse","floor":3,"turns":2},{"damage":6,"enemies":"Jaw Worm","floor":5,"turns":3},{"damage":14,"enemies":"Blue Slaver","floor":10,"turns":4},{"damage":1,"enemies":"2 Fungi Beasts","floor":11,"turns":3},{"damage":39,"enemies":"Lagavulin","floor":12,"turns":7},{"damage":10,"enemies":"Exordium Thugs","floor":14,"turns":3},{"damage":74,"enemies":"Hexaghost","floor":16,"turns":12}],"seed_played":"4849205898886434003","potions_obtained":[{"floor":3,"key":"Fire Potion"},{"floor":11,"key":"Weak Potion"},{"floor":14,"key":"GamblersBrew"}],"is_trial":false,"path_per_floor":["M","?","M","?","M","?","R","?","T","M","M","E","R","M","R","B"],"character_chosen":"IRONCLAD","items_purchased":[],"campfire_rested":1,"item_purchase_floors":[],"current_hp_per_floor":[88,88,88,88,88,88,88,88,88,80,85,52,52,48,74,0],"gold":224,"neow_bonus":"TEN_PERCENT_HP_BONUS","is_prod":false,"is_daily":false,"chose_seed":false,"campfire_upgraded":2,"win_rate":0.0,"timestamp":1568577004,"path_taken":["M","?","M","?","?","?","R","?","T","M","?","E","R","M","R","BOSS"],"build_version":"2019-09-12","purchased_purges":0,"victory":false,"max_hp_per_floor":[88,88,88,88,88,88,88,88,88,88,88,88,88,88,88,88],"card_choices":[{"not_picked":["Twin Strike","Sever Soul","Clash"],"picked":"SKIP","floor":1},{"not_picked":["Iron Wave","True Grit"],"picked":"Flex","floor":3},{"not_picked":["Pummel","Rupture"],"picked":"Iron Wave","floor":5},{"not_picked":["Clash","Feel No Pain"],"picked":"Whirlwind","floor":10},{"not_picked":["Thunderclap","Blood for Blood"],"picked":"Cleave","floor":11},{"not_picked":["Infernal Blade","True Grit"],"picked":"Disarm","floor":12},{"not_picked":["Body Slam","Shrug It Off"],"picked":"Demon Form","floor":14}],"player_experience":23002,"relics_obtained":[{"floor":9,"key":"Bird Faced Urn"},{"floor":12,"key":"Mercury Hourglass"}],"event_choices":[{"damage_healed":0,"gold_gain":0,"player_choice":"Ignored","damage_taken":0,"max_hp_gain":0,"max_hp_loss":0,"event_name":"Liars Game","floor":2,"gold_loss":0},{"damage_healed":0,"gold_gain":0,"player_choice":"Ignored","damage_taken":0,"max_hp_gain":0,"max_hp_loss":0,"event_name":"Shining Light","floor":4,"gold_loss":0},{"damage_healed":0,"gold_gain":0,"player_choice":"Ignored","damage_taken":0,"max_hp_gain":0,"max_hp_loss":0,"event_name":"Golden Wing","floor":6,"gold_loss":0},{"damage_healed":0,"gold_gain":0,"player_choice":"2 cards matched","damage_taken":0,"max_hp_gain":0,"max_hp_loss":0,"event_name":"Match and Keep!","floor":8,"gold_loss":0,"cards_obtained":["Purity","Body Slam"]}],"is_beta":true,"boss_relics":[],"items_purged_floors":[],"is_endless":false,"potions_floor_spawned":[3,11,14],"killed_by":"Hexaghost","ascension_level":0}