{"gold_per_floor":[116,116,130,130,55,55,89,102,182,182,199,215,215,242,242,242],"floor_reached":16,"playtime":458,"items_purged":["Strike_R"],"score":270,"play_id":"7aced839-db8e-47da-8cc0-0b490f22ec74","local_time":"20190904164807","is_ascension_mode":true,"campfire_choices":[{"data":"Armaments","floor":6.0,"key":"SMITH"},{"data":"True Grit","floor":10.0,"key":"SMITH"},{"data":"Evolve","floor":15.0,"key":"SMITH"}],"neow_cost":"NONE","seed_source_timestamp":1742883464467600,"circlet_count":0,"master_deck":["AscendersBane","Strike_R","Strike_R","Strike_R","Strike_R","Defend_R","Defend_R","Defend_R","Defend_R","Bash","Armaments+1","Impervious","True Grit+1","Burning Pact","Evolve+1"],"special_seed":0,"relics":["Burning Blood","NeowsBlessing","Orichalcum","Bag of Preparation","Omamori"],"potions_floor_usage":[16,16],"damage_taken":[{"damage":0.0,"enemies":"Small Slimes","floor":1.0,"turns":1.0},{"damage":0.0,"enemies":"Cultist","floor":3.0,"turns":1.0},{"damage":0.0,"enemies":"3 Sentries","floor":7.0,"turns":2.0},{"damage":5.0,"enemies":"2 Louse","floor":8.0,"turns":4.0},{"damage":3.0,"enemies":"2 Fungi Beasts","floor":11.0,"turns":5.0},{"damage":8.0,"enemies":"Large Slime","floor":12.0,"turns":13.0},{"damage":48.0,"enemies":"Gremlin Nob","floor":14.0,"turns":6.0},{"damage":35,"enemies":"Hexaghost","floor":16,"turns":9}],"seed_played":"-3548351241195759534","potions_obtained":[{"floor":3.0,"key":"Regen Potion"},{"floor":7.0,"key":"Block Potion"},{"floor":11.0,"key":"AttackPotion"},{"floor":12.0,"key":"GamblersBrew"}],"is_trial":false,"path_per_floor":["M","?","M","?","$","R","E","M","T","R","M","M","?","E","R","B"],"character_chosen":"IRONCLAD","items_purchased":[],"campfire_rested":0,"item_purchase_floors":[],"current_hp_per_floor":[74,74,75,64,64,64,70,71,71,71,74,72,77,35,35,0],"gold":242,"neow_bonus":"THREE_ENEMY_KILL","is_prod":false,"is_daily":false,"chose_seed":false,"campfire_upgraded":3,"win_rate":0,"timestamp":1567586887,"path_taken":["M","?","?","?","$","R","E","M","T","R","M","M","?","E","R","BOSS"],"build_version":"2019-08-26","purchased_purges":1,"victory":false,"max_hp_per_floor":[75,75,75,75,75,75,75,75,75,75,75,75,80,80,80,80],"card_choices":[{"not_picked":["Perfected Strike","Pommel Strike"],"picked":"Armaments","floor":1.0},{"not_picked":["Headbutt","Sentinel","Corruption"],"picked":"SKIP","floor":3.0},{"not_picked":["Cleave","Dual Wield","Clothesline"],"picked":"SKIP","floor":7.0},{"not_picked":["Wild Strike","Heavy Blade"],"picked":"Burning Pact","floor":8.0},{"not_picked":["Pummel","Ghostly Armor","Armaments"],"picked":"SKIP","floor":11.0},{"not_picked":["Rupture","Anger","Burning Pact"],"picked":"SKIP","floor":12.0},{"not_picked":["Thunderclap","Entrench"],"picked":"Evolve","floor":14.0}],"player_experience":3169596,"relics_obtained":[{"floor":7.0,"key":"Bag of Preparation"},{"floor":14.0,"key":"Omamori"}],"event_choices":[{"damage_healed":0.0,"max_hp_gain":0.0,"max_hp_loss":0.0,"gold_gain":0.0,"event_name":"Match and Keep!","player_choice":"2 cards matched","floor":2.0,"gold_loss":0.0,"damage_taken":0.0,"cards_obtained":["Impervious","True Grit"]},{"damage_healed":0.0,"max_hp_gain":0.0,"max_hp_loss":0.0,"gold_gain":0.0,"event_name":"Scrap Ooze","player_choice":"Success","floor":4.0,"gold_loss":0.0,"damage_taken":11.0,"relics_obtained":["Orichalcum"]},{"damage_healed":0.0,"max_hp_gain":5.0,"max_hp_loss":0.0,"gold_gain":0.0,"event_name":"Big Fish","player_choice":"Donut","floor":13.0,"gold_loss":0.0,"damage_taken":0.0}],"is_beta":true,"boss_relics":[],"items_purged_floors":[5],"is_endless":false,"potions_floor_spawned":[3,7,11,12],"killed_by":"Hexaghost","ascension_level":20}