{"gold_per_floor":[117,267,20,37,37,71,87,87,169,204,204,226,19,94,94,173,173,188,188,206,224,244,244,260,289,358,358,72,72,29,29],"floor_reached":31,"playtime":791,"items_purged":["Doubt","Strike_G"],"score":572,"play_id":"432b064f-2e5d-45ea-9754-69bce819400a","local_time":"20190813102011","is_ascension_mode":true,"campfire_choices":[{"data":"Noxious Fumes","floor":8.0,"key":"SMITH"},{"data":"Bane","floor":11.0,"key":"SMITH"},{"floor":15.0,"key":"REST"},{"floor":23.0,"key":"REST"},{"floor":27.0,"key":"REST"},{"data":"Purity","floor":29.0,"key":"SMITH"}],"neow_cost":"NONE","seed_source_timestamp":0,"circlet_count":0,"master_deck":["AscendersBane","Strike_G","Strike_G","Strike_G","Defend_G","Defend_G","Defend_G+1","Defend_G","Defend_G","Survivor","Neutralize","Deadly Poison+1","Noxious Fumes+1","Bane+1","Acrobatics","Apotheosis","Acrobatics","Acrobatics","Prepared","Grand Finale+1","Purity+1","Reflex"],"special_seed":0,"relics":["Ring of the Snake","NeowsBlessing","War Paint","Regal Pillow","The Specimen","Odd Mushroom","Runic Dome","Molten Egg 2","Paper Crane"],"potions_floor_usage":[],"damage_taken":[{"damage":0.0,"enemies":"Small Slimes","floor":1.0,"turns":1.0},{"damage":0.0,"enemies":"Jaw Worm","floor":4.0,"turns":1.0},{"damage":0.0,"enemies":"3 Sentries","floor":6.0,"turns":1.0},{"damage":0.0,"enemies":"2 Louse","floor":7.0,"turns":3.0},{"damage":19.0,"enemies":"Lagavulin","floor":10.0,"turns":7.0},{"damage":17.0,"enemies":"The Mushroom Lair","floor":12.0,"turns":4.0},{"damage":22.0,"enemies":"Slime Boss","floor":16.0,"turns":10.0},{"damage":21.0,"enemies":"Spheric Guardian","floor":18.0,"turns":6.0},{"damage":6.0,"enemies":"2 Thieves","floor":20.0,"turns":4.0},{"damage":0.0,"enemies":"Snecko","floor":21.0,"turns":7.0},{"damage":15.0,"enemies":"Snake Plant","floor":22.0,"turns":7.0},{"damage":14.0,"enemies":"Shelled Parasite and Fungi","floor":24.0,"turns":9.0},{"damage":31.0,"enemies":"Slavers","floor":25.0,"turns":6.0},{"damage":36,"enemies":"Cultist and Chosen","floor":31,"turns":7}],"seed_played":"6406924197338142828","potions_obtained":[{"floor":6.0,"key":"Block Potion"},{"floor":7.0,"key":"LiquidBronze"},{"floor":16.0,"key":"Energy Potion"},{"floor":21.0,"key":"Poison Potion"}],"is_trial":false,"path_per_floor":["M","?","$","M","?","E","M","R","T","E","R","?","$","?","R","B",null,"M","?","M","M","M","R","M","E","T","R","$","R","$","M"],"character_chosen":"THE_SILENT","items_purchased":["War Paint","Apotheosis","Grand Finale+1","Purity","Reflex"],"campfire_rested":3,"item_purchase_floors":[3,13,28,28,30],"current_hp_per_floor":[59,59,59,59,52,52,52,52,52,33,33,16,16,5,39,17,54,33,33,27,27,12,46,32,1,1,35,35,35,35,0],"gold":29,"neow_bonus":"THREE_ENEMY_KILL","is_prod":false,"is_daily":false,"chose_seed":false,"campfire_upgraded":3,"win_rate":0,"timestamp":1565659211,"path_taken":["M","?","$","M","?","E","M","R","T","E","R","?","$","?","R","BOSS","M","?","M","M","M","R","M","E","T","R","$","R","$","M"],"build_version":"2019-07-17","purchased_purges":2,"victory":false,"max_hp_per_floor":[66,66,66,66,66,66,66,66,66,66,66,66,66,66,66,66,66,66,66,66,66,66,66,66,66,66,66,66,66,66,66],"card_choices":[{"not_picked":["Dagger Spray","Dagger Throw"],"picked":"Deadly Poison","floor":1.0},{"not_picked":["Accuracy","Prepared","Poisoned Stab"],"picked":"SKIP","floor":4.0},{"not_picked":["Wraith Form v2","Sucker Punch"],"picked":"Noxious Fumes","floor":6.0},{"not_picked":["Reflex","Sucker Punch","Riddle With Holes"],"picked":"SKIP","floor":7.0},{"not_picked":["Poisoned Stab","Bane","Dash"],"picked":"SKIP","floor":10.0},{"not_picked":["Poisoned Stab","Dash"],"picked":"Bane","floor":10.0},{"not_picked":["All Out Attack","Underhanded Strike"],"picked":"Acrobatics","floor":12.0},{"not_picked":["Blade Dance","Underhanded Strike"],"picked":"Acrobatics","floor":18.0},{"not_picked":["Endless Agony+1","Dagger Spray","Predator"],"picked":"SKIP","floor":20.0},{"not_picked":["Flying Knee","Dagger Spray","Sucker Punch"],"picked":"SKIP","floor":21.0},{"not_picked":["Masterful Stab","Dagger Throw"],"picked":"Acrobatics","floor":22.0},{"not_picked":["Bane","Envenom","Dagger Throw"],"picked":"SKIP","floor":24.0},{"not_picked":["Deflect","Dagger Throw"],"picked":"Prepared","floor":25.0}],"player_experience":875947,"relics_obtained":[{"floor":6.0,"key":"Regal Pillow"},{"floor":10.0,"key":"The Specimen"},{"floor":12.0,"key":"Odd Mushroom"},{"floor":25.0,"key":"Molten Egg 2"},{"floor":26.0,"key":"Paper Crane"}],"event_choices":[{"damage_healed":0.0,"max_hp_gain":0.0,"max_hp_loss":0.0,"gold_gain":150.0,"event_name":"Liars Game","player_choice":"AGREE","floor":2.0,"gold_loss":0.0,"damage_taken":0.0,"cards_obtained":["Doubt"]},{"cards_removed":["Strike_G"],"damage_healed":0.0,"max_hp_gain":0.0,"max_hp_loss":0.0,"gold_gain":0.0,"event_name":"Golden Wing","player_choice":"Card Removal","floor":5.0,"gold_loss":0.0,"damage_taken":7.0},{"damage_healed":0.0,"max_hp_gain":0.0,"max_hp_loss":0.0,"gold_gain":0.0,"event_name":"Mushrooms","player_choice":"Fought Mushrooms","floor":12.0,"gold_loss":0.0,"damage_taken":0.0},{"damage_healed":0.0,"max_hp_gain":0.0,"max_hp_loss":0.0,"gold_gain":75.0,"event_name":"World of Goop","player_choice":"Gather Gold","floor":14.0,"gold_loss":0.0,"damage_taken":11.0},{"damage_healed":0.0,"max_hp_gain":0.0,"max_hp_loss":0.0,"gold_gain":0.0,"event_name":"The Mausoleum","player_choice":"Ignored","floor":19.0,"gold_loss":0.0,"damage_taken":0.0}],"is_beta":false,"boss_relics":[{"not_picked":["Tiny House","Philosopher\u0027s Stone"],"picked":"Runic Dome"}],"items_purged_floors":[3,28],"is_endless":false,"potions_floor_spawned":[6,7,16,18,21,22],"killed_by":"Cultist and Chosen","ascension_level":20}