{"path_per_floor":["M","M","$","M","?","R","E","M","T","R","M","R","M","M","R","B",null,"M","M","$","?","$","R","M","R","T","$","M","$","M"],"character_chosen":"DEFECT","items_purchased":["Hologram","Fire Potion","Cold Snap","Kunai","Fire Potion"],"gold_per_floor":[115,127,30,41,41,41,81,96,144,144,159,159,183,198,198,327,327,343,364,304,229,187,187,211,211,241,241,264,27,51,51],"floor_reached":31,"campfire_rested":1,"playtime":2401,"item_purchase_floors":[],"current_hp_per_floor":[66,61,61,61,61,61,39,31,31,31,31,31,18,6,26,22,57,57,49,49,49,49,49,38,38,38,38,12,12,11,0],"items_purged":["Strike_B"],"gold":51,"score":324,"play_id":"54364a9e-8035-4dcd-a3c5-8949dbbd240b","local_time":"20180607211858","is_prod":false,"is_daily":false,"chose_seed":false,"is_ascension_mode":true,"campfire_upgraded":5,"win_rate":0,"timestamp":1528399138,"campfire_choices":[{"data":"Hologram","floor":6.0,"key":"SMITH"},{"data":"Steam","floor":10.0,"key":"SMITH"},{"data":"Zap","floor":12.0,"key":"SMITH"},{"floor":15.0,"key":"REST"},{"data":"Go for the Eyes","floor":23,"key":"SMITH"},{"data":"Beam Cell","floor":25,"key":"SMITH"}],"path_taken":["M","M","$","M","?","R","E","M","T","R","M","R","?","M","R","BOSS","M","M","$","?","$","R","M","R","T","?","?","$","M","M"],"build_version":"2018-05-31","seed_source_timestamp":0,"purchased_purges":1,"victory":false,"master_deck":["Strike_B","Strike_B","Defend_B","Defend_B","Defend_B","Defend_B","Zap+1","Dualcast","Gash","Cold Snap","Hologram+1","Steam+1","Gash","Rebound","Sweeping Beam","Self Repair","Go for the Eyes+1","Beam Cell+1","Cold Snap","Gash","Gash+1"],"max_hp_per_floor":[75,75,75,75,69,69,69,69,69,69,69,69,69,69,69,69,69,69,69,69,69,69,69,69,69,69,69,69,69,69,69],"relics":["Cracked Core","Golden Idol","The Courier","Bronze Scales","Nuclear Battery","Tiny Chest","Kunai"],"card_choices":[{"not_picked":["BootSequence","Conserve Battery"],"picked":"Gash","floor":0.0},{"not_picked":["Compile Driver","Melter"],"picked":"Cold Snap","floor":1.0},{"not_picked":["Conserve Battery","Stack","Steam Power"],"picked":"SKIP","floor":2.0},{"not_picked":["Cold Snap","Turbo"],"picked":"Steam","floor":4.0},{"not_picked":["Conserve Battery","Hologram"],"picked":"Gash","floor":7.0},{"not_picked":["Streamline","Sweeping Beam"],"picked":"Rebound","floor":8.0},{"not_picked":["Biased Cognition","Blizzard"],"picked":"Sweeping Beam","floor":11.0},{"not_picked":["Force Field","Ball Lightning"],"picked":"Self Repair","floor":13.0},{"not_picked":["Steam Power","Streamline","Leap"],"picked":"SKIP","floor":14.0},{"not_picked":["Stack","Chaos"],"picked":"Go for the Eyes","floor":18},{"not_picked":["Ball Lightning","Defragment+1"],"picked":"Beam Cell","floor":19},{"not_picked":["Doom and Gloom","Aggregate","Ball Lightning"],"picked":"SKIP","floor":24},{"not_picked":["Redo","Rebound"],"picked":"Gash","floor":28},{"not_picked":["Conserve Battery","Heatsinks"],"picked":"Gash+1","floor":30}],"player_experience":794022,"potions_floor_usage":[28,30,31],"damage_taken":[{"damage":9.0,"enemies":"2 Louse","floor":1.0,"turns":3.0},{"damage":5.0,"enemies":"Jaw Worm","floor":2.0,"turns":2.0},{"damage":0.0,"enemies":"Cultist","floor":4.0,"turns":2.0},{"damage":22.0,"enemies":"Lagavulin","floor":7.0,"turns":6.0},{"damage":8.0,"enemies":"3 Louse","floor":8.0,"turns":4.0},{"damage":0.0,"enemies":"Large Slime","floor":11.0,"turns":5.0},{"damage":13.0,"enemies":"Exordium Thugs","floor":13.0,"turns":3.0},{"damage":12.0,"enemies":"3 Louse","floor":14.0,"turns":3.0},{"damage":11.0,"enemies":"The Guardian","floor":16.0,"turns":10.0},{"damage":0,"enemies":"3 Byrds","floor":18,"turns":3},{"damage":15,"enemies":"Shell Parasite","floor":19,"turns":5},{"damage":18,"enemies":"Centurion and Healer","floor":24,"turns":9},{"damage":33,"enemies":"Snake Plant","floor":28,"turns":3},{"damage":8,"enemies":"Chosen and Byrds","floor":30,"turns":5},{"damage":21,"enemies":"Cultist and Chosen","floor":31,"turns":4}],"relics_obtained":[{"floor":7.0,"key":"The Courier"},{"floor":9.0,"key":"Bronze Scales"},{"floor":26,"key":"Tiny Chest"}],"event_choices":[{"event_name":"Golden Idol","player_choice":"Lose Max HP","floor":5.0,"damage_taken":0.0},{"event_name":"Beggar","player_choice":"Gave Gold","floor":21,"damage_taken":0}],"boss_relics":[{"not_picked":["Orrery","Ectoplasm"],"picked":"Nuclear Battery"}],"items_purged_floors":[20],"potions_floor_spawned":[4,13,14,16,30],"seed_played":"8461891980164712326","killed_by":"Cultist and Chosen","ascension_level":5,"potions_obtained":[{"floor":4.0,"key":"SteroidPotion"},{"floor":13.0,"key":"Poison Potion"},{"floor":14.0,"key":"SkillPotion"},{"floor":16.0,"key":"LiquidBronze"},{"floor":30,"key":"SteroidPotion"}],"is_trial":false}