{"gold_per_floor":[109,122,122,47,47,47,83,123,150,150,175,213,231,231,231,231],"floor_reached":16,"playtime":1308,"items_purged":["Strike_B"],"score":140,"play_id":"e9b21013-55d1-4829-9b97-460fb6e97200","local_time":"20190920232744","is_ascension_mode":true,"campfire_choices":[{"data":"Genetic Algorithm","floor":6.0,"key":"SMITH"},{"floor":10.0,"key":"REST"},{"data":"Conserve Battery","floor":15,"key":"SMITH"}],"neow_cost":"NONE","seed_source_timestamp":0,"circlet_count":0,"master_deck":["Strike_B","Strike_B","Defend_B","Defend_B","Defend_B","Defend_B","Zap","Dualcast","Cold Snap","Genetic Algorithm+1","Blizzard","Conserve Battery+1","Capacitor"],"special_seed":0,"relics":["Cracked Core","Golden Idol","Odd Mushroom","Emotion Chip","Pen Nib","Pantograph"],"potions_floor_usage":[],"damage_taken":[{"damage":1.0,"enemies":"2 Louse","floor":1.0,"turns":3.0},{"damage":3.0,"enemies":"Small Slimes","floor":2.0,"turns":3.0},{"damage":11.0,"enemies":"The Mushroom Lair","floor":7.0,"turns":6.0},{"damage":34.0,"enemies":"3 Sentries","floor":8.0,"turns":12.0},{"damage":0.0,"enemies":"Jaw Worm","floor":11.0,"turns":3.0},{"damage":19.0,"enemies":"Gremlin Nob","floor":12.0,"turns":5.0},{"damage":0.0,"enemies":"Blue Slaver","floor":13.0,"turns":5.0},{"damage":32,"enemies":"Hexaghost","floor":16,"turns":11}],"seed_played":"-4106835314995143737","potions_obtained":[{"floor":1.0,"key":"PowerPotion"},{"floor":7.0,"key":"FearPotion"},{"floor":12.0,"key":"Dexterity Potion"}],"is_trial":false,"path_per_floor":["M","M","?","$","?","R","?","E","T","R","M","E","M","?","R","B"],"character_chosen":"DEFECT","items_purchased":[],"campfire_rested":1,"item_purchase_floors":[],"current_hp_per_floor":[67,64,64,64,46,46,35,1,1,23,23,4,4,4,4,0],"gold":231,"neow_bonus":"THREE_CARDS","is_prod":false,"is_daily":false,"chose_seed":false,"campfire_upgraded":2,"win_rate":0,"timestamp":1569036464,"path_taken":["M","M","?","$","?","R","?","E","T","R","M","E","?","?","R","BOSS"],"build_version":"2019-07-17","purchased_purges":1,"victory":false,"max_hp_per_floor":[75,75,75,75,75,75,75,75,75,75,75,75,75,75,75,75],"card_choices":[{"not_picked":["Rebound","Ball Lightning"],"picked":"Cold Snap","floor":0.0},{"not_picked":["Tempest","Cold Snap"],"picked":"Genetic Algorithm","floor":1.0},{"not_picked":["Ball Lightning","Streamline","Leap"],"picked":"SKIP","floor":2.0},{"not_picked":["Cold Snap","Stack"],"picked":"Blizzard","floor":7.0},{"not_picked":["Redo","Reinforced Body"],"picked":"Conserve Battery","floor":8.0},{"not_picked":["Stack","Double Energy","Streamline"],"picked":"SKIP","floor":11.0},{"not_picked":["Redo","Sweeping Beam","Ball Lightning"],"picked":"SKIP","floor":12.0},{"not_picked":["Recycle","Ball Lightning"],"picked":"Capacitor","floor":13.0}],"player_experience":287230,"relics_obtained":[{"floor":7.0,"key":"Odd Mushroom"},{"floor":8.0,"key":"Emotion Chip"},{"floor":9.0,"key":"Pen Nib"},{"floor":12.0,"key":"Pantograph"}],"event_choices":[{"cards_removed":["Strike_B"],"damage_healed":0.0,"max_hp_gain":0.0,"max_hp_loss":0.0,"gold_gain":0.0,"event_name":"Living Wall","player_choice":"Forget","floor":3.0,"gold_loss":0.0,"damage_taken":0.0},{"damage_healed":0.0,"max_hp_gain":0.0,"max_hp_loss":0.0,"gold_gain":0.0,"event_name":"Golden Idol","player_choice":"Take Damage","floor":5.0,"gold_loss":0.0,"damage_taken":18.0,"relics_obtained":["Golden Idol"]},{"damage_healed":0.0,"max_hp_gain":0.0,"max_hp_loss":0.0,"gold_gain":0.0,"event_name":"Mushrooms","player_choice":"Fought Mushrooms","floor":7.0,"gold_loss":0.0,"damage_taken":0.0},{"damage_healed":0,"gold_gain":0,"player_choice":"Searched \u00270\u0027 times","damage_taken":0,"max_hp_gain":0,"max_hp_loss":0,"event_name":"Dead Adventurer","floor":14,"gold_loss":0}],"is_beta":false,"boss_relics":[],"items_purged_floors":[4],"is_endless":false,"potions_floor_spawned":[1,7,12],"killed_by":"Hexaghost","ascension_level":6}