{"gold_per_floor":[113,188,188,188,463,463,46,59,83,83,94,94,121,28,28,28],"floor_reached":16,"playtime":232,"items_purged":["Regret"],"score":192,"play_id":"c0a5d80a-af3f-4d07-8984-8e24c6adaaf2","local_time":"20190918162621","is_ascension_mode":true,"campfire_choices":[{"floor":6,"key":"REST"},{"data":"Defragment","floor":10,"key":"SMITH"},{"data":"Loop","floor":12,"key":"SMITH"},{"data":"Dualcast","floor":15,"key":"SMITH"}],"neow_cost":"NONE","seed_source_timestamp":687001450023182,"circlet_count":0,"master_deck":["AscendersBane","Strike_B","Strike_B+1","Strike_B","Defend_B","Defend_B","Defend_B","Defend_B","Zap+1","Dualcast+1","CurseOfTheBell","Loop+1","Defragment+1","Compile Driver","Beam Cell","Turbo+1"],"relics":["Calling Bell","Juzu Bracelet","Mummified Hand","Du-Vu Doll","Membership Card","Toxic Egg 2","Smiling Mask","Boot","DataDisk"],"potions_floor_usage":[16],"damage_taken":[{"damage":10,"enemies":"2 Louse","floor":1,"turns":3},{"damage":0,"enemies":"Small Slimes","floor":8,"turns":3},{"damage":1,"enemies":"Cultist","floor":11,"turns":4},{"damage":15,"enemies":"Lagavulin","floor":13,"turns":7},{"damage":31,"enemies":"The Guardian","floor":16,"turns":2}],"seed_played":"6516097499001753812","potions_obtained":[{"floor":8,"key":"SpeedPotion"},{"floor":11,"key":"Ancient Potion"},{"floor":13,"key":"SkillPotion"}],"is_trial":false,"path_per_floor":["M","?","?","?","?","R","$","M","T","R","M","R","E","$","R","B"],"character_chosen":"DEFECT","items_purchased":["Membership Card","Toxic Egg 2","Loop","Turbo+1","DataDisk"],"campfire_rested":1,"item_purchase_floors":[7,7,7,14,14],"current_hp_per_floor":[54,43,22,15,15,36,36,36,36,36,35,35,20,20,20,0],"gold":28,"neow_bonus":"BOSS_RELIC","is_prod":false,"is_daily":false,"chose_seed":false,"campfire_upgraded":3,"win_rate":0,"timestamp":1568795181,"path_taken":["M","?","?","?","?","R","$","M","T","R","M","R","E","$","R","BOSS"],"build_version":"2019-09-17","purchased_purges":1,"victory":false,"max_hp_per_floor":[71,71,71,71,71,71,71,71,71,71,71,71,71,71,71,71],"card_choices":[{"not_picked":["Leap","Redo","Stack"],"picked":"SKIP","floor":1},{"not_picked":["Undo+1","Hologram+1"],"picked":"Defragment","floor":8},{"not_picked":["Barrage","Rebound"],"picked":"Compile Driver","floor":11},{"not_picked":["Steam Power+1","Compile Driver"],"picked":"Beam Cell","floor":13}],"player_experience":832030,"relics_obtained":[{"floor":0,"key":"Juzu Bracelet"},{"floor":0,"key":"Mummified Hand"},{"floor":0,"key":"Du-Vu Doll"},{"floor":9,"key":"Smiling Mask"},{"floor":13,"key":"Boot"}],"event_choices":[{"damage_healed":0,"gold_gain":75,"player_choice":"Gather Gold","damage_taken":11,"max_hp_gain":0,"max_hp_loss":0,"event_name":"World of Goop","floor":2,"gold_loss":0},{"damage_healed":0,"gold_gain":0,"player_choice":"Entered Light","damage_taken":21,"max_hp_gain":0,"max_hp_loss":0,"event_name":"Shining Light","floor":3,"gold_loss":0,"cards_upgraded":["Strike_B","Zap"]},{"cards_removed":["Strike_B"],"damage_healed":0,"gold_gain":0,"player_choice":"Card Removal","damage_taken":7,"max_hp_gain":0,"max_hp_loss":0,"event_name":"Golden Wing","floor":4,"gold_loss":0},{"damage_healed":0,"gold_gain":275,"player_choice":"Desecrate","damage_taken":0,"max_hp_gain":0,"max_hp_loss":0,"event_name":"Golden Shrine","floor":5,"gold_loss":0,"cards_obtained":["Regret"]}],"is_beta":true,"boss_relics":[],"items_purged_floors":[7],"is_endless":false,"potions_floor_spawned":[8,11,13],"killed_by":"The Guardian","ascension_level":20}