{"gold_per_floor":[359,74,224,238,22,79,79,105,105,116,148,148,167,75,75,151,151,170,186,186,73,73,73,73,90,90,90,123,35,35,68,68,145,145,159,159,176,190,90,118,135,166,166,181,216,216,216,247,247,247,247,247,247,25,59,59],"floor_reached":57,"playtime":2545,"items_purged":["Strike_G","Doubt","Strike_G","Strike_G","Strike_G","Defend_G","Die Die Die+1"],"score":3753,"play_id":"adbfe4e3-35bd-4110-b9fb-9706e18ea986","local_time":"20190921013205","is_ascension_mode":true,"campfire_choices":[{"data":"Flechettes","floor":7.0,"key":"SMITH"},{"data":"Well Laid Plans","floor":12.0,"key":"SMITH"},{"data":"Body Slam","floor":15.0,"key":"SMITH"},{"data":"Skim","floor":23.0,"key":"SMITH"},{"data":"Havoc","floor":27.0,"key":"SMITH"},{"data":"Calculated Gamble","floor":32.0,"key":"SMITH"},{"data":"Deep Breath","floor":46.0,"key":"SMITH"},{"floor":49.0,"key":"RECALL"},{"data":"1","floor":53.0,"key":"LIFT"}],"neow_cost":"PERCENT_DAMAGE","seed_source_timestamp":0,"circlet_count":0,"master_deck":["AscendersBane","Defend_G+1","Defend_G+1","Defend_G+1","Defend_G+1","Survivor+1","Neutralize+1","Tactician+1","Backflip+1","Calculated Gamble+1","Well Laid Plans+1","Body Slam+1","Skim+1","Escape Plan+1","Havoc+1","Acrobatics+1","Deep Breath+1"],"special_seed":0,"relics":["Ring of the Snake","Membership Card","PrismaticShard","Tiny Chest","Odd Mushroom","Ancient Tea Set","Runic Dome","Darkstone Periapt","Juzu Bracelet","Girya","Empty Cage","Toy Ornithopter","Oddly Smooth Stone","Meat on the Bone","Omamori","Mark of the Bloom","Du-Vu Doll","Bag of Preparation","Lantern"],"potions_floor_usage":[56,56],"damage_taken":[{"damage":2.0,"enemies":"2 Louse","floor":1.0,"turns":3.0},{"damage":0.0,"enemies":"Small Slimes","floor":4.0,"turns":4.0},{"damage":10.0,"enemies":"3 Sentries","floor":6.0,"turns":7.0},{"damage":11.0,"enemies":"The Mushroom Lair","floor":8.0,"turns":5.0},{"damage":1.0,"enemies":"Cultist","floor":10.0,"turns":3.0},{"damage":22.0,"enemies":"Lagavulin","floor":11.0,"turns":8.0},{"damage":3.0,"enemies":"Blue Slaver","floor":13.0,"turns":4.0},{"damage":21.0,"enemies":"Slime Boss","floor":16.0,"turns":8.0},{"damage":12.0,"enemies":"Shell Parasite","floor":18.0,"turns":4.0},{"damage":1.0,"enemies":"Spheric Guardian","floor":19.0,"turns":3.0},{"damage":5.0,"enemies":"Centurion and Healer","floor":25.0,"turns":2.0},{"damage":2.0,"enemies":"Gremlin Leader","floor":28.0,"turns":4.0},{"damage":0.0,"enemies":"Book of Stabbing","floor":31.0,"turns":4.0},{"damage":0.0,"enemies":"Automaton","floor":33.0,"turns":2.0},{"damage":0.0,"enemies":"Orb Walker","floor":35.0,"turns":3.0},{"damage":0.0,"enemies":"3 Darklings","floor":37.0,"turns":2.0},{"damage":0.0,"enemies":"Transient","floor":38.0,"turns":3.0},{"damage":0.0,"enemies":"Nemesis","floor":40.0,"turns":1.0},{"damage":0.0,"enemies":"Writhing Mass","floor":41.0,"turns":1.0},{"damage":0.0,"enemies":"Reptomancer","floor":42.0,"turns":1.0},{"damage":0.0,"enemies":"Jaw Worm Horde","floor":44.0,"turns":1.0},{"damage":0.0,"enemies":"Nemesis","floor":45.0,"turns":1.0},{"damage":0.0,"enemies":"Reptomancer","floor":48.0,"turns":1.0},{"damage":0.0,"enemies":"Donu and Deca","floor":50.0,"turns":1.0},{"damage":0.0,"enemies":"Awakened One","floor":51.0,"turns":2.0},{"damage":0.0,"enemies":"Shield and Spear","floor":55.0,"turns":1.0},{"damage":9,"enemies":"The Heart","floor":56,"turns":5}],"seed_played":"266112386737873283","potions_obtained":[{"floor":1.0,"key":"Regen Potion"},{"floor":4.0,"key":"Dexterity Potion"},{"floor":6.0,"key":"Regen Potion"},{"floor":13.0,"key":"Energy Potion"},{"floor":16.0,"key":"AttackPotion"},{"floor":28.0,"key":"Block Potion"},{"floor":33.0,"key":"PowerPotion"},{"floor":35.0,"key":"Poison Potion"},{"floor":38.0,"key":"SpeedPotion"}],"is_trial":false,"path_per_floor":["M","$","?","M","$","E","R","?","T","M","E","R","M","$","R","B",null,"M","M","?","$","?","R","?","M","T","R","E","$","?","E","R","B",null,"M","?","M","M","$","E","M","E","T","M","E","R","?","E","R","B","B",null,"R","$","E","B",null],"character_chosen":"THE_SILENT","items_purchased":["Membership Card","Tactician","Masterful Stab","PrismaticShard","Calculated Gamble","SteroidPotion","Predator","Fire Potion","Escape Plan","Bag of Preparation","Dexterity Potion"],"campfire_rested":0,"item_purchase_floors":[2,2,2,5,5,5,5,14,21,54,54],"current_hp_per_floor":[42,42,42,42,42,47,47,36,36,35,28,28,25,25,25,4,51,39,38,38,38,38,38,38,33,33,33,31,31,31,31,31,31,57,57,57,57,57,57,57,57,57,57,57,57,57,57,57,57,57,57,57,57,57,57,48],"gold":59,"neow_bonus":"TWO_FIFTY_GOLD","is_prod":false,"is_daily":false,"chose_seed":false,"campfire_upgraded":7,"win_rate":0,"timestamp":1568997125,"path_taken":["M","$","?","M","$","E","R","?","T","M","E","R","M","$","R","BOSS","M","M","?","$","?","R","?","?","T","R","E","$","?","E","R","BOSS","M","?","M","M","$","E","M","E","T","M","E","R","?","E","R","BOSS","BOSS","R","$","E","BOSS"],"build_version":"2019-09-19","purchased_purges":7,"victory":true,"max_hp_per_floor":[66,66,66,66,66,66,66,66,66,66,66,66,66,66,66,66,66,66,66,66,66,66,66,66,66,66,66,66,66,66,66,66,66,66,66,63,63,63,63,63,63,63,63,63,63,63,63,63,63,63,63,63,63,63,63,63],"card_choices":[{"not_picked":["Calculated Gamble","Blade Dance"],"picked":"Flechettes","floor":1.0},{"not_picked":["Underhanded Strike","Endless Agony"],"picked":"Backflip","floor":4.0},{"not_picked":["Wallop","Calculated Gamble","Ragnarok"],"picked":"SKIP","floor":6.0},{"not_picked":["Corruption","FollowUp"],"picked":"Well Laid Plans","floor":8.0},{"not_picked":["Redo","Backflip","FlowState"],"picked":"SKIP","floor":10.0},{"not_picked":["Bandage Up","Heel Hook"],"picked":"Body Slam","floor":11.0},{"not_picked":["Heavy Blade","Shrug It Off"],"picked":"Skim","floor":13.0},{"not_picked":["Corruption","Flex","Dash"],"picked":"SKIP","floor":18.0},{"not_picked":["EmptyFist","Crippling Poison+1","FlyingSleeves"],"picked":"SKIP","floor":19.0},{"not_picked":["Flex","Compile Driver"],"picked":"Havoc","floor":25.0},{"not_picked":["Force Field","CrushJoints","Prostrate"],"picked":"SKIP","floor":28.0},{"not_picked":["Acrobatics","Battle Trance"],"picked":"Deep Breath","floor":31.0},{"not_picked":["Armaments","Headbutt+1","Clash"],"picked":"SKIP","floor":35.0},{"not_picked":["Accuracy","Body Slam","Jack Of All Trades+1"],"picked":"SKIP","floor":37.0},{"not_picked":["Anger+1","Beam Cell","Blood for Blood"],"picked":"SKIP","floor":38.0},{"not_picked":["Pray","Warcry","Deflect"],"picked":"SKIP","floor":40.0},{"not_picked":["Flash of Steel+1","Headbutt+1","Meditate"],"picked":"SKIP","floor":41.0},{"not_picked":["Blizzard","Prostrate","FlowState"],"picked":"SKIP","floor":42.0},{"not_picked":["Crippling Poison","Establishment","CrushJoints"],"picked":"SKIP","floor":44.0},{"not_picked":["Bane","Ball Lightning","All For One"],"picked":"SKIP","floor":45.0},{"not_picked":["CarveReality","Ball Lightning","Barrage"],"picked":"SKIP","floor":48.0},{"not_picked":["CrushJoints","Skim+1","Sucker Punch"],"picked":"SKIP","floor":55.0}],"player_experience":1115433,"relics_obtained":[{"floor":6.0,"key":"Tiny Chest"},{"floor":8.0,"key":"Odd Mushroom"},{"floor":11.0,"key":"Ancient Tea Set"},{"floor":26.0,"key":"Darkstone Periapt"},{"floor":28.0,"key":"Juzu Bracelet"},{"floor":31.0,"key":"Girya"},{"floor":40.0,"key":"Toy Ornithopter"},{"floor":42.0,"key":"Oddly Smooth Stone"},{"floor":43.0,"key":"Meat on the Bone"},{"floor":45.0,"key":"Omamori"},{"floor":48.0,"key":"Du-Vu Doll"},{"floor":55.0,"key":"Lantern"}],"event_choices":[{"damage_healed":0.0,"max_hp_gain":0.0,"max_hp_loss":0.0,"gold_gain":150.0,"event_name":"Liars Game","player_choice":"AGREE","floor":3.0,"gold_loss":0.0,"damage_taken":0.0,"cards_obtained":["Doubt"]},{"damage_healed":0.0,"max_hp_gain":0.0,"max_hp_loss":0.0,"gold_gain":0.0,"event_name":"Mushrooms","player_choice":"Fought Mushrooms","floor":8.0,"gold_loss":0.0,"damage_taken":0.0},{"cards_removed":["Strike_G"],"damage_healed":0.0,"max_hp_gain":0.0,"max_hp_loss":0.0,"gold_gain":0.0,"event_name":"Back to Basics","player_choice":"Elegance","floor":20.0,"gold_loss":0.0,"damage_taken":0.0},{"damage_healed":0.0,"max_hp_gain":0.0,"max_hp_loss":0.0,"gold_gain":0.0,"cards_transformed":["Flechettes","Masterful Stab"],"event_name":"Drug Dealer","player_choice":"Became Test Subject","floor":22.0,"gold_loss":0.0,"damage_taken":0.0,"cards_obtained":["Die Die Die","Corpse Explosion"]},{"damage_healed":0.0,"max_hp_gain":0.0,"max_hp_loss":0.0,"gold_gain":0.0,"event_name":"Upgrade Shrine","player_choice":"Upgraded","floor":24.0,"gold_loss":0.0,"damage_taken":0.0,"cards_upgraded":["Tactician"]},{"damage_healed":0.0,"max_hp_gain":0.0,"max_hp_loss":0.0,"gold_gain":0.0,"event_name":"The Library","player_choice":"Read","floor":30.0,"gold_loss":0.0,"damage_taken":0.0,"cards_obtained":["Acrobatics"]},{"damage_healed":0.0,"max_hp_gain":0.0,"max_hp_loss":3.0,"gold_gain":0.0,"event_name":"Winding Halls","player_choice":"Max HP","floor":36.0,"gold_loss":0.0,"damage_taken":0.0},{"damage_healed":0.0,"max_hp_gain":0.0,"max_hp_loss":0.0,"gold_gain":0.0,"event_name":"MindBloom","player_choice":"Upgrade","floor":47.0,"gold_loss":0.0,"damage_taken":0.0,"cards_upgraded":["Defend_G","Defend_G","Defend_G","Defend_G","Survivor","Neutralize","Backflip","Escape Plan","Die Die Die","Acrobatics"],"relics_obtained":["Mark of the Bloom"]}],"is_beta":true,"boss_relics":[{"not_picked":["Ectoplasm","Cursed Key"],"picked":"Runic Dome"},{"not_picked":["Coffee Dripper","HoveringKite"],"picked":"Empty Cage"}],"items_purged_floors":[2,5,14,21,29,39,54],"is_endless":false,"potions_floor_spawned":[1,4,6,13,16,28,33,35,38,40,42],"ascension_level":20}