{"gold_per_floor":[116,41,41,41,56,56,67,97,127,127,202,230,230,230,230,305,305,324,15,30,30,40,40,68,68,91,120,132,173,185,223,235,323,335,365,388,420,432,462,505,517,548,586,608,652,664,702,726,738,750,762,774,786,80,115,115],"floor_reached":57,"playtime":3000,"items_purged":["Leap","Consume+1","Undo+1"],"score":3852,"play_id":"eeb132bc-382d-4e23-ad10-cda2ee017cbb","local_time":"20190408001857","daily_mods":["SealedDeck"],"is_ascension_mode":true,"campfire_choices":[{"data":"Sunder","floor":6.0,"key":"SMITH"},{"data":"Consume","floor":10.0,"key":"SMITH"},{"data":"Loop","floor":15.0,"key":"SMITH"},{"data":"Buffer","floor":23.0,"key":"SMITH"},{"data":"Hologram","floor":25.0,"key":"SMITH"},{"data":"Coolheaded","floor":28.0,"key":"SMITH"},{"floor":30.0,"key":"RECALL"},{"data":"Glacier","floor":32.0,"key":"SMITH"},{"data":"Genetic Algorithm","floor":41.0,"key":"SMITH"},{"floor":46.0,"key":"REST"},{"data":"Recycle","floor":49.0,"key":"SMITH"},{"floor":53.0,"key":"REST"}],"neow_cost":"","seed_source_timestamp":1517609597753744,"circlet_count":0,"master_deck":["AscendersBane","Capacitor+1","Coolheaded+1","Loop+1","Consume+1","Genetic Algorithm+1","Sunder+1","Glacier+1","Hologram+1","Buffer+1","Reinforced Body+1","Rainbow+1","Defragment+1","Recycle+1","Go for the Eyes+1"],"special_seed":0,"relics":["Snecko Eye","Matryoshka","Gambling Chip","Tiny Chest","Happy Flower","Centennial Puzzle","Astrolabe","Medical Kit","Lantern","Whetstone","MawBank","Omamori","DataDisk","Black Star","Turnip","Question Card","Regal Pillow","PreservedInsect","Cables","Molten Egg 2","Bag of Preparation","Vajra","Letter Opener","Toolbox","Pen Nib","War Paint"],"potions_floor_usage":[56,56],"damage_taken":[{"damage":0.0,"enemies":"Cultist","floor":1.0,"turns":2.0},{"damage":0.0,"enemies":"Small Slimes","floor":5.0,"turns":2.0},{"damage":0.0,"enemies":"Jaw Worm","floor":7.0,"turns":3.0},{"damage":0.0,"enemies":"Gremlin Nob","floor":8.0,"turns":2.0},{"damage":9.0,"enemies":"3 Sentries","floor":12.0,"turns":5.0},{"damage":0.0,"enemies":"Hexaghost","floor":16.0,"turns":6.0},{"damage":0.0,"enemies":"3 Byrds","floor":18.0,"turns":4.0},{"damage":0.0,"enemies":"2 Thieves","floor":20.0,"turns":4.0},{"damage":0.0,"enemies":"Shelled Parasite and Fungi","floor":22.0,"turns":5.0},{"damage":0.0,"enemies":"Slavers","floor":24.0,"turns":4.0},{"damage":0.0,"enemies":"Book of Stabbing","floor":27.0,"turns":4.0},{"damage":0.0,"enemies":"Slavers","floor":29.0,"turns":5.0},{"damage":0.0,"enemies":"Book of Stabbing","floor":31.0,"turns":6.0},{"damage":0.0,"enemies":"Champ","floor":33.0,"turns":7.0},{"damage":0.0,"enemies":"Orb Walker","floor":35.0,"turns":4.0},{"damage":0.0,"enemies":"3 Shapes","floor":36.0,"turns":5.0},{"damage":0.0,"enemies":"Maw","floor":37.0,"turns":7.0},{"damage":0.0,"enemies":"Transient","floor":39.0,"turns":6.0},{"damage":0.0,"enemies":"Nemesis","floor":40.0,"turns":11.0},{"damage":0.0,"enemies":"Writhing Mass","floor":42.0,"turns":5.0},{"damage":0.0,"enemies":"4 Shapes","floor":44.0,"turns":8.0},{"damage":0.0,"enemies":"Giant Head","floor":45.0,"turns":8.0},{"damage":0.0,"enemies":"Reptomancer","floor":47.0,"turns":6.0},{"damage":0.0,"enemies":"Sphere and 2 Shapes","floor":48.0,"turns":4.0},{"damage":0.0,"enemies":"Awakened One","floor":50.0,"turns":16.0},{"damage":0.0,"enemies":"Donu and Deca","floor":51.0,"turns":15.0},{"damage":0,"enemies":"Shield and Spear","floor":55,"turns":4},{"damage":0,"enemies":"The Heart","floor":56,"turns":11}],"seed_played":"-5681925004571673718","potions_obtained":[{"floor":1.0,"key":"Swift Potion"},{"floor":4.0,"key":"FearPotion"},{"floor":7.0,"key":"Fire Potion"},{"floor":12.0,"key":"FearPotion"},{"floor":27.0,"key":"Strength Potion"},{"floor":33.0,"key":"Energy Potion"},{"floor":35.0,"key":"Swift Potion"},{"floor":42.0,"key":"Fire Potion"},{"floor":47.0,"key":"FearPotion"}],"is_trial":true,"path_per_floor":["M","$","?","?","M","R","M","E","T","R","?","E","$","?","R","B",null,"M","$","M","?","M","R","E","R","T","E","R","E","R","E","R","B",null,"M","M","M","?","M","E","R","M","T","M","E","R","E","M","R","B","B",null,"R","$","E","B",null],"character_chosen":"DEFECT","items_purchased":["Medical Kit","Letter Opener","Toolbox","Ancient Potion"],"campfire_rested":2,"item_purchase_floors":[19,54,54,54],"current_hp_per_floor":[64,64,38,38,38,38,38,38,38,38,27,18,18,18,18,18,58,58,58,58,71,71,71,71,71,71,71,71,71,71,71,71,71,71,71,71,71,71,71,71,71,71,71,71,71,71,71,71,71,71,71,71,71,71,71,71],"gold":115,"neow_bonus":"","is_prod":false,"is_daily":false,"chose_seed":false,"campfire_upgraded":9,"win_rate":0,"timestamp":1554653937,"path_taken":["M","?","?","?","?","R","M","E","T","R","?","E","$","?","R","BOSS","M","$","M","?","M","R","E","R","T","E","R","E","R","E","R","BOSS","M","M","M","?","M","E","R","?","T","M","E","R","E","M","R","BOSS","BOSS","R","$","E","BOSS"],"build_version":"2019-04-04","purchased_purges":3,"victory":true,"max_hp_per_floor":[71,71,71,71,71,71,71,71,71,71,71,71,71,71,71,71,71,71,71,71,71,71,71,71,71,71,71,71,71,71,71,71,71,71,71,71,71,71,71,71,71,71,71,71,71,71,71,71,71,71,71,71,71,71,71,71],"card_choices":[{"not_picked":["Doom and Gloom","Aggregate"],"picked":"Glacier","floor":1.0},{"not_picked":["Rip and Tear","Turbo","FTL"],"picked":"SKIP","floor":5.0},{"not_picked":["Rebound","Cold Snap","Beam Cell"],"picked":"SKIP","floor":7.0},{"not_picked":["Streamline","Rip and Tear"],"picked":"Hologram","floor":8.0},{"not_picked":["Rip and Tear","Consume","Sunder"],"picked":"SKIP","floor":12.0},{"not_picked":["Core Surge","Creative AI"],"picked":"Buffer","floor":16.0},{"not_picked":["Ball Lightning","Reprogram","Coolheaded"],"picked":"SKIP","floor":18.0},{"not_picked":["Genetic Algorithm","Loop"],"picked":"Undo+1","floor":20.0},{"not_picked":["Genetic Algorithm","Coolheaded","Streamline"],"picked":"SKIP","floor":22.0},{"not_picked":["Turbo","Machine Learning","Sunder"],"picked":"SKIP","floor":24.0},{"not_picked":["Undo","Coolheaded","Leap"],"picked":"SKIP","floor":27.0},{"not_picked":["Storm","Coolheaded","Turbo"],"picked":"SKIP","floor":29.0},{"not_picked":["FTL+1","Streamline","Seek"],"picked":"SKIP","floor":31.0},{"not_picked":["Chill","Streamline+1","Steam+1"],"picked":"SKIP","floor":35.0},{"not_picked":["Turbo","Coolheaded","Steam"],"picked":"SKIP","floor":36.0},{"not_picked":["Undo","Lockon+1","Chill"],"picked":"SKIP","floor":37.0},{"not_picked":["Cold Snap","Rip and Tear","Conserve Battery"],"picked":"SKIP","floor":39.0},{"not_picked":["Stack","Leap+1","Turbo+1"],"picked":"SKIP","floor":40.0},{"not_picked":["Streamline+1","Steam+1","Turbo","Force Field"],"picked":"SKIP","floor":42.0},{"not_picked":["Gash","Barrage","Aggregate"],"picked":"Defragment+1","floor":44.0},{"not_picked":["Gash+1","Sweeping Beam+1","Consume","Seek"],"picked":"SKIP","floor":45.0},{"not_picked":["Turbo+1","Streamline+1","Gash+1","Force Field"],"picked":"SKIP","floor":47.0},{"not_picked":["Undo","Cold Snap+1","Reprogram"],"picked":"Recycle","floor":48.0},{"not_picked":["Cold Snap+1","Steam+1","Barrage+1"],"picked":"Go for the Eyes+1","floor":55}],"player_experience":3015213,"relics_obtained":[{"floor":8.0,"key":"Gambling Chip"},{"floor":9.0,"key":"Tiny Chest"},{"floor":9.0,"key":"Happy Flower"},{"floor":12.0,"key":"Centennial Puzzle"},{"floor":24.0,"key":"Lantern"},{"floor":26.0,"key":"Whetstone"},{"floor":27.0,"key":"MawBank"},{"floor":29.0,"key":"Omamori"},{"floor":31.0,"key":"DataDisk"},{"floor":40.0,"key":"Question Card"},{"floor":40.0,"key":"Regal Pillow"},{"floor":43.0,"key":"PreservedInsect"},{"floor":45.0,"key":"Cables"},{"floor":45.0,"key":"Molten Egg 2"},{"floor":47.0,"key":"Bag of Preparation"},{"floor":47.0,"key":"Vajra"},{"floor":55,"key":"Pen Nib"},{"floor":55,"key":"War Paint"}],"event_choices":[{"damage_healed":0.0,"max_hp_gain":0.0,"max_hp_loss":0.0,"gold_gain":0.0,"event_name":"Scrap Ooze","player_choice":"Success","floor":3.0,"gold_loss":0.0,"damage_taken":26.0,"relics_obtained":["Matryoshka"]},{"damage_healed":0.0,"max_hp_gain":0.0,"max_hp_loss":0.0,"gold_gain":0.0,"event_name":"Lab","player_choice":"Got Potions","floor":4.0,"gold_loss":0.0,"damage_taken":0.0},{"damage_healed":0.0,"max_hp_gain":0.0,"max_hp_loss":0.0,"gold_gain":75.0,"event_name":"World of Goop","player_choice":"Gather Gold","floor":11.0,"gold_loss":0.0,"damage_taken":11.0},{"damage_healed":0.0,"max_hp_gain":0.0,"max_hp_loss":0.0,"gold_gain":0.0,"event_name":"Living Wall","player_choice":"Grow","floor":14.0,"gold_loss":0.0,"damage_taken":0.0,"cards_upgraded":["Capacitor"]},{"damage_healed":14.0,"max_hp_gain":0.0,"max_hp_loss":0.0,"gold_gain":0.0,"event_name":"The Library","player_choice":"Heal","floor":21.0,"gold_loss":0.0,"damage_taken":0.0},{"damage_healed":0.0,"max_hp_gain":0.0,"max_hp_loss":0.0,"gold_gain":0.0,"event_name":"WeMeetAgain","player_choice":"Gave Potion","floor":38.0,"gold_loss":0.0,"damage_taken":0.0,"relics_obtained":["Turnip"]}],"is_beta":true,"boss_relics":[{"not_picked":["Sozu","Velvet Choker"],"picked":"Astrolabe"},{"not_picked":["Nuclear Battery","Runic Dome"],"picked":"Black Star"}],"items_purged_floors":[2,19,54],"is_endless":false,"potions_floor_spawned":[1,7,12,27,31,33,35,36,42,47],"ascension_level":20}