{"gold_per_floor":[118,118,137,8,23,23,33,49,103,103,135,135,155,173,173,247,247,261,17,30,40,40,40,56,88,88,104,29,55,74,93,93,172,172,192,203,203,253,271,299,309,309,309,309,309,309,339,349,349,349,349,349,349,48,79,79],"floor_reached":56,"playtime":2743,"items_purged":["Strike_B+1"],"score":2281,"play_id":"c3030de6-6e88-4355-84fb-ef5de5d578fa","local_time":"20190916142059","is_ascension_mode":true,"campfire_choices":[{"data":"Zap","floor":6.0,"key":"SMITH"},{"data":"Turbo","floor":12.0,"key":"SMITH"},{"data":"FTL","floor":15.0,"key":"SMITH"},{"data":"Secret Weapon","floor":23.0,"key":"SMITH"},{"data":"Steam Power","floor":32.0,"key":"SMITH"},{"data":"Coolheaded","floor":42.0,"key":"SMITH"},{"floor":49.0,"key":"RECALL"},{"data":"White Noise","floor":53.0,"key":"SMITH"}],"neow_cost":"NONE","seed_source_timestamp":502591554014018,"circlet_count":0,"master_deck":["AscendersBane","Strike_B+1","Strike_B+1","Defend_B+1","Defend_B+1","Defend_B+1","Defend_B+1","Zap+1","Dualcast+1","Turbo+1","Hologram+1","Biased Cognition+1","Compile Driver+1","Leap+1","All For One+1","FTL+1","Gash+1","Chill+1","Electrodynamics+1","Secret Weapon+1","Hologram+1","BootSequence+1","Heatsinks+1","White Noise+1","Steam Power+1","Core Surge+1","Coolheaded+1","Turbo+1","All For One+1","White Noise+1","Go for the Eyes+1","Beam Cell+1","Heatsinks+1","Stack","White Noise+1","Coolheaded+1","Turbo+1"],"special_seed":0,"relics":["SacredBark","Oddly Smooth Stone","Gremlin Horn","Nuclear Battery","Blood Vial","Molten Egg 2","Philosopher\u0027s Stone","Bag of Marbles","HornCleat","Mark of the Bloom","Bottled Tornado","DollysMirror","Orichalcum"],"potions_floor_usage":[56],"damage_taken":[{"damage":9.0,"enemies":"Jaw Worm","floor":1.0,"turns":6.0},{"damage":11.0,"enemies":"Small Slimes","floor":3.0,"turns":5.0},{"damage":7.0,"enemies":"Cultist","floor":5.0,"turns":4.0},{"damage":5.0,"enemies":"Exordium Wildlife","floor":7.0,"turns":3.0},{"damage":1.0,"enemies":"Lots of Slimes","floor":8.0,"turns":4.0},{"damage":0.0,"enemies":"3 Sentries","floor":11.0,"turns":4.0},{"damage":2.0,"enemies":"2 Fungi Beasts","floor":13.0,"turns":3.0},{"damage":0.0,"enemies":"3 Louse","floor":14.0,"turns":2.0},{"damage":0.0,"enemies":"Slime Boss","floor":16.0,"turns":8.0},{"damage":12.0,"enemies":"Shell Parasite","floor":18.0,"turns":4.0},{"damage":9.0,"enemies":"Spheric Guardian","floor":20.0,"turns":3.0},{"damage":9.0,"enemies":"Snecko","floor":21.0,"turns":5.0},{"damage":2.0,"enemies":"Centurion and Healer","floor":24.0,"turns":5.0},{"damage":20.0,"enemies":"Book of Stabbing","floor":25.0,"turns":5.0},{"damage":12.0,"enemies":"Snake Plant","floor":27.0,"turns":4.0},{"damage":0.0,"enemies":"Gremlin Leader","floor":29.0,"turns":5.0},{"damage":8.0,"enemies":"Cultist and Chosen","floor":30.0,"turns":6.0},{"damage":0.0,"enemies":"Centurion and Healer","floor":31.0,"turns":3.0},{"damage":9.0,"enemies":"Automaton","floor":33.0,"turns":8.0},{"damage":0.0,"enemies":"3 Shapes","floor":35.0,"turns":4.0},{"damage":0.0,"enemies":"Orb Walker","floor":36.0,"turns":3.0},{"damage":2.0,"enemies":"3 Darklings","floor":39.0,"turns":2.0},{"damage":0.0,"enemies":"Nemesis","floor":40.0,"turns":3.0},{"damage":0.0,"enemies":"Transient","floor":41.0,"turns":6.0},{"damage":0.0,"enemies":"Giant Head","floor":47.0,"turns":2.0},{"damage":0.0,"enemies":"4 Shapes","floor":48.0,"turns":2.0},{"damage":24.0,"enemies":"Time Eater","floor":50.0,"turns":12.0},{"damage":8.0,"enemies":"Donu and Deca","floor":51.0,"turns":5.0},{"damage":0.0,"enemies":"Shield and Spear","floor":55.0,"turns":3.0},{"damage":31,"enemies":"The Heart","floor":56,"turns":8}],"seed_played":"-2991153645606174390","potions_obtained":[{"floor":5.0,"key":"Poison Potion"},{"floor":7.0,"key":"Swift Potion"},{"floor":8.0,"key":"SkillPotion"},{"floor":11.0,"key":"PowerPotion"},{"floor":14.0,"key":"SmokeBomb"},{"floor":18.0,"key":"Strength Potion"},{"floor":20.0,"key":"DuplicationPotion"},{"floor":27.0,"key":"SkillPotion"},{"floor":33.0,"key":"Fire Potion"},{"floor":39.0,"key":"Block Potion"},{"floor":41.0,"key":"Weak Potion"},{"floor":48.0,"key":"FearPotion"},{"floor":55.0,"key":"EssenceOfSteel"}],"is_trial":false,"path_per_floor":["M","?","M","$","M","R","M","M","T","?","E","R","M","M","R","B",null,"M","$","M","M","?","R","M","E","T","M","?","E","M","M","R","B",null,"M","M","?","?","M","E","M","R","T","?","?","?","E","M","R","B","B",null,"R","$","E","B"],"character_chosen":"DEFECT","items_purchased":["Biased Cognition","Explosive Potion","Secret Weapon","Hologram","SkillPotion","DollysMirror"],"campfire_rested":0,"item_purchase_floors":[4,4,19,19,54,54],"current_hp_per_floor":[55,55,44,44,37,37,32,31,31,31,31,31,29,29,29,29,61,49,49,40,31,71,71,69,49,49,39,39,41,35,37,37,30,61,63,65,65,59,59,61,63,63,63,63,63,63,63,63,63,39,31,31,31,31,31,0],"gold":79,"neow_bonus":"BOSS_RELIC","is_prod":false,"is_daily":false,"chose_seed":false,"campfire_upgraded":7,"win_rate":0,"timestamp":1568614859,"path_taken":["M","?","M","$","M","R","M","M","T","?","E","R","?","M","R","BOSS","M","$","M","M","?","R","M","E","T","?","?","E","M","M","R","BOSS","M","M","?","?","?","E","M","R","T","?","?","?","E","M","R","BOSS","BOSS","R","$","E","BOSS"],"build_version":"2019-09-12","purchased_purges":1,"victory":false,"max_hp_per_floor":[71,71,71,71,71,71,71,71,71,71,71,71,71,71,71,71,71,71,71,71,71,71,71,71,71,71,71,71,71,71,71,71,71,71,71,71,67,67,67,67,67,67,67,67,67,67,67,67,67,67,67,67,67,67,67,67],"card_choices":[{"not_picked":["Streamline","Hologram"],"picked":"Turbo","floor":1.0},{"not_picked":["Barrage","Leap"],"picked":"Hologram","floor":3.0},{"not_picked":["Capacitor","Go for the Eyes"],"picked":"Compile Driver","floor":5.0},{"not_picked":["Gash","Static Discharge"],"picked":"Leap","floor":7.0},{"not_picked":["Conserve Battery","Leap"],"picked":"All For One","floor":8.0},{"not_picked":["Turbo","Leap"],"picked":"FTL","floor":11.0},{"not_picked":["Lockon","Coolheaded"],"picked":"Gash","floor":13.0},{"not_picked":["Steam","Cold Snap"],"picked":"Chill","floor":14.0},{"not_picked":["Amplify","Thunder Strike"],"picked":"Electrodynamics","floor":16.0},{"not_picked":["Sweeping Beam","Melter","Leap"],"picked":"SKIP","floor":18.0},{"not_picked":["Force Field+1","Sweeping Beam"],"picked":"BootSequence+1","floor":20.0},{"not_picked":["Barrage","Go for the Eyes"],"picked":"Heatsinks","floor":21.0},{"not_picked":["Ball Lightning","Leap"],"picked":"White Noise","floor":24.0},{"not_picked":["Streamline","Beam Cell"],"picked":"Steam Power","floor":25.0},{"not_picked":["Turbo","Compile Driver"],"picked":"Core Surge","floor":27.0},{"not_picked":["Seek","Sweeping Beam"],"picked":"Coolheaded","floor":29.0},{"not_picked":["Chaos","Stack"],"picked":"Turbo","floor":30.0},{"not_picked":["Steam Power","Hyperbeam+1","Doom and Gloom+1"],"picked":"SKIP","floor":31.0},{"not_picked":["Rainbow","Machine Learning"],"picked":"All For One+1","floor":33.0},{"not_picked":["Static Discharge+1","Redo"],"picked":"White Noise+1","floor":35.0},{"not_picked":["Leap","Sweeping Beam+1"],"picked":"Go for the Eyes+1","floor":36.0},{"not_picked":["Fusion","Streamline+1"],"picked":"Beam Cell+1","floor":39.0},{"not_picked":["Leap+1","BootSequence","Doom and Gloom+1"],"picked":"SKIP","floor":40.0},{"not_picked":["Redo","Fusion+1"],"picked":"Heatsinks+1","floor":41.0},{"not_picked":["Streamline+1","Hyperbeam+1"],"picked":"Stack","floor":47.0},{"not_picked":["Steam","Rebound+1"],"picked":"White Noise","floor":48.0},{"not_picked":["Cold Snap+1","Leap+1"],"picked":"Turbo+1","floor":55.0}],"player_experience":791565,"relics_obtained":[{"floor":9.0,"key":"Oddly Smooth Stone"},{"floor":11.0,"key":"Gremlin Horn"},{"floor":25.0,"key":"Blood Vial"},{"floor":29.0,"key":"Molten Egg 2"},{"floor":40.0,"key":"Bag of Marbles"},{"floor":43.0,"key":"HornCleat"},{"floor":47.0,"key":"Bottled Tornado"},{"floor":55.0,"key":"Orichalcum"}],"event_choices":[{"damage_healed":0.0,"max_hp_gain":0.0,"max_hp_loss":0.0,"gold_gain":0.0,"event_name":"Liars Game","player_choice":"Ignored","floor":2.0,"gold_loss":0.0,"damage_taken":0.0},{"damage_healed":0.0,"max_hp_gain":0.0,"max_hp_loss":0.0,"gold_gain":0.0,"event_name":"Upgrade Shrine","player_choice":"Upgraded","floor":10.0,"gold_loss":0.0,"damage_taken":0.0,"cards_upgraded":["Dualcast"]},{"damage_healed":40.0,"max_hp_gain":0.0,"max_hp_loss":0.0,"gold_gain":0.0,"event_name":"Wheel of Change","player_choice":"Full Heal","floor":22.0,"gold_loss":0.0,"damage_taken":0.0},{"cards_removed":["Strike_B"],"damage_healed":0.0,"max_hp_gain":0.0,"max_hp_loss":0.0,"gold_gain":0.0,"event_name":"Beggar","player_choice":"Gave Gold","floor":28.0,"gold_loss":75.0,"damage_taken":0.0},{"damage_healed":0.0,"max_hp_gain":0.0,"max_hp_loss":4.0,"gold_gain":0.0,"event_name":"Winding Halls","player_choice":"Max HP","floor":37.0,"gold_loss":0.0,"damage_taken":0.0},{"damage_healed":0.0,"max_hp_gain":0.0,"max_hp_loss":0.0,"gold_gain":50.0,"event_name":"FaceTrader","player_choice":"Touch","floor":38.0,"gold_loss":0.0,"damage_taken":6.0},{"damage_healed":0.0,"max_hp_gain":0.0,"max_hp_loss":0.0,"gold_gain":0.0,"event_name":"Mysterious Sphere","player_choice":"Ignored","floor":44.0,"gold_loss":0.0,"damage_taken":0.0},{"damage_healed":0.0,"max_hp_gain":0.0,"max_hp_loss":0.0,"gold_gain":0.0,"event_name":"MindBloom","player_choice":"Upgrade","floor":45.0,"gold_loss":0.0,"damage_taken":0.0,"cards_upgraded":["Strike_B","Strike_B","Strike_B","Defend_B","Defend_B","Defend_B","Defend_B","Hologram","Biased Cognition","Compile Driver","Leap","All For One","Gash","Chill","Electrodynamics","Hologram","Heatsinks","White Noise","Core Surge","Turbo"],"relics_obtained":["Mark of the Bloom"]},{"damage_healed":0.0,"max_hp_gain":0.0,"max_hp_loss":0.0,"gold_gain":0.0,"event_name":"Tomb of Lord Red Mask","player_choice":"Ignored","floor":46.0,"gold_loss":0.0,"damage_taken":0.0}],"is_beta":true,"boss_relics":[{"not_picked":["Astrolabe","Black Star"],"picked":"Nuclear Battery"},{"not_picked":["Busted Crown","Fusion Hammer"],"picked":"Philosopher\u0027s Stone"}],"items_purged_floors":[54],"is_endless":false,"potions_floor_spawned":[5,7,8,11,14,18,20,27,30,33,39,41,48,55],"killed_by":"The Heart","ascension_level":20}