{"gold_per_floor":[113,188,199,124,94,94,110,110,110,120,45,80,80,110,110,189,189,201,36,36,36,53,53,64,64,117,150,150,167,196,196,196,267,267,281,300,314,314,333,360,389,414,414,445,445,458,358,358,358,358,358,358,358,83,108,108],"floor_reached":57,"playtime":2392,"items_purged":["Strike_G","Quick Slash+1","Neutralize+1"],"score":3582,"play_id":"1fbaa217-51ff-4eff-8d22-44e376b5f79c","local_time":"20190809212216","is_ascension_mode":true,"campfire_choices":[{"data":"Deadly Poison","floor":6.0,"key":"SMITH"},{"data":"Neutralize","floor":8.0,"key":"SMITH"},{"data":"Burst","floor":15.0,"key":"SMITH"},{"data":"Tactician","floor":23.0,"key":"SMITH"},{"data":"Acrobatics","floor":25.0,"key":"SMITH"},{"data":"Flechettes","floor":28.0,"key":"SMITH"},{"data":"Reflex","floor":32.0,"key":"SMITH"},{"data":"Prepared","floor":45.0,"key":"SMITH"},{"floor":49.0,"key":"RECALL"},{"data":"Adrenaline","floor":53.0,"key":"SMITH"}],"neow_cost":"TEN_PERCENT_HP_LOSS","seed_source_timestamp":288972570768222,"circlet_count":0,"master_deck":["AscendersBane","Defend_G","Defend_G","Defend_G","Survivor","Deadly Poison+1","Burst+1","Backflip","Adrenaline+1","Expertise+1","Tactician+1","Reflex+1","Acrobatics+1","Flechettes+1","Prepared+1","Die Die Die+1","Blade Dance+1","Calculated Gamble+1","Well Laid Plans+1"],"special_seed":0,"relics":["Ring of the Snake","Du-Vu Doll","Torii","Unceasing Top","WingedGreaves","Tough Bandages","Empty Cage","Sundial","Prayer Wheel","Astrolabe","Oddly Smooth Stone","Ornamental Fan","Vajra","Ice Cream","Frozen Egg 2","Shuriken"],"potions_floor_usage":[56,56],"damage_taken":[{"damage":0.0,"enemies":"2 Louse","floor":1.0,"turns":2.0},{"damage":2.0,"enemies":"Jaw Worm","floor":3.0,"turns":5.0},{"damage":2.0,"enemies":"Cultist","floor":7.0,"turns":4.0},{"damage":2.0,"enemies":"Looter","floor":10.0,"turns":3.0},{"damage":16.0,"enemies":"Lagavulin","floor":12.0,"turns":7.0},{"damage":20.0,"enemies":"Gremlin Nob","floor":14.0,"turns":4.0},{"damage":2.0,"enemies":"The Guardian","floor":16.0,"turns":9.0},{"damage":0.0,"enemies":"Shell Parasite","floor":18.0,"turns":4.0},{"damage":3.0,"enemies":"3 Byrds","floor":22.0,"turns":7.0},{"damage":1.0,"enemies":"Centurion and Healer","floor":24.0,"turns":10.0},{"damage":10.0,"enemies":"Gremlin Leader","floor":27.0,"turns":7.0},{"damage":2.0,"enemies":"Cultist and Chosen","floor":29.0,"turns":6.0},{"damage":2.0,"enemies":"Slavers","floor":30.0,"turns":3.0},{"damage":10.0,"enemies":"Champ","floor":33.0,"turns":8.0},{"damage":0.0,"enemies":"3 Shapes","floor":35.0,"turns":4.0},{"damage":0.0,"enemies":"Orb Walker","floor":36.0,"turns":1.0},{"damage":0.0,"enemies":"Jaw Worm Horde","floor":37.0,"turns":2.0},{"damage":0.0,"enemies":"3 Darklings","floor":39.0,"turns":3.0},{"damage":0.0,"enemies":"Nemesis","floor":40.0,"turns":3.0},{"damage":0.0,"enemies":"Reptomancer","floor":41.0,"turns":1.0},{"damage":0.0,"enemies":"Nemesis","floor":42.0,"turns":4.0},{"damage":0.0,"enemies":"Reptomancer","floor":44.0,"turns":2.0},{"damage":0.0,"enemies":"Spire Growth","floor":46.0,"turns":1.0},{"damage":0.0,"enemies":"Awakened One","floor":50.0,"turns":3.0},{"damage":0.0,"enemies":"Donu and Deca","floor":51.0,"turns":4.0},{"damage":0.0,"enemies":"Shield and Spear","floor":55.0,"turns":1.0},{"damage":0,"enemies":"The Heart","floor":56,"turns":5}],"seed_played":"-2349552883294700318","potions_obtained":[{"floor":5.0,"key":"EssenceOfSteel"},{"floor":5.0,"key":"PowerPotion"},{"floor":14.0,"key":"GamblersBrew"},{"floor":18.0,"key":"SteroidPotion"},{"floor":27.0,"key":"FearPotion"},{"floor":29.0,"key":"AttackPotion"},{"floor":30.0,"key":"Poison Potion"},{"floor":35.0,"key":"SkillPotion"},{"floor":36.0,"key":"FearPotion"}],"is_trial":false,"path_per_floor":["M","?","M","?","?","R","M","R","T","M","$","E","T","E","R","B",null,"M","$","?","?","M","R","M","R","T","E","R","M","E","?","R","B",null,"M","M","M","?","M","E","E","E","T","E","R","M","$","?","R","B","B",null,"R","$","E","B",null],"character_chosen":"THE_SILENT","items_purchased":["Tactician","Reflex","Well Laid Plans+1","Dexterity Potion","Swift Potion"],"campfire_rested":0,"item_purchase_floors":[19,19,54,54,54],"current_hp_per_floor":[59,48,46,46,46,46,44,44,44,42,42,26,26,6,6,4,46,46,46,46,46,43,43,42,42,42,32,32,30,28,12,12,2,49,49,49,49,49,49,49,49,49,49,49,49,49,49,49,49,49,49,61,61,61,61,61],"gold":108,"neow_bonus":"ONE_RARE_RELIC","is_prod":false,"is_daily":false,"chose_seed":false,"campfire_upgraded":9,"win_rate":0,"timestamp":1565353336,"path_taken":["M","?","M","?","?","R","M","R","T","?","$","E","?","E","R","BOSS","M","$","?","?","M","R","M","R","T","E","R","?","E","?","R","BOSS","M","M","M","?","M","E","E","E","T","E","R","M","$","?","R","BOSS","BOSS","R","$","E","BOSS"],"build_version":"2019-07-17","purchased_purges":3,"victory":true,"max_hp_per_floor":[60,60,60,60,60,60,60,60,60,60,60,60,60,60,60,60,60,60,60,60,60,60,60,60,60,60,60,60,60,60,65,65,65,65,65,65,65,65,65,65,65,65,65,65,65,65,65,65,65,65,65,65,65,65,65,65],"card_choices":[{"not_picked":["Bane","Leg Sweep","Poisoned Stab"],"picked":"SKIP","floor":1.0},{"not_picked":["Sucker Punch","Leg Sweep"],"picked":"Deadly Poison","floor":3.0},{"not_picked":["Slice","Bane","Outmaneuver"],"picked":"SKIP","floor":7.0},{"not_picked":["Underhanded Strike","Distraction"],"picked":"Burst","floor":10.0},{"not_picked":["Sucker Punch","Deflect"],"picked":"Backflip","floor":12.0},{"not_picked":["Setup","Dagger Spray","Sucker Punch"],"picked":"SKIP","floor":14.0},{"not_picked":["Bullet Time","Venomology"],"picked":"Adrenaline","floor":16.0},{"not_picked":["Dagger Spray","Backflip"],"picked":"Expertise+1","floor":18.0},{"not_picked":["Bane","Poisoned Stab"],"picked":"Acrobatics","floor":22.0},{"not_picked":["Deadly Poison","Bane"],"picked":"Flechettes","floor":24.0},{"not_picked":["Envenom","Skewer","Flechettes"],"picked":"SKIP","floor":27.0},{"not_picked":["Prepared","Underhanded Strike","Deflect"],"picked":"SKIP","floor":29.0},{"not_picked":["Underhanded Strike","Deflect"],"picked":"Prepared","floor":29.0},{"not_picked":["Deadly Poison","Dagger Throw","Tactician"],"picked":"SKIP","floor":30.0},{"not_picked":["Underhanded Strike","Quick Slash","Sucker Punch"],"picked":"SKIP","floor":35.0},{"not_picked":["Deadly Poison","Leg Sweep","Deflect"],"picked":"SKIP","floor":35.0},{"not_picked":["Accuracy+1","Endless Agony+1"],"picked":"Calculated Gamble+1","floor":36.0},{"not_picked":["Endless Agony","Skewer","Acrobatics+1"],"picked":"SKIP","floor":36.0},{"not_picked":["Riddle With Holes","Backflip+1","Deadly Poison"],"picked":"SKIP","floor":37.0},{"not_picked":["Outmaneuver+1","Terror+1","Quick Slash"],"picked":"SKIP","floor":37.0},{"not_picked":["Footwork+1","Endless Agony","Noxious Fumes+1"],"picked":"SKIP","floor":39.0},{"not_picked":["Prepared+1","Poisoned Stab","Slice"],"picked":"SKIP","floor":39.0},{"not_picked":["Endless Agony","Underhanded Strike","Calculated Gamble"],"picked":"SKIP","floor":40.0},{"not_picked":["Blade Dance+1","Expertise","Dagger Throw"],"picked":"SKIP","floor":41.0},{"not_picked":["Dodge and Roll","Deflect","Leg Sweep"],"picked":"SKIP","floor":42.0},{"not_picked":["Footwork","Backflip","Deflect+1"],"picked":"SKIP","floor":44.0},{"not_picked":["Outmaneuver+1","Reflex+1","Underhanded Strike+1"],"picked":"SKIP","floor":46.0},{"not_picked":["Blade Dance","Dagger Throw","Phantasmal Killer"],"picked":"SKIP","floor":46.0},{"not_picked":["Finisher+1","Dagger Throw","Skewer"],"picked":"SKIP","floor":55.0}],"player_experience":831219,"relics_obtained":[{"floor":9.0,"key":"Torii"},{"floor":12.0,"key":"Unceasing Top"},{"floor":13.0,"key":"WingedGreaves"},{"floor":14.0,"key":"Tough Bandages"},{"floor":27.0,"key":"Sundial"},{"floor":30.0,"key":"Prayer Wheel"},{"floor":40.0,"key":"Oddly Smooth Stone"},{"floor":41.0,"key":"Ornamental Fan"},{"floor":42.0,"key":"Vajra"},{"floor":43.0,"key":"Ice Cream"},{"floor":44.0,"key":"Frozen Egg 2"},{"floor":55.0,"key":"Shuriken"}],"event_choices":[{"damage_healed":0.0,"max_hp_gain":0.0,"max_hp_loss":0.0,"gold_gain":75.0,"event_name":"World of Goop","player_choice":"Gather Gold","floor":2.0,"gold_loss":0.0,"damage_taken":11.0},{"cards_removed":["Strike_G"],"damage_healed":0.0,"max_hp_gain":0.0,"max_hp_loss":0.0,"gold_gain":0.0,"event_name":"The Cleric","player_choice":"Card Removal","floor":4.0,"gold_loss":75.0,"damage_taken":0.0},{"damage_healed":0.0,"max_hp_gain":0.0,"max_hp_loss":0.0,"gold_gain":0.0,"event_name":"The Woman in Blue","player_choice":"Bought 2 Potions","floor":5.0,"gold_loss":0.0,"damage_taken":0.0},{"damage_healed":0.0,"max_hp_gain":0.0,"max_hp_loss":0.0,"gold_gain":0.0,"event_name":"Match and Keep!","player_choice":"0 cards matched","floor":21.0,"gold_loss":0.0,"damage_taken":0.0,"cards_obtained":[]},{"damage_healed":0.0,"max_hp_gain":5.0,"max_hp_loss":0.0,"gold_gain":0.0,"event_name":"Forgotten Altar","player_choice":"Shed Blood","floor":31.0,"gold_loss":0.0,"damage_taken":21.0},{"damage_healed":0.0,"max_hp_gain":0.0,"max_hp_loss":0.0,"gold_gain":0.0,"event_name":"SensoryStone","player_choice":"Memory 1","floor":38.0,"gold_loss":0.0,"damage_taken":0.0},{"damage_healed":0.0,"max_hp_gain":0.0,"max_hp_loss":0.0,"gold_gain":0.0,"event_name":"Tomb of Lord Red Mask","player_choice":"Ignored","floor":48.0,"gold_loss":0.0,"damage_taken":0.0}],"is_beta":false,"boss_relics":[{"not_picked":["Snecko Eye","Lizard Tail"],"picked":"Empty Cage"},{"not_picked":["Eternal Feather","Tiny House"],"picked":"Astrolabe"}],"items_purged_floors":[11,47,54],"is_endless":false,"potions_floor_spawned":[12,14,18,27,29,30,35,36,39,40,42],"ascension_level":20}