{"gold_per_floor":[117,117,117,132,132,163,163,197,197,197,212,229,241,254,254,358,358,377,393,393,406,422,422,70,70,70,96,76,87,102,25,25,25],"floor_reached":33,"playtime":2420,"items_purged":["Strike_G"],"score":293,"play_id":"95408757-649e-42dd-90b8-c0bbbc4bb5d3","local_time":"20190920153128","is_ascension_mode":true,"campfire_choices":[{"data":"Predator","floor":7,"key":"SMITH"},{"floor":10,"key":"REST"},{"floor":15,"key":"REST"},{"floor":23,"key":"REST"},{"floor":25,"key":"REST"},{"floor":32,"key":"REST"}],"neow_cost":"NONE","seed_source_timestamp":319111171038632,"circlet_count":0,"master_deck":["Strike_G","Strike_G","Strike_G","Defend_G","Defend_G","Defend_G","Defend_G","Defend_G","Survivor","Neutralize","Caltrops","Predator+1","Caltrops","Corpse Explosion","Noxious Fumes","Distraction","Noxious Fumes","Crippling Poison","Envenom","CurseOfTheBell","Poisoned Stab","Underhanded Strike","Bane","Backstab+1","Deadly Poison","Noxious Fumes","Backstab","Dodge and Roll"],"relics":["Ring of the Snake","Incense Burner","Pen Nib","Gremlin Horn","Eternal Feather","Calling Bell","InkBottle","Mercury Hourglass","Pocketwatch","Membership Card","Happy Flower","Pear","MealTicket"],"potions_floor_usage":[6,6,8,8,16,16,16,16,16,27,27,30,33],"damage_taken":[{"damage":0,"enemies":"Small Slimes","floor":1,"turns":5},{"damage":4,"enemies":"2 Louse","floor":4,"turns":3},{"damage":16,"enemies":"Lagavulin","floor":6,"turns":10},{"damage":46,"enemies":"Gremlin Nob","floor":8,"turns":5},{"damage":1,"enemies":"Jaw Worm","floor":11,"turns":5},{"damage":13,"enemies":"Red Slaver","floor":12,"turns":4},{"damage":10,"enemies":"Large Slime","floor":13,"turns":5},{"damage":6,"enemies":"3 Louse","floor":14,"turns":2},{"damage":6,"enemies":"Hexaghost","floor":16,"turns":9},{"damage":6,"enemies":"3 Byrds","floor":18,"turns":3},{"damage":18,"enemies":"2 Thieves","floor":19,"turns":4},{"damage":22,"enemies":"Snake Plant","floor":21,"turns":5},{"damage":9,"enemies":"Snecko","floor":22,"turns":5},{"damage":31,"enemies":"Gremlin Leader","floor":27,"turns":6},{"damage":20,"enemies":"Centurion and Healer","floor":29,"turns":5},{"damage":0,"enemies":"3 Cultists","floor":30,"turns":3},{"damage":70,"enemies":"Champ","floor":33,"turns":12}],"seed_played":"-2350220633162947756","potions_obtained":[{"floor":0,"key":"DuplicationPotion"},{"floor":0,"key":"Regen Potion"},{"floor":0,"key":"Block Potion"},{"floor":6,"key":"SkillPotion"},{"floor":11,"key":"Strength Potion"},{"floor":13,"key":"EntropicBrew"},{"floor":14,"key":"SpeedPotion"},{"floor":16,"key":"Dexterity Potion"},{"floor":22,"key":"SteroidPotion"},{"floor":28,"key":"CunningPotion"},{"floor":30,"key":"LiquidBronze"}],"is_trial":false,"path_per_floor":["M","?","?","M","T","E","R","E","T","R","M","M","M","M","R","B",null,"M","M","?","M","M","R","$","R","T","E","?","M","M","$","R","B"],"character_chosen":"THE_SILENT","items_purchased":["Membership Card","Happy Flower","Deadly Poison","Noxious Fumes","Poison Potion","MealTicket"],"campfire_rested":5,"item_purchase_floors":[24,24,24,24,24,31],"current_hp_per_floor":[70,70,70,66,66,50,50,18,18,48,47,34,24,18,48,42,70,64,46,46,24,15,51,51,70,70,49,49,29,29,29,68,0],"gold":25,"neow_bonus":"THREE_SMALL_POTIONS","is_prod":false,"is_daily":false,"chose_seed":false,"campfire_upgraded":1,"win_rate":0,"timestamp":1569018688,"path_taken":["M","?","?","M","?","E","R","E","T","R","M","M","?","M","R","BOSS","M","M","?","M","M","R","$","R","T","E","?","M","?","$","R","BOSS"],"build_version":"2019-09-20","purchased_purges":1,"victory":false,"max_hp_per_floor":[70,70,70,70,70,70,70,70,70,70,70,70,70,70,70,70,70,70,70,70,70,70,70,70,70,70,80,80,80,80,80,80,80],"card_choices":[{"not_picked":["Deflect","Flechettes"],"picked":"Caltrops","floor":1},{"not_picked":["Calculated Gamble","Flying Knee","Quick Slash"],"picked":"SKIP","floor":4},{"not_picked":["Sucker Punch","Acrobatics"],"picked":"Caltrops","floor":6},{"not_picked":["Bane","Dagger Throw"],"picked":"Corpse Explosion","floor":8},{"not_picked":["Quick Slash","Flying Knee"],"picked":"Noxious Fumes","floor":11},{"not_picked":["Slice","Tools of the Trade"],"picked":"Distraction","floor":12},{"not_picked":["Tactician","Bane"],"picked":"Noxious Fumes","floor":13},{"not_picked":["Dagger Spray","Quick Slash"],"picked":"Crippling Poison","floor":14},{"not_picked":["Burst","Unload"],"picked":"Envenom","floor":16},{"not_picked":["Bane+1","Finisher"],"picked":"Poisoned Stab","floor":18},{"not_picked":["Infinite Blades+1","Masterful Stab+1"],"picked":"Underhanded Strike","floor":19},{"not_picked":["Flying Knee","Accuracy+1"],"picked":"Bane","floor":21},{"not_picked":["Cloak And Dagger","All Out Attack"],"picked":"Backstab+1","floor":22},{"not_picked":["Heel Hook","Footwork"],"picked":"Backstab","floor":27},{"not_picked":["Terror","Prepared"],"picked":"Dodge and Roll","floor":29},{"not_picked":["Prepared","Eviscerate","Sucker Punch"],"picked":"SKIP","floor":30}],"player_experience":90807,"relics_obtained":[{"floor":5,"key":"Incense Burner"},{"floor":6,"key":"Pen Nib"},{"floor":8,"key":"Gremlin Horn"},{"floor":9,"key":"Eternal Feather"},{"floor":17,"key":"InkBottle"},{"floor":17,"key":"Mercury Hourglass"},{"floor":17,"key":"Pocketwatch"},{"floor":27,"key":"Pear"}],"event_choices":[{"damage_healed":0,"gold_gain":0,"player_choice":"Ignored","damage_taken":0,"max_hp_gain":0,"max_hp_loss":0,"event_name":"Golden Idol","floor":2,"gold_loss":0},{"damage_healed":0,"gold_gain":0,"cards_transformed":["Strike_G"],"player_choice":"Change","damage_taken":0,"max_hp_gain":0,"max_hp_loss":0,"event_name":"Living Wall","floor":3,"gold_loss":0,"cards_obtained":["Predator"]},{"damage_healed":0,"gold_gain":0,"player_choice":"Ignored","damage_taken":0,"max_hp_gain":0,"max_hp_loss":0,"event_name":"Vampires","floor":20,"gold_loss":0},{"damage_healed":0,"gold_gain":0,"player_choice":"Bought 1 Potion","damage_taken":0,"max_hp_gain":0,"max_hp_loss":0,"event_name":"The Woman in Blue","floor":28,"gold_loss":0}],"is_beta":true,"boss_relics":[{"not_picked":["Fusion Hammer","Philosopher\u0027s Stone"],"picked":"Calling Bell"}],"items_purged_floors":[24],"is_endless":false,"potions_floor_spawned":[6,11,13,14,16,22,30],"killed_by":"Champ","ascension_level":1}