{"gold_per_floor":[110,128,148,148,161,173,190,190,190,45,63,63,83,98,98,226,226,249,92,92,113,131,131,56,80,149,68,93,93,113,113,113,208,208,225,235,235,235,235,235,235,253,321,321,321,321,20,31,31,31],"floor_reached":50,"playtime":3163,"items_purged":["Injury"],"score":513,"play_id":"e4f951c2-652f-4190-a2df-d3f8a2ee099a","local_time":"20190920234423","is_ascension_mode":false,"campfire_choices":[{"data":"Rampage","floor":12,"key":"SMITH"},{"data":"Warcry","floor":15,"key":"SMITH"},{"floor":23,"key":"REST"},{"floor":29,"key":"REST"},{"floor":32,"key":"REST"},{"data":"Discovery","floor":40,"key":"SMITH"},{"data":"Blind","floor":44,"key":"SMITH"},{"floor":46,"key":"REST"},{"floor":49,"key":"REST"}],"neow_cost":"NONE","seed_source_timestamp":3410263957200,"circlet_count":0,"master_deck":["Defend_R","Defend_R","Defend_R","Defend_R","Bash","Shrug It Off","Bloodletting","Shrug It Off","Rampage+1","Evolve","Spot Weakness","Inflame","Reckless Charge","Flame Barrier","Warcry+1","Burning Pact","Offering","Entrench","Blind+1","Carnage","Headbutt+1","Trip","Heavy Blade+1","Shrug It Off+1","Iron Wave+1","Exhume+1","Impervious+1","Pummel","Inflame+1","Discovery+1","Madness","Madness","Parasite","Cleave+1"],"relics":["Burning Blood","Self Forming Clay","Bloody Idol","FossilizedHelix","Mark of Pain","Singing Bowl","Astrolabe","Kunai","Pear","Paper Frog"],"potions_floor_usage":[13,16,33,33,42,50,50,50],"damage_taken":[{"damage":10,"enemies":"Cultist","floor":1,"turns":4},{"damage":2,"enemies":"2 Louse","floor":2,"turns":2},{"damage":12,"enemies":"Jaw Worm","floor":3,"turns":3},{"damage":20,"enemies":"Red Slaver","floor":5,"turns":5},{"damage":10,"enemies":"2 Fungi Beasts","floor":6,"turns":5},{"damage":5,"enemies":"3 Louse","floor":7,"turns":4},{"damage":2,"enemies":"Looter","floor":11,"turns":4},{"damage":0,"enemies":"Blue Slaver","floor":13,"turns":3},{"damage":3,"enemies":"Lots of Slimes","floor":14,"turns":6},{"damage":19,"enemies":"The Guardian","floor":16,"turns":9},{"damage":22,"enemies":"Shell Parasite","floor":18,"turns":6},{"damage":17,"enemies":"3 Byrds","floor":21,"turns":7},{"damage":48,"enemies":"Sentry and Sphere","floor":22,"turns":6},{"damage":10,"enemies":"Snake Plant","floor":25,"turns":4},{"damage":21,"enemies":"Cultist and Chosen","floor":28,"turns":6},{"damage":34,"enemies":"Shelled Parasite and Fungi","floor":30,"turns":6},{"damage":48,"enemies":"Champ","floor":33,"turns":11},{"damage":18,"enemies":"3 Shapes","floor":35,"turns":6},{"damage":0,"enemies":"Orb Walker","floor":36,"turns":4},{"damage":31,"enemies":"Writhing Mass","floor":42,"turns":6},{"damage":33,"enemies":"Spire Growth","floor":48,"turns":5},{"damage":102,"enemies":"Awakened One","floor":50,"turns":12}],"seed_played":"7369232419210161339","potions_obtained":[{"floor":3,"key":"SkillPotion"},{"floor":11,"key":"AttackPotion"},{"floor":13,"key":"Ancient Potion"},{"floor":14,"key":"FearPotion"},{"floor":18,"key":"Dexterity Potion"},{"floor":28,"key":"GamblersBrew"},{"floor":30,"key":"Strength Potion"},{"floor":33,"key":"Dexterity Potion"},{"floor":48,"key":"Explosive Potion"}],"is_trial":false,"path_per_floor":["M","M","M","?","M","M","M","?","T","$","M","R","M","M","R","B",null,"M","$","?","M","M","R","?","M","T","$","M","R","M","?","R","B",null,"M","M","?","?","?","R","T","M","T","R","?","R","$","M","R","B"],"character_chosen":"IRONCLAD","items_purchased":["Inflame","Reckless Charge","Blind","Trip","Paper Frog","PowerPotion"],"campfire_rested":5,"item_purchase_floors":[10,10,19,27,47,47],"current_hp_per_floor":[84,88,82,82,68,64,65,65,65,65,69,69,75,78,78,65,88,72,72,72,61,19,45,45,41,41,41,26,52,24,24,50,15,90,83,90,90,90,79,79,79,61,76,76,76,102,102,80,102,0],"gold":31,"neow_bonus":"TEN_PERCENT_HP_BONUS","is_prod":false,"is_daily":false,"chose_seed":false,"campfire_upgraded":4,"win_rate":0,"timestamp":1568994263,"path_taken":["M","?","?","?","?","M","M","?","T","$","M","R","M","M","R","BOSS","M","$","?","M","?","R","?","M","T","$","M","R","M","?","R","BOSS","M","M","?","?","?","R","?","?","T","R","?","R","$","M","R","BOSS"],"build_version":"2019-07-17","purchased_purges":1,"victory":false,"max_hp_per_floor":[88,88,88,88,88,88,88,88,88,88,88,88,88,88,88,88,88,88,88,88,88,88,88,88,88,88,88,88,88,88,88,88,90,90,90,90,90,90,90,90,90,92,102,102,102,102,102,102,102,102],"card_choices":[{"not_picked":["Power Through","Heavy Blade"],"picked":"Shrug It Off","floor":1},{"not_picked":["Battle Trance","Cleave"],"picked":"Bloodletting","floor":2},{"not_picked":["Uppercut","Clash"],"picked":"Shrug It Off","floor":3},{"not_picked":["Shrug It Off","Twin Strike"],"picked":"Rampage","floor":5},{"not_picked":["Anger","Power Through"],"picked":"Evolve","floor":6},{"not_picked":["Perfected Strike","Uppercut"],"picked":"Spot Weakness","floor":7},{"not_picked":["Clash","Searing Blow"],"picked":"Flame Barrier","floor":11},{"not_picked":["Anger","Second Wind"],"picked":"Warcry","floor":13},{"not_picked":["Spot Weakness","Twin Strike"],"picked":"Burning Pact","floor":14},{"not_picked":["Juggernaut","Barricade"],"picked":"Offering","floor":16},{"not_picked":["Anger","Heavy Blade"],"picked":"Entrench","floor":18},{"not_picked":["Iron Wave","Sword Boomerang"],"picked":"Headbutt+1","floor":21},{"not_picked":["Sever Soul","Iron Wave","Perfected Strike"],"picked":"SKIP","floor":22},{"not_picked":["Combust","Iron Wave","Clothesline"],"picked":"SKIP","floor":25},{"not_picked":["Reckless Charge","Clash"],"picked":"Heavy Blade+1","floor":28},{"not_picked":["True Grit","Entrench"],"picked":"Shrug It Off+1","floor":30},{"not_picked":["Exhume","Fiend Fire","Dark Embrace"],"picked":"Singing Bowl","floor":33},{"not_picked":["Headbutt+1","Flex"],"picked":"Pummel","floor":35},{"not_picked":["Wild Strike","Twin Strike+1"],"picked":"Inflame+1","floor":36},{"not_picked":["Purity","Dramatic Entrance"],"picked":"Discovery","floor":38},{"not_picked":["Flame Barrier+1","Shrug It Off","Headbutt+1"],"picked":"Singing Bowl","floor":42},{"not_picked":["Headbutt+1","Uppercut"],"picked":"Cleave+1","floor":48}],"player_experience":394199,"relics_obtained":[{"floor":9,"key":"FossilizedHelix"},{"floor":26,"key":"Singing Bowl"},{"floor":41,"key":"Kunai"},{"floor":43,"key":"Pear"}],"event_choices":[{"damage_healed":0,"gold_gain":0,"player_choice":"Gave Potion","damage_taken":0,"relics_obtained":["Self Forming Clay"],"max_hp_gain":0,"max_hp_loss":0,"event_name":"WeMeetAgain","floor":4,"gold_loss":0},{"damage_healed":0,"gold_gain":0,"player_choice":"Take Wound","damage_taken":0,"relics_obtained":["Golden Idol"],"max_hp_gain":0,"max_hp_loss":0,"event_name":"Golden Idol","floor":8,"gold_loss":0,"cards_obtained":["Injury"]},{"damage_healed":0,"gold_gain":0,"cards_transformed":["Strike_R"],"player_choice":"Transformed","damage_taken":0,"max_hp_gain":0,"max_hp_loss":0,"event_name":"Transmorgrifier","floor":20,"gold_loss":0,"cards_obtained":["Carnage"]},{"cards_removed":["Strike_R"],"damage_healed":0,"gold_gain":0,"player_choice":"Gave Gold","damage_taken":0,"max_hp_gain":0,"max_hp_loss":0,"event_name":"Beggar","floor":24,"gold_loss":75},{"damage_healed":0,"gold_gain":0,"player_choice":"Gave Idol","damage_taken":0,"relics_obtained":["Bloody Idol"],"max_hp_gain":0,"max_hp_loss":0,"event_name":"Forgotten Altar","floor":31,"relics_lost":["Golden Idol"],"gold_loss":0},{"damage_healed":0,"gold_gain":0,"player_choice":"Ignored","damage_taken":0,"max_hp_gain":0,"max_hp_loss":0,"event_name":"Tomb of Lord Red Mask","floor":37,"gold_loss":0},{"damage_healed":0,"gold_gain":0,"player_choice":"Memory 1","damage_taken":0,"max_hp_gain":0,"max_hp_loss":0,"event_name":"SensoryStone","floor":38,"gold_loss":0},{"damage_healed":0,"gold_gain":0,"player_choice":"Embrace Madness","damage_taken":11,"max_hp_gain":0,"max_hp_loss":0,"event_name":"Winding Halls","floor":39,"gold_loss":0,"cards_obtained":["Madness","Madness"]},{"damage_healed":0,"gold_gain":0,"player_choice":"Ignored","damage_taken":0,"max_hp_gain":0,"max_hp_loss":0,"event_name":"NoteForYourself","floor":45,"gold_loss":0}],"is_beta":false,"boss_relics":[{"not_picked":["Runic Cube","Orrery"],"picked":"Mark of Pain"},{"not_picked":["Calling Bell","Busted Crown"],"picked":"Astrolabe"}],"items_purged_floors":[19],"is_endless":false,"potions_floor_spawned":[3,11,13,14,18,28,30,33,48],"killed_by":"Awakened One","ascension_level":0}