{"gold_per_floor":[367,382,63,78,78,103,103,114,168,180,198,198,229,248,248,322,322,335,353,353,353,568,594,594,626,626,658,11,31,31,48,48,123,123,139,139,139,15,30,58,58,58,85,115,160,160,179,205,205,205,205,205,205,3,28,28],"floor_reached":57,"playtime":2636,"items_purged":["Regret","Strike_B","Rip and Tear+1"],"score":3041,"play_id":"5b786a3e-1406-4f6b-9ab7-032f2e6ce817","local_time":"20190905205308","is_ascension_mode":true,"campfire_choices":[{"data":"Defragment","floor":7.0,"key":"SMITH"},{"data":"Sunder","floor":12.0,"key":"SMITH"},{"data":"Coolheaded","floor":15.0,"key":"SMITH"},{"floor":24.0,"key":"REST"},{"floor":30.0,"key":"REST"},{"data":"Skim","floor":32.0,"key":"SMITH"},{"floor":41.0,"key":"RECALL"},{"data":"Skim","floor":49.0,"key":"SMITH"},{"floor":53.0,"key":"DIG"}],"neow_cost":"CURSE","seed_source_timestamp":0,"circlet_count":0,"master_deck":["AscendersBane","Zap+1","Dualcast+1","Ball Lightning+1","Compile Driver+1","Turbo+1","Beam Cell+1","Defragment+1","Recycle+1","Conserve Battery+1","Sunder+1","Buffer+1","Coolheaded+1","Amplify+1","Turbo+1","Meteor Strike+1","Stack+1","FTL+1","Skim+1","BootSequence+1","Darkness+1","Electrodynamics+1","Self Repair+1","Hologram+1","Redo+1","Compile Driver+1","Echo Form+1","Coolheaded+1","Scrape+1","Turbo+1","Echo Form+1","Compile Driver+1","Capacitor","Skim+1","Defragment+1","Multi-Cast","Go for the Eyes+1","Machine Learning","Cold Snap+1","Heatsinks","Compile Driver+1"],"special_seed":0,"relics":["Cracked Core","War Paint","Pear","Bag of Marbles","Bag of Preparation","Runic Dome","Old Coin","Whetstone","Happy Flower","Anchor","Lantern","Centennial Puzzle","Pandora\u0027s Box","Mark of the Bloom","DataDisk","Vajra","Boot","Bird Faced Urn","Shovel","Blood Vial","Bottled Flame","Mummified Hand"],"potions_floor_usage":[56],"damage_taken":[{"damage":5.0,"enemies":"2 Louse","floor":1.0,"turns":2.0},{"damage":0.0,"enemies":"Jaw Worm","floor":2.0,"turns":3.0},{"damage":3.0,"enemies":"Small Slimes","floor":4.0,"turns":2.0},{"damage":27.0,"enemies":"3 Sentries","floor":6.0,"turns":6.0},{"damage":5.0,"enemies":"3 Louse","floor":8.0,"turns":3.0},{"damage":3.0,"enemies":"Blue Slaver","floor":10.0,"turns":3.0},{"damage":0.0,"enemies":"2 Fungi Beasts","floor":11.0,"turns":2.0},{"damage":1.0,"enemies":"Lagavulin","floor":13.0,"turns":7.0},{"damage":6.0,"enemies":"Exordium Thugs","floor":14.0,"turns":3.0},{"damage":21.0,"enemies":"Hexaghost","floor":16.0,"turns":9.0},{"damage":5.0,"enemies":"2 Thieves","floor":18.0,"turns":3.0},{"damage":24.0,"enemies":"Shell Parasite","floor":19.0,"turns":6.0},{"damage":15.0,"enemies":"Slavers","floor":23.0,"turns":4.0},{"damage":19.0,"enemies":"Book of Stabbing","floor":25.0,"turns":4.0},{"damage":8.0,"enemies":"Slavers","floor":27.0,"turns":4.0},{"damage":9.0,"enemies":"Sentry and Sphere","floor":29.0,"turns":4.0},{"damage":0.0,"enemies":"Snake Plant","floor":31.0,"turns":2.0},{"damage":7.0,"enemies":"Collector","floor":33.0,"turns":6.0},{"damage":10.0,"enemies":"3 Darklings","floor":35.0,"turns":4.0},{"damage":0.0,"enemies":"Orb Walker","floor":39.0,"turns":2.0},{"damage":0.0,"enemies":"Giant Head","floor":40.0,"turns":3.0},{"damage":0.0,"enemies":"Nemesis","floor":44.0,"turns":5.0},{"damage":0.0,"enemies":"2 Orb Walkers","floor":45.0,"turns":1.0},{"damage":7.0,"enemies":"Jaw Worm Horde","floor":47.0,"turns":3.0},{"damage":9.0,"enemies":"Reptomancer","floor":48.0,"turns":4.0},{"damage":3.0,"enemies":"Donu and Deca","floor":50.0,"turns":5.0},{"damage":6.0,"enemies":"Awakened One","floor":51.0,"turns":7.0},{"damage":0.0,"enemies":"Shield and Spear","floor":55.0,"turns":5.0},{"damage":18,"enemies":"The Heart","floor":56,"turns":6}],"seed_played":"3551986059514238265","potions_obtained":[{"floor":2.0,"key":"SkillPotion"},{"floor":4.0,"key":"SmokeBomb"},{"floor":13.0,"key":"Block Potion"},{"floor":14.0,"key":"Explosive Potion"},{"floor":16.0,"key":"Explosive Potion"},{"floor":23.0,"key":"GamblersBrew"},{"floor":29.0,"key":"Weak Potion"},{"floor":35.0,"key":"FearPotion"},{"floor":47.0,"key":"EssenceOfSteel"}],"is_trial":false,"path_per_floor":["M","M","$","M","?","E","R","M","T","M","M","R","E","M","R","B",null,"M","M","?","?","?","E","R","E","T","E","$","M","R","M","R","B",null,"M","?","?","$","M","E","R","T","T","E","?","?","M","E","R","B","B",null,"R","$","E","B",null],"character_chosen":"DEFECT","items_purchased":["War Paint","Turbo","Beam Cell","Lantern","Centennial Puzzle","FocusPotion","Self Repair","Hologram","Capacitor","FocusPotion","Heatsinks"],"campfire_rested":2,"item_purchase_floors":[3,3,3,28,28,28,28,28,38,38,54],"current_hp_per_floor":[59,59,59,56,56,39,39,34,34,31,31,31,30,24,24,3,62,57,33,33,33,33,18,42,23,23,15,15,13,37,37,37,37,70,74,74,74,74,74,74,74,74,74,74,74,74,67,58,58,55,49,49,49,49,49,31],"gold":28,"neow_bonus":"TWO_FIFTY_GOLD","is_prod":false,"is_daily":false,"chose_seed":false,"campfire_upgraded":5,"win_rate":0,"timestamp":1567687988,"path_taken":["M","M","$","M","?","E","R","M","T","M","M","R","E","M","R","BOSS","M","M","?","?","?","E","R","E","T","E","$","M","R","M","R","BOSS","M","?","?","$","M","E","R","?","T","E","?","?","M","E","R","BOSS","BOSS","R","$","E","BOSS"],"build_version":"2019-07-17","purchased_purges":3,"victory":true,"max_hp_per_floor":[71,71,71,71,71,81,81,81,81,81,81,81,81,81,81,81,81,81,81,81,81,81,81,81,81,81,81,81,81,81,81,81,81,81,81,81,81,81,81,81,81,81,81,81,81,77,77,77,77,77,77,77,77,77,77,77],"card_choices":[{"not_picked":["Stack","Self Repair"],"picked":"Ball Lightning","floor":1.0},{"not_picked":["Streamline","Hologram"],"picked":"Compile Driver","floor":2.0},{"not_picked":["Barrage","Gash"],"picked":"Defragment","floor":4.0},{"not_picked":["Sweeping Beam","Redo"],"picked":"Conserve Battery","floor":6.0},{"not_picked":["Rip and Tear","Genetic Algorithm"],"picked":"Sunder","floor":8.0},{"not_picked":["Ball Lightning","Streamline"],"picked":"Buffer","floor":10.0},{"not_picked":["Barrage","Capacitor"],"picked":"Coolheaded","floor":11.0},{"not_picked":["Consume","Hologram"],"picked":"Amplify","floor":13.0},{"not_picked":["Stack","Redo"],"picked":"Turbo","floor":14.0},{"not_picked":["Electrodynamics","Machine Learning"],"picked":"Meteor Strike","floor":16.0},{"not_picked":["Leap","Beam Cell"],"picked":"Stack","floor":18.0},{"not_picked":["Melter","Rebound"],"picked":"FTL","floor":19.0},{"not_picked":["Blizzard","Recycle"],"picked":"BootSequence","floor":23.0},{"not_picked":["Storm","Redo"],"picked":"Darkness+1","floor":25.0},{"not_picked":["Stack","Beam Cell"],"picked":"Electrodynamics","floor":27.0},{"not_picked":["Turbo","Rebound"],"picked":"Redo+1","floor":29.0},{"not_picked":["Leap","Force Field"],"picked":"Compile Driver","floor":31.0},{"not_picked":["Core Surge","Seek"],"picked":"Echo Form","floor":33.0},{"not_picked":["Doom and Gloom","Self Repair"],"picked":"Compile Driver","floor":35.0},{"not_picked":["Gash+1","Rebound+1"],"picked":"Skim","floor":39.0},{"not_picked":["Steam","Blizzard"],"picked":"Defragment+1","floor":40.0},{"not_picked":["Gash","Chaos"],"picked":"Multi-Cast","floor":44.0},{"not_picked":["Sweeping Beam","Conserve Battery"],"picked":"Go for the Eyes+1","floor":45.0},{"not_picked":["Static Discharge+1","Go for the Eyes+1"],"picked":"Machine Learning","floor":47.0},{"not_picked":["Go for the Eyes","Creative AI"],"picked":"Cold Snap+1","floor":48.0},{"not_picked":["Streamline","Barrage"],"picked":"Compile Driver+1","floor":55.0}],"player_experience":2263909,"relics_obtained":[{"floor":6.0,"key":"Pear"},{"floor":9.0,"key":"Bag of Marbles"},{"floor":13.0,"key":"Bag of Preparation"},{"floor":23.0,"key":"Whetstone"},{"floor":25.0,"key":"Happy Flower"},{"floor":27.0,"key":"Anchor"},{"floor":40.0,"key":"DataDisk"},{"floor":42.0,"key":"Vajra"},{"floor":43.0,"key":"Boot"},{"floor":44.0,"key":"Bird Faced Urn"},{"floor":45.0,"key":"Shovel"},{"floor":48.0,"key":"Blood Vial"},{"floor":53.0,"key":"Bottled Flame"},{"floor":55.0,"key":"Mummified Hand"}],"event_choices":[{"damage_healed":0.0,"max_hp_gain":0.0,"max_hp_loss":0.0,"gold_gain":0.0,"cards_transformed":["Strike_B"],"event_name":"Living Wall","player_choice":"Change","floor":5.0,"gold_loss":0.0,"damage_taken":0.0,"cards_obtained":["Recycle"]},{"damage_healed":0.0,"max_hp_gain":0.0,"max_hp_loss":0.0,"gold_gain":0.0,"event_name":"The Library","player_choice":"Read","floor":20.0,"gold_loss":0.0,"damage_taken":0.0,"cards_obtained":["Skim"]},{"cards_removed":["Strike_B"],"damage_healed":0.0,"max_hp_gain":0.0,"max_hp_loss":0.0,"gold_gain":0.0,"event_name":"Back to Basics","player_choice":"Elegance","floor":21.0,"gold_loss":0.0,"damage_taken":0.0},{"damage_healed":0.0,"max_hp_gain":0.0,"max_hp_loss":0.0,"gold_gain":0.0,"event_name":"Addict","player_choice":"Obtained Relic","floor":22.0,"gold_loss":85.0,"damage_taken":0.0,"relics_obtained":["Old Coin"]},{"damage_healed":0.0,"max_hp_gain":0.0,"max_hp_loss":0.0,"gold_gain":0.0,"event_name":"MindBloom","player_choice":"Upgrade","floor":36.0,"gold_loss":0.0,"damage_taken":0.0,"cards_upgraded":["Dualcast","Ball Lightning","Compile Driver","Turbo","Recycle","Conserve Battery","Buffer","Amplify","Turbo","Stack","FTL","BootSequence","Electrodynamics","Self Repair","Hologram","Compile Driver","Echo Form","Coolheaded","Scrape","Turbo","Rip and Tear","Echo Form","Compile Driver"],"relics_obtained":["Mark of the Bloom"]},{"damage_healed":0.0,"max_hp_gain":0.0,"max_hp_loss":0.0,"gold_gain":0.0,"event_name":"Tomb of Lord Red Mask","player_choice":"Ignored","floor":37.0,"gold_loss":0.0,"damage_taken":0.0},{"damage_healed":0.0,"max_hp_gain":0.0,"max_hp_loss":0.0,"gold_gain":0.0,"event_name":"Mysterious Sphere","player_choice":"Fight","floor":45.0,"gold_loss":0.0,"damage_taken":0.0},{"damage_healed":0.0,"max_hp_gain":0.0,"max_hp_loss":4.0,"gold_gain":0.0,"event_name":"Winding Halls","player_choice":"Max HP","floor":46.0,"gold_loss":0.0,"damage_taken":0.0}],"is_beta":false,"boss_relics":[{"not_picked":["Cursed Key","Lizard Tail"],"picked":"Runic Dome"},{"not_picked":["Coffee Dripper","Philosopher\u0027s Stone"],"picked":"Pandora\u0027s Box"}],"items_purged_floors":[3,28,54],"is_endless":false,"potions_floor_spawned":[2,4,13,14,16,23,29,35,39,47],"ascension_level":20}