{"path_per_floor":["M","M","?","M","M","R","E","R","T","E","$","M","M","?","R"],"character_chosen":"DEFECT","items_purchased":["Hologram","Sweeping Beam"],"gold_per_floor":[109,123,123,141,161,161,199,199,249,285,139,157,173,202,202,202],"floor_reached":16,"campfire_rested":0,"playtime":1493,"item_purchase_floors":[11,11],"current_hp_per_floor":[73,73,55,61,58,58,46,46,46,30,30,30,36,43,43,0],"items_purged":["Strike_B"],"gold":202,"score":123,"play_id":"752ab5b8-c5e1-4239-b53e-200cd8b7dfc4","local_time":"20180606005447","is_prod":false,"is_daily":false,"chose_seed":false,"is_ascension_mode":true,"campfire_upgraded":3,"win_rate":0,"timestamp":1528239287,"campfire_choices":[{"data":"Zap","floor":6,"key":"SMITH"},{"data":"Dualcast","floor":8,"key":"SMITH"},{"data":"Seek","floor":15,"key":"SMITH"}],"path_taken":["M","M","?","M","M","R","E","R","T","E","$","?","M","?","R","BOSS"],"build_version":"2018-05-31","seed_source_timestamp":143221770021469,"purchased_purges":1,"victory":false,"master_deck":["Strike_B","Strike_B","Strike_B","Defend_B","Defend_B","Defend_B","Zap+1","Dualcast+1","Self Repair","Stack","Hologram","Seek+1","Hologram","Sweeping Beam","Glacier","Sweeping Beam","Leap"],"max_hp_per_floor":[75,75,75,75,75,75,75,75,75,75,75,75,75,75,75,75],"relics":["Cracked Core","Golden Idol","Dodecahedron","Singing Bowl","Oddly Smooth Stone","Odd Mushroom"],"card_choices":[{"not_picked":["Cold Snap","Beam Cell"],"picked":"Self Repair","floor":1},{"not_picked":["Blizzard","Barrage","Rebound"],"picked":"SKIP","floor":2},{"not_picked":["Rip and Tear","Glacier"],"picked":"Stack","floor":4},{"not_picked":["Aggregate","Force Field","Sunder"],"picked":"SKIP","floor":5},{"not_picked":["Steam","Rip and Tear"],"picked":"Hologram","floor":7},{"not_picked":["Melter","Rebound"],"picked":"Seek","floor":10},{"not_picked":["Fusion","Rebound"],"picked":"Glacier","floor":12},{"not_picked":["Capacitor","Static Discharge"],"picked":"Sweeping Beam","floor":13},{"not_picked":["Cold Snap","Streamline"],"picked":"Leap","floor":14}],"player_experience":752856,"potions_floor_usage":[10,16,16,16],"damage_taken":[{"damage":2,"enemies":"Small Slimes","floor":1,"turns":3},{"damage":7,"enemies":"Jaw Worm","floor":2,"turns":3},{"damage":1,"enemies":"Cultist","floor":4,"turns":4},{"damage":10,"enemies":"3 Louse","floor":5,"turns":4},{"damage":19,"enemies":"Lagavulin","floor":7,"turns":7},{"damage":23,"enemies":"Gremlin Nob","floor":10,"turns":4},{"damage":0,"enemies":"Lots of Slimes","floor":12,"turns":1},{"damage":1,"enemies":"Looter","floor":13,"turns":3},{"damage":0,"enemies":"The Mushroom Lair","floor":14,"turns":3},{"damage":44,"enemies":"Slime Boss","floor":16,"turns":13}],"relics_obtained":[{"floor":7,"key":"Dodecahedron"},{"floor":9,"key":"Singing Bowl"},{"floor":10,"key":"Oddly Smooth Stone"},{"floor":14,"key":"Odd Mushroom"}],"event_choices":[{"event_name":"Golden Idol","player_choice":"Take Damage","floor":3,"damage_taken":0},{"event_name":"Mushrooms","player_choice":"Fought Mushrooms","floor":14,"damage_taken":0}],"boss_relics":[],"items_purged_floors":[11],"potions_floor_spawned":[5,7,12,14],"seed_played":"2338790327171362697","killed_by":"Slime Boss","ascension_level":2,"potions_obtained":[{"floor":5,"key":"SteroidPotion"},{"floor":7,"key":"SpeedPotion"},{"floor":12,"key":"FearPotion"},{"floor":14,"key":"Energy Potion"}],"is_trial":false}