{"gold_per_floor":[361,377,392,392,67,67,121,121,121,131,168,234,234,328,328,407,407,448,448,448,64,90,90,90,90,136,136,100,136,181,224,224,224],"floor_reached":33,"playtime":745,"items_purged":["Strike_G","Strike_G"],"score":494,"play_id":"e84f87ea-fdfe-4ff4-897d-47ba03ec5027","local_time":"20190817081927","is_ascension_mode":true,"campfire_choices":[{"data":"HandOfGreed","floor":6.0,"key":"SMITH"},{"data":"Masterful Stab","floor":8.0,"key":"SMITH"},{"floor":15.0,"key":"REST"},{"data":"Calculated Gamble","floor":23.0,"key":"SMITH"},{"data":"Predator","floor":25.0,"key":"SMITH"},{"data":"Doppelganger","floor":27.0,"key":"SMITH"},{"data":"Well Laid Plans","floor":32.0,"key":"SMITH"}],"neow_cost":"TEN_PERCENT_HP_LOSS","seed_source_timestamp":189877808234598,"circlet_count":0,"master_deck":["AscendersBane","Strike_G","Strike_G","Defend_G","Defend_G","Defend_G","Defend_G","Defend_G","Survivor","Neutralize","Calculated Gamble+1","HandOfGreed+1","Masterful Stab+1","A Thousand Cuts+1","Predator+1","Doppelganger+1","Well Laid Plans+1","Acrobatics"],"special_seed":0,"relics":["Ring of the Snake","Paper Crane","Juzu Bracelet","Busted Crown","Question Card","Bronze Scales"],"potions_floor_usage":[],"damage_taken":[{"damage":3.0,"enemies":"Cultist","floor":1.0,"turns":5.0},{"damage":7.0,"enemies":"Jaw Worm","floor":2.0,"turns":8.0},{"damage":3.0,"enemies":"Small Slimes","floor":3.0,"turns":8.0},{"damage":30.0,"enemies":"Gremlin Nob","floor":7.0,"turns":4.0},{"damage":0.0,"enemies":"Blue Slaver","floor":10.0,"turns":3.0},{"damage":0.0,"enemies":"Exordium Wildlife","floor":11.0,"turns":2.0},{"damage":1.0,"enemies":"Lots of Slimes","floor":12.0,"turns":4.0},{"damage":2.0,"enemies":"Gremlin Gang","floor":14.0,"turns":7.0},{"damage":12.0,"enemies":"Slime Boss","floor":16.0,"turns":6.0},{"damage":15.0,"enemies":"2 Thieves","floor":18.0,"turns":4.0},{"damage":0.0,"enemies":"Spheric Guardian","floor":29.0,"turns":2.0},{"damage":7.0,"enemies":"Centurion and Healer","floor":30.0,"turns":7.0},{"damage":5.0,"enemies":"Cultist and Chosen","floor":31.0,"turns":5.0},{"damage":0,"enemies":"Champ","floor":33,"turns":2}],"seed_played":"-3329159095176108854","potions_obtained":[{"floor":1.0,"key":"LiquidBronze"},{"floor":7.0,"key":"AttackPotion"},{"floor":11.0,"key":"Energy Potion"},{"floor":12.0,"key":"PowerPotion"},{"floor":14.0,"key":"FearPotion"},{"floor":18.0,"key":"Explosive Potion"},{"floor":31.0,"key":"Energy Potion"}],"is_trial":false,"path_per_floor":["M","M","M","?","$","R","E","R","T","M","M","M","?","M","R","B",null,"M","?","?","$","T","R","$","R","T","R","$","M","M","M","R","B"],"character_chosen":"THE_SILENT","items_purchased":["HandOfGreed","SkillPotion","Question Card","Well Laid Plans"],"campfire_rested":1,"item_purchase_floors":[5,5,21,28],"current_hp_per_floor":[56,49,46,39,39,39,9,9,9,9,9,8,8,6,24,12,48,33,33,33,33,33,33,33,33,33,33,33,33,26,21,21,21],"gold":224,"neow_bonus":"TWO_FIFTY_GOLD","is_prod":false,"is_daily":false,"chose_seed":false,"campfire_upgraded":6,"win_rate":0,"timestamp":1565997567,"path_taken":["M","M","M","?","$","R","E","R","T","M","M","M","?","M","R","BOSS","M","?","?","?","?","R","$","R","T","R","?","M","M","M","R","BOSS"],"build_version":"2019-07-17","purchased_purges":2,"victory":false,"max_hp_per_floor":[60,60,60,60,60,60,60,60,60,60,60,60,60,60,60,60,60,60,60,60,60,60,60,60,60,60,60,60,60,60,60,60,60],"card_choices":[{"not_picked":["Accuracy","Prepared","Slice"],"picked":"SKIP","floor":1.0},{"not_picked":["Dagger Throw","Setup","Sucker Punch"],"picked":"SKIP","floor":2.0},{"not_picked":["Setup","Outmaneuver"],"picked":"Calculated Gamble","floor":3.0},{"not_picked":["PiercingWail","Infinite Blades"],"picked":"Masterful Stab","floor":7.0},{"not_picked":["Bouncing Flask","Backflip"],"picked":"A Thousand Cuts","floor":10.0},{"not_picked":["PiercingWail","Underhanded Strike"],"picked":"Predator","floor":11.0},{"not_picked":["Blade Dance","Sucker Punch","Dagger Spray"],"picked":"SKIP","floor":12.0},{"not_picked":["Flying Knee","Slice","Endless Agony"],"picked":"SKIP","floor":14.0},{"not_picked":["After Image","Bullet Time"],"picked":"Doppelganger","floor":16.0},{"not_picked":["Cloak And Dagger"],"picked":"SKIP","floor":18.0},{"not_picked":["Leg Sweep"],"picked":"Acrobatics","floor":29.0},{"not_picked":["Outmaneuver","Flying Knee"],"picked":"SKIP","floor":30.0},{"not_picked":["Dagger Spray","Deadly Poison"],"picked":"SKIP","floor":31.0}],"player_experience":910219,"relics_obtained":[{"floor":7.0,"key":"Paper Crane"},{"floor":9.0,"key":"Juzu Bracelet"},{"floor":26.0,"key":"Bronze Scales"}],"event_choices":[{"cards_removed":["Strike_G"],"damage_healed":0.0,"max_hp_gain":0.0,"max_hp_loss":0.0,"gold_gain":0.0,"event_name":"Golden Wing","player_choice":"Card Removal","floor":4.0,"gold_loss":0.0,"damage_taken":7.0},{"damage_healed":0.0,"max_hp_gain":0.0,"max_hp_loss":0.0,"gold_gain":0.0,"event_name":"Upgrade Shrine","player_choice":"Upgraded","floor":13.0,"gold_loss":0.0,"damage_taken":0.0,"cards_upgraded":["A Thousand Cuts"]},{"damage_healed":0.0,"max_hp_gain":0.0,"max_hp_loss":0.0,"gold_gain":0.0,"event_name":"Vampires","player_choice":"Ignored","floor":19.0,"gold_loss":0.0,"damage_taken":0.0},{"damage_healed":0.0,"max_hp_gain":0.0,"max_hp_loss":0.0,"gold_gain":0.0,"event_name":"Lab","player_choice":"Got Potions","floor":20.0,"gold_loss":0.0,"damage_taken":0.0}],"is_beta":false,"boss_relics":[{"not_picked":["Snecko Eye","Cursed Key"],"picked":"Busted Crown"}],"items_purged_floors":[5,21],"is_endless":false,"potions_floor_spawned":[1,7,11,12,14,18,31],"killed_by":"Champ","ascension_level":20}