{"gold_per_floor":[119,194,206,87,87,87,120,120,192,192,223,238,138,157,157,233,233,243,260,135,149,149,149,149],"floor_reached":24,"playtime":919,"items_purged":["Strike_G","Strike_G","Defend_G"],"score":508,"play_id":"3f2870a8-9f09-40d6-932f-4bfe189cecbf","local_time":"20190904183100","is_ascension_mode":true,"campfire_choices":[{"data":"Masterful Stab","floor":6.0,"key":"SMITH"},{"data":"Neutralize","floor":8.0,"key":"SMITH"},{"data":"Tactician","floor":15.0,"key":"SMITH"},{"data":"Footwork","floor":23.0,"key":"SMITH"}],"neow_cost":"NONE","seed_source_timestamp":1747740251170900,"circlet_count":0,"master_deck":["AscendersBane","Strike_G","Strike_G","Strike_G","Defend_G","Defend_G","Defend_G","Defend_G","Survivor+1","Neutralize+1","Masterful Stab+1","Footwork+1","Well Laid Plans+1","Doppelganger","Tactician+1","Terror+1","Backflip+1","Adrenaline","PiercingWail+1"],"special_seed":0,"relics":["Ring of the Snake","NeowsBlessing","Singing Bowl","Meat on the Bone","Prayer Wheel","Runic Pyramid"],"potions_floor_usage":[24],"damage_taken":[{"damage":0.0,"enemies":"Jaw Worm","floor":1.0,"turns":1.0},{"damage":0.0,"enemies":"2 Louse","floor":3.0,"turns":1.0},{"damage":0.0,"enemies":"3 Sentries","floor":7.0,"turns":1.0},{"damage":0.0,"enemies":"Gremlin Nob","floor":11.0,"turns":3.0},{"damage":3.0,"enemies":"Small Slimes","floor":12.0,"turns":4.0},{"damage":2.0,"enemies":"3 Louse","floor":14.0,"turns":5.0},{"damage":39.0,"enemies":"Slime Boss","floor":16.0,"turns":20.0},{"damage":7.0,"enemies":"Spheric Guardian","floor":18.0,"turns":10.0},{"damage":12.0,"enemies":"Shell Parasite","floor":19.0,"turns":6.0},{"damage":19.0,"enemies":"Cultist and Chosen","floor":21.0,"turns":12.0},{"damage":0,"enemies":"Gremlin Leader","floor":24,"turns":3}],"seed_played":"4180320344307242003","potions_obtained":[{"floor":3.0,"key":"Swift Potion"},{"floor":7.0,"key":"AttackPotion"},{"floor":11.0,"key":"FearPotion"},{"floor":16.0,"key":"Regen Potion"},{"floor":19.0,"key":"Block Potion"},{"floor":21.0,"key":"GhostInAJar"}],"is_trial":false,"path_per_floor":["M","?","M","$","?","R","E","R","T","?","E","M","$","M","R","B",null,"M","M","$","M","$","R","E"],"character_chosen":"THE_SILENT","items_purchased":["Well Laid Plans"],"campfire_rested":0,"item_purchase_floors":[4],"current_hp_per_floor":[59,48,48,48,28,28,30,30,30,30,44,45,45,45,45,20,64,59,64,64,45,45,45,45],"gold":149,"neow_bonus":"THREE_ENEMY_KILL","is_prod":false,"is_daily":false,"chose_seed":false,"campfire_upgraded":4,"win_rate":0,"timestamp":1567593060,"path_taken":["M","?","M","$","?","R","E","R","T","?","E","M","$","M","R","BOSS","M","M","?","M","$","R","E"],"build_version":"2019-08-26","purchased_purges":3,"victory":false,"max_hp_per_floor":[66,66,66,66,66,66,68,68,68,68,70,74,74,76,76,78,78,80,82,82,82,82,82,82],"card_choices":[{"not_picked":["Sucker Punch","Skewer"],"picked":"Masterful Stab","floor":1.0},{"not_picked":["Finisher","Dodge and Roll"],"picked":"Footwork","floor":3.0},{"not_picked":["Flying Knee","Envenom","Outmaneuver"],"picked":"Singing Bowl","floor":7.0},{"not_picked":["Deflect","Finisher","Flying Knee"],"picked":"Singing Bowl","floor":11.0},{"not_picked":["Cloak And Dagger","All Out Attack","Dagger Spray"],"picked":"Singing Bowl","floor":12.0},{"not_picked":["Crippling Poison","Leg Sweep","Prepared"],"picked":"Singing Bowl","floor":12.0},{"not_picked":["Crippling Poison","Dagger Throw","Slice"],"picked":"Singing Bowl","floor":14.0},{"not_picked":["PiercingWail","Accuracy"],"picked":"Tactician","floor":14.0},{"not_picked":["Unload","Glass Knife","A Thousand Cuts"],"picked":"Singing Bowl","floor":16.0},{"not_picked":["Flying Knee","Deadly Poison"],"picked":"Terror+1","floor":18.0},{"not_picked":["Accuracy","Underhanded Strike","Prepared"],"picked":"Singing Bowl","floor":18.0},{"not_picked":["Bane","Outmaneuver","Dodge and Roll"],"picked":"Singing Bowl","floor":19.0},{"not_picked":["Eviscerate","Blade Dance"],"picked":"Backflip+1","floor":19.0},{"not_picked":["Backstab","PiercingWail"],"picked":"Adrenaline","floor":21.0},{"not_picked":["Riddle With Holes","Leg Sweep"],"picked":"PiercingWail+1","floor":21.0}],"player_experience":3171984,"relics_obtained":[{"floor":7.0,"key":"Singing Bowl"},{"floor":9.0,"key":"Meat on the Bone"},{"floor":11.0,"key":"Prayer Wheel"}],"event_choices":[{"damage_healed":0.0,"max_hp_gain":0.0,"max_hp_loss":0.0,"gold_gain":75.0,"event_name":"World of Goop","player_choice":"Gather Gold","floor":2.0,"gold_loss":0.0,"damage_taken":11.0},{"damage_healed":0.0,"max_hp_gain":0.0,"max_hp_loss":0.0,"gold_gain":0.0,"event_name":"Shining Light","player_choice":"Entered Light","floor":5.0,"gold_loss":0.0,"damage_taken":20.0,"cards_upgraded":["Survivor","Well Laid Plans"]},{"damage_healed":0.0,"max_hp_gain":0.0,"max_hp_loss":0.0,"gold_gain":0.0,"event_name":"Match and Keep!","player_choice":"1 cards matched","floor":10.0,"gold_loss":0.0,"damage_taken":0.0,"cards_obtained":["Doppelganger"]}],"is_beta":true,"boss_relics":[{"not_picked":["Ring of the Serpent","Ectoplasm"],"picked":"Runic Pyramid"}],"items_purged_floors":[4,13,20],"is_endless":false,"potions_floor_spawned":[3,7,11,16,19,21],"killed_by":"Gremlin Leader","ascension_level":20}