{"gold_per_floor":[366,212,212,228,91,91,91,114,114,114,132,132,152,185,185,185],"floor_reached":16,"playtime":370,"items_purged":["Strike_G","Strike_G"],"score":200,"play_id":"e3428ab7-5eb8-4297-bffd-ca9718013765","local_time":"20190902022651","is_ascension_mode":true,"campfire_choices":[{"data":"Tactician","floor":10.0,"key":"SMITH"},{"data":"Calculated Gamble","floor":12.0,"key":"SMITH"},{"data":"Acrobatics","floor":15,"key":"SMITH"}],"neow_cost":"TEN_PERCENT_HP_LOSS","seed_source_timestamp":34366213264121,"circlet_count":0,"master_deck":["AscendersBane","Strike_G","Strike_G","Strike_G","Defend_G","Defend_G","Defend_G","Defend_G","Defend_G","Survivor","Neutralize","Calculated Gamble+1","Malaise","Tactician+1","Acrobatics+1","Backflip"],"special_seed":0,"relics":["Ring of the Snake","Golden Idol","Art of War","Omamori","Sundial"],"potions_floor_usage":[14,14],"damage_taken":[{"damage":1.0,"enemies":"2 Louse","floor":1.0,"turns":3.0},{"damage":0.0,"enemies":"Jaw Worm","floor":4.0,"turns":8.0},{"damage":5.0,"enemies":"Cultist","floor":8.0,"turns":6.0},{"damage":9.0,"enemies":"Looter","floor":11.0,"turns":5.0},{"damage":0.0,"enemies":"2 Fungi Beasts","floor":13.0,"turns":6.0},{"damage":18,"enemies":"Gremlin Nob","floor":14,"turns":4},{"damage":0,"enemies":"Slime Boss","floor":16,"turns":3}],"seed_played":"-8875058658724488818","potions_obtained":[{"floor":4.0,"key":"FearPotion"},{"floor":13.0,"key":"Dexterity Potion"}],"is_trial":false,"path_per_floor":["M","$","?","M","$","?","$","M","T","R","M","R","M","E","R","B"],"character_chosen":"THE_SILENT","items_purchased":["Calculated Gamble","Tactician"],"campfire_rested":0,"item_purchase_floors":[2,5],"current_hp_per_floor":[58,58,54,54,54,36,36,31,31,31,22,22,22,4,4,4],"gold":185,"neow_bonus":"TWO_FIFTY_GOLD","is_prod":false,"is_daily":false,"chose_seed":false,"campfire_upgraded":3,"win_rate":0,"timestamp":1567358811,"path_taken":["M","$","?","M","$","?","?","M","T","R","M","R","M","E","R","BOSS"],"build_version":"2019-07-17","purchased_purges":2,"victory":false,"max_hp_per_floor":[60,60,54,54,54,54,54,54,54,54,54,54,54,54,54,54],"card_choices":[{"not_picked":["Deadly Poison","Dagger Throw","Outmaneuver"],"picked":"SKIP","floor":1.0},{"not_picked":["Calculated Gamble","Dodge and Roll"],"picked":"Malaise","floor":4.0},{"not_picked":["Flying Knee","Endless Agony"],"picked":"Acrobatics","floor":8.0},{"not_picked":["Cloak And Dagger","Outmaneuver"],"picked":"Backflip","floor":11.0},{"not_picked":["Setup","Blur","Sucker Punch"],"picked":"SKIP","floor":13.0},{"not_picked":["Outmaneuver","Bane","Quick Slash"],"picked":"SKIP","floor":14}],"player_experience":997996,"relics_obtained":[{"floor":9.0,"key":"Omamori"},{"floor":14,"key":"Sundial"}],"event_choices":[{"damage_healed":0.0,"max_hp_gain":0.0,"max_hp_loss":6.0,"gold_gain":0.0,"event_name":"Golden Idol","player_choice":"Lose Max HP","floor":3.0,"gold_loss":0.0,"damage_taken":0.0,"relics_obtained":["Golden Idol"]},{"damage_healed":0.0,"max_hp_gain":0.0,"max_hp_loss":0.0,"gold_gain":0.0,"event_name":"Scrap Ooze","player_choice":"Success","floor":6.0,"gold_loss":0.0,"damage_taken":18.0,"relics_obtained":["Art of War"]}],"is_beta":false,"boss_relics":[],"items_purged_floors":[2,5],"is_endless":false,"potions_floor_spawned":[4,13],"killed_by":"Slime Boss","ascension_level":20}