{"gold_per_floor":[118,135,148,73,84,84,84,117,117,117,142,142,181,202,202,298,298,317,47,47,70,94,138,138,172,226,244,288,301,322,366,366,366,366,391,391,411,411,24,24,58,58,106,149,149,182,198,88,88,88,88,88,88,25,58,58],"floor_reached":57,"playtime":2918,"items_purged":["Thunderclap","Feed","Fiend Fire+1"],"score":3935,"play_id":"8527eb93-2c29-4bcb-8dbf-04e8d050d839","local_time":"20190824144544","daily_mods":["SealedDeck"],"is_ascension_mode":true,"campfire_choices":[{"data":"Armaments","floor":6.0,"key":"SMITH"},{"data":"True Grit","floor":10.0,"key":"SMITH"},{"data":"Body Slam","floor":15.0,"key":"SMITH"},{"data":"Corruption","floor":24.0,"key":"SMITH"},{"data":"Burning Pact","floor":32.0,"key":"SMITH"},{"floor":40.0,"key":"RECALL"},{"data":"Battle Trance","floor":42.0,"key":"SMITH"},{"data":"Second Wind","floor":45.0,"key":"SMITH"},{"data":"Fiend Fire","floor":49.0,"key":"SMITH"},{"data":"Power Through","floor":53.0,"key":"SMITH"}],"neow_cost":"","seed_source_timestamp":0,"circlet_count":0,"master_deck":["AscendersBane","True Grit+1","Burning Pact+1","Body Slam+1","Armaments+1","Power Through+1","Battle Trance+1","Seeing Red","Corruption+1","Entrench","Havoc+1","Second Wind+1","Disarm+1"],"special_seed":0,"relics":["Burning Blood","Golden Idol","Question Card","FossilizedHelix","Dead Branch","Empty Cage","Matryoshka","Self Forming Clay","Paper Frog","Blood Vial","Kunai","Letter Opener","Mark of Pain","CultistMask","Ancient Tea Set","Singing Bowl","Membership Card","Potion Belt","Nunchaku","Lantern","StoneCalendar","Dodecahedron","OrangePellets","Oddly Smooth Stone"],"potions_floor_usage":[56,56,56],"damage_taken":[{"damage":0.0,"enemies":"Small Slimes","floor":1.0,"turns":3.0},{"damage":0.0,"enemies":"2 Louse","floor":2.0,"turns":2.0},{"damage":0.0,"enemies":"Cultist","floor":3.0,"turns":3.0},{"damage":0.0,"enemies":"Red Slaver","floor":5.0,"turns":2.0},{"damage":0.0,"enemies":"Gremlin Nob","floor":8.0,"turns":3.0},{"damage":0.0,"enemies":"Exordium Thugs","floor":11.0,"turns":5.0},{"damage":0.0,"enemies":"Lagavulin","floor":13.0,"turns":3.0},{"damage":4.0,"enemies":"Lots of Slimes","floor":14.0,"turns":4.0},{"damage":0.0,"enemies":"The Guardian","floor":16.0,"turns":7.0},{"damage":0.0,"enemies":"3 Byrds","floor":18.0,"turns":6.0},{"damage":0.0,"enemies":"Spheric Guardian","floor":21.0,"turns":4.0},{"damage":0.0,"enemies":"Cultist and Chosen","floor":22.0,"turns":2.0},{"damage":30.0,"enemies":"Slavers","floor":23.0,"turns":5.0},{"damage":0.0,"enemies":"Book of Stabbing","floor":25.0,"turns":4.0},{"damage":1.0,"enemies":"Centurion and Healer","floor":27.0,"turns":4.0},{"damage":0.0,"enemies":"Slavers","floor":28.0,"turns":2.0},{"damage":0.0,"enemies":"3 Cultists","floor":29.0,"turns":4.0},{"damage":10.0,"enemies":"Snecko","floor":30.0,"turns":4.0},{"damage":0.0,"enemies":"Book of Stabbing","floor":31.0,"turns":3.0},{"damage":2.0,"enemies":"Collector","floor":33.0,"turns":5.0},{"damage":0.0,"enemies":"3 Shapes","floor":35.0,"turns":4.0},{"damage":0.0,"enemies":"3 Darklings","floor":37.0,"turns":1.0},{"damage":0.0,"enemies":"Nemesis","floor":41.0,"turns":1.0},{"damage":0.0,"enemies":"Reptomancer","floor":44.0,"turns":1.0},{"damage":0.0,"enemies":"Nemesis","floor":46.0,"turns":1.0},{"damage":0.0,"enemies":"Jaw Worm Horde","floor":47.0,"turns":2.0},{"damage":0.0,"enemies":"Time Eater","floor":50.0,"turns":4.0},{"damage":0.0,"enemies":"Awakened One","floor":51.0,"turns":8.0},{"damage":0.0,"enemies":"Shield and Spear","floor":55.0,"turns":1.0},{"damage":0,"enemies":"The Heart","floor":56,"turns":6}],"seed_played":"769538080882706580","potions_obtained":[{"floor":2.0,"key":"FearPotion"},{"floor":5.0,"key":"Regen Potion"},{"floor":13.0,"key":"SteroidPotion"},{"floor":21.0,"key":"Ancient Potion"},{"floor":22.0,"key":"EssenceOfSteel"},{"floor":28.0,"key":"Explosive Potion"},{"floor":41.0,"key":"Swift Potion"},{"floor":46.0,"key":"Dexterity Potion"},{"floor":47.0,"key":"Ancient Potion"},{"floor":55.0,"key":"Regen Potion"}],"is_trial":true,"path_per_floor":["M","M","M","$","M","R","?","E","T","R","M","?","E","M","R","B",null,"M","$","?","M","M","E","R","E","T","M","E","M","M","E","R","B",null,"M","?","M","T","$","R","E","R","T","E","R","E","M","$","R","B","B",null,"R","$","E","B",null],"character_chosen":"IRONCLAD","items_purchased":["Matryoshka","Membership Card","Potion Belt","Swift Potion","OrangePellets"],"campfire_rested":0,"item_purchase_floors":[19,39,39,39,48],"current_hp_per_floor":[74,75,75,75,75,75,49,64,64,64,70,70,75,75,75,75,75,75,75,75,79,83,63,63,73,73,83,91,97,93,100,100,104,104,104,104,107,107,107,107,107,107,107,109,109,111,111,111,111,111,111,111,111,111,113,113],"gold":58,"neow_bonus":"","is_prod":false,"is_daily":false,"chose_seed":false,"campfire_upgraded":9,"win_rate":0,"timestamp":1566629144,"path_taken":["M","M","M","$","M","R","?","E","T","R","M","?","E","M","R","BOSS","M","$","?","M","M","E","R","E","T","M","E","M","M","E","R","BOSS","M","?","?","?","$","R","E","R","T","E","R","E","M","$","R","BOSS","BOSS","R","$","E","BOSS"],"build_version":"2019-08-23","purchased_purges":3,"victory":true,"max_hp_per_floor":[75,75,75,75,75,75,75,75,75,75,75,75,75,75,75,75,75,75,75,75,79,83,87,87,91,91,94,94,97,97,100,100,104,104,104,104,107,107,107,107,107,107,107,109,109,111,111,111,111,111,111,111,111,111,113,113],"card_choices":[{"not_picked":["Cleave","Ghostly Armor","Searing Blow"],"picked":"SKIP","floor":1.0},{"not_picked":["Havoc","Whirlwind","Iron Wave"],"picked":"SKIP","floor":2.0},{"not_picked":["Sever Soul","Perfected Strike","Armaments"],"picked":"SKIP","floor":3.0},{"not_picked":["Carnage","Havoc"],"picked":"Battle Trance","floor":5.0},{"not_picked":["Metallicize","Intimidate","Body Slam"],"picked":"SKIP","floor":8.0},{"not_picked":["Searing Blow","Carnage","Body Slam","Reckless Charge"],"picked":"SKIP","floor":11.0},{"not_picked":["Rampage","Intimidate","Havoc","Fiend Fire"],"picked":"SKIP","floor":13.0},{"not_picked":["Rampage","Intimidate","Havoc"],"picked":"Fiend Fire","floor":13.0},{"not_picked":["Carnage","Shrug It Off","Anger","Havoc"],"picked":"SKIP","floor":14.0},{"not_picked":["Immolate","Fiend Fire","Demon Form"],"picked":"Feed","floor":16.0},{"not_picked":["Pommel Strike","Clothesline","Sword Boomerang+1"],"picked":"Seeing Red","floor":18.0},{"not_picked":["Flex","Headbutt","Anger+1"],"picked":"Corruption","floor":21.0},{"not_picked":["Spot Weakness","Warcry","Cleave","Wild Strike"],"picked":"SKIP","floor":22.0},{"not_picked":["True Grit","Pommel Strike+1","Carnage","Heavy Blade+1"],"picked":"SKIP","floor":23.0},{"not_picked":["Thunderclap","Warcry","Double Tap","Wild Strike"],"picked":"SKIP","floor":25.0},{"not_picked":["True Grit","Dropkick","Perfected Strike","Shrug It Off"],"picked":"SKIP","floor":27.0},{"not_picked":["Armaments","Anger","Flex","Perfected Strike"],"picked":"SKIP","floor":28.0},{"not_picked":["Exhume","Twin Strike","Heavy Blade"],"picked":"Entrench","floor":29.0},{"not_picked":["Carnage","Body Slam","Heavy Blade","Rage"],"picked":"SKIP","floor":30.0},{"not_picked":["Headbutt","Clothesline+1","Combust","Metallicize"],"picked":"SKIP","floor":31.0},{"not_picked":["Burning Pact","Clash","Infernal Blade+1"],"picked":"Havoc+1","floor":35.0},{"not_picked":["Pummel","Warcry","Shrug It Off","Flex+1"],"picked":"SKIP","floor":37.0},{"not_picked":["Flame Barrier+1","Infernal Blade","Reckless Charge"],"picked":"Second Wind","floor":41.0},{"not_picked":["Shrug It Off","Flex","Anger+1","Burning Pact"],"picked":"Singing Bowl","floor":44.0},{"not_picked":["Juggernaut","Sword Boomerang+1","Brutality","Demon Form"],"picked":"Singing Bowl","floor":46.0},{"not_picked":["Warcry+1","Rupture","Wild Strike"],"picked":"Disarm+1","floor":47.0},{"not_picked":["Rage+1","Thunderclap","Twin Strike","Pommel Strike"],"picked":"Singing Bowl","floor":55.0}],"player_experience":3095323,"relics_obtained":[{"floor":8.0,"key":"Question Card"},{"floor":9.0,"key":"FossilizedHelix"},{"floor":13.0,"key":"Dead Branch"},{"floor":23.0,"key":"Self Forming Clay"},{"floor":25.0,"key":"Paper Frog"},{"floor":26.0,"key":"Blood Vial"},{"floor":28.0,"key":"Kunai"},{"floor":31.0,"key":"Letter Opener"},{"floor":38.0,"key":"Ancient Tea Set"},{"floor":38.0,"key":"Singing Bowl"},{"floor":41.0,"key":"Nunchaku"},{"floor":43.0,"key":"Lantern"},{"floor":44.0,"key":"StoneCalendar"},{"floor":46.0,"key":"Dodecahedron"},{"floor":55.0,"key":"Oddly Smooth Stone"}],"event_choices":[{"damage_healed":0.0,"max_hp_gain":0.0,"max_hp_loss":0.0,"gold_gain":0.0,"event_name":"Golden Idol","player_choice":"Take Damage","floor":7.0,"gold_loss":0.0,"damage_taken":26.0,"relics_obtained":["Golden Idol"]},{"cards_removed":["Shrug It Off"],"damage_healed":0.0,"max_hp_gain":0.0,"max_hp_loss":0.0,"gold_gain":0.0,"event_name":"Living Wall","player_choice":"Forget","floor":12.0,"gold_loss":0.0,"damage_taken":0.0},{"cards_removed":["Inflame"],"damage_healed":0.0,"max_hp_gain":0.0,"max_hp_loss":0.0,"gold_gain":0.0,"event_name":"Purifier","player_choice":"Purged","floor":20.0,"gold_loss":0.0,"damage_taken":0.0},{"damage_healed":0.0,"max_hp_gain":0.0,"max_hp_loss":0.0,"gold_gain":0.0,"event_name":"FaceTrader","player_choice":"Trade","floor":36.0,"gold_loss":0.0,"damage_taken":0.0,"relics_obtained":["CultistMask"]}],"is_beta":true,"boss_relics":[{"not_picked":["Snecko Eye","Runic Dome"],"picked":"Empty Cage"},{"not_picked":["Orrery","Sozu"],"picked":"Mark of Pain"}],"items_purged_floors":[4,39,54],"is_endless":false,"potions_floor_spawned":[2,5,13,21,22,23,28,41,46,47,55],"ascension_level":20}