{"gold_per_floor":[115,115,115,40,59,59,69,69,69,39,39,50,113,131,131,204,204,224,23,37,49,49,49,65,79,102,134,153,153,184,210,210,289,289,302,312,26,40,0,30,84,84,84,125,137,149,195,225,237,249,261,273,285,39,67,67],"floor_reached":57,"playtime":3560,"items_purged":["Strike_G","Strike_G","All Out Attack+1","Adrenaline+1"],"score":3535,"play_id":"b51e326d-b540-4e4e-9116-91e0a055c636","local_time":"20190526172235","is_ascension_mode":true,"campfire_choices":[{"data":"All Out Attack","floor":6.0,"key":"SMITH"},{"data":"Neutralize","floor":8.0,"key":"SMITH"},{"data":"Well Laid Plans","floor":11.0,"key":"SMITH"},{"data":"Backflip","floor":15.0,"key":"SMITH"},{"data":"Dodge and Roll","floor":23.0,"key":"SMITH"},{"floor":29.0,"key":"RECALL"},{"data":"Survivor","floor":32.0,"key":"SMITH"},{"data":"Defend_G","floor":42.0,"key":"SMITH"},{"data":"Grand Finale","floor":46.0,"key":"SMITH"},{"data":"Defend_G","floor":49.0,"key":"SMITH"},{"data":"Defend_G","floor":53.0,"key":"SMITH"}],"neow_cost":"PERCENT_DAMAGE","seed_source_timestamp":0,"circlet_count":0,"master_deck":["AscendersBane","Defend_G+1","Defend_G+1","Defend_G+1","Survivor+1","Neutralize+1","Dodge and Roll+1","Well Laid Plans+1","Backflip+1","Corpse Explosion+1","Reflex+1","Adrenaline+1","Footwork+1","Skewer+1","Acrobatics+1","Purity+1","Prepared+1","Outmaneuver+1","PiercingWail+1","Grand Finale+1","Flash of Steel"],"special_seed":0,"relics":["Ring of the Snake","Toxic Egg 2","Tiny Chest","Astrolabe","Dodecahedron","Snake Skull","Coffee Dripper","Bag of Preparation","Red Mask","Shuriken","Tough Bandages","MawBank","Bag of Marbles","Mummified Hand","Tingsha"],"potions_floor_usage":[56],"damage_taken":[{"damage":3.0,"enemies":"Jaw Worm","floor":1.0,"turns":5.0},{"damage":8.0,"enemies":"Small Slimes","floor":5.0,"turns":6.0},{"damage":0.0,"enemies":"Cultist","floor":7.0,"turns":3.0},{"damage":0.0,"enemies":"Looter","floor":12.0,"turns":3.0},{"damage":12.0,"enemies":"3 Sentries","floor":13.0,"turns":10.0},{"damage":7.0,"enemies":"Gremlin Gang","floor":14.0,"turns":3.0},{"damage":10.0,"enemies":"Slime Boss","floor":16.0,"turns":7.0},{"damage":0.0,"enemies":"Chosen","floor":18.0,"turns":3.0},{"damage":7.0,"enemies":"2 Thieves","floor":20.0,"turns":3.0},{"damage":0.0,"enemies":"Snake Plant","floor":21.0,"turns":4.0},{"damage":2.0,"enemies":"Snecko","floor":24.0,"turns":3.0},{"damage":0.0,"enemies":"3 Cultists","floor":25.0,"turns":1.0},{"damage":0.0,"enemies":"Gremlin Leader","floor":27.0,"turns":4.0},{"damage":0.0,"enemies":"Centurion and Healer","floor":28.0,"turns":4.0},{"damage":6.0,"enemies":"Slavers","floor":30.0,"turns":2.0},{"damage":0.0,"enemies":"Collector","floor":33.0,"turns":6.0},{"damage":1.0,"enemies":"3 Darklings","floor":35.0,"turns":4.0},{"damage":0.0,"enemies":"3 Shapes","floor":36.0,"turns":2.0},{"damage":0.0,"enemies":"Transient","floor":38.0,"turns":6.0},{"damage":0.0,"enemies":"Reptomancer","floor":40.0,"turns":5.0},{"damage":0.0,"enemies":"2 Orb Walkers","floor":41.0,"turns":3.0},{"damage":0.0,"enemies":"Giant Head","floor":44.0,"turns":4.0},{"damage":0.0,"enemies":"Reptomancer","floor":47.0,"turns":3.0},{"damage":0.0,"enemies":"Maw","floor":48.0,"turns":3.0},{"damage":0.0,"enemies":"Donu and Deca","floor":50.0,"turns":3.0},{"damage":0.0,"enemies":"Time Eater","floor":51.0,"turns":4.0},{"damage":0.0,"enemies":"Shield and Spear","floor":55.0,"turns":2.0},{"damage":0,"enemies":"The Heart","floor":56,"turns":7}],"seed_played":"-3792004397964656734","potions_obtained":[{"floor":1.0,"key":"SpeedPotion"},{"floor":10.0,"key":"Regen Potion"},{"floor":10.0,"key":"SteroidPotion"},{"floor":12.0,"key":"Explosive Potion"},{"floor":20.0,"key":"SpeedPotion"},{"floor":21.0,"key":"FearPotion"},{"floor":28.0,"key":"Dexterity Potion"},{"floor":48.0,"key":"Swift Potion"}],"is_trial":false,"path_per_floor":["M","?","?","$","M","R","M","R","T","?","R","M","E","M","R","B",null,"M","$","M","M","?","R","M","M","T","E","M","R","E","T","R","B",null,"M","M","$","M","?","E","?","R","T","E","$","R","E","M","R","B","B",null,"R","$","E","B",null],"character_chosen":"THE_SILENT","items_purchased":["Purity+1","Bag of Preparation","Flash of Steel"],"campfire_rested":0,"item_purchase_floors":[19,37,54],"current_hp_per_floor":[41,63,63,63,55,55,55,55,55,55,55,55,43,36,36,26,56,56,56,49,49,49,49,47,47,47,47,47,47,41,41,41,41,60,59,59,59,59,59,59,59,59,59,59,59,59,59,59,59,59,59,64,64,64,64,64],"gold":67,"neow_bonus":"TRANSFORM_TWO_CARDS","is_prod":false,"is_daily":false,"chose_seed":false,"campfire_upgraded":10,"win_rate":0,"timestamp":1558862555,"path_taken":["M","?","?","$","?","R","M","R","T","?","R","M","E","?","R","BOSS","M","?","M","M","?","R","M","M","T","E","M","R","E","?","R","BOSS","M","M","$","M","?","E","?","R","T","E","$","R","E","M","R","BOSS","BOSS","R","$","E","BOSS"],"build_version":"2019-05-24v2","purchased_purges":4,"victory":true,"max_hp_per_floor":[66,66,66,66,66,66,66,66,66,66,66,66,66,66,66,66,66,66,66,66,66,66,66,66,66,66,66,66,66,66,66,66,66,66,66,66,66,66,66,66,66,66,66,66,66,66,66,66,66,66,66,66,66,66,66,66],"card_choices":[{"not_picked":["Crippling Poison","Bane","Setup"],"picked":"SKIP","floor":1.0},{"not_picked":["Sucker Punch","Dagger Throw"],"picked":"Well Laid Plans","floor":5.0},{"not_picked":["Infinite Blades","Caltrops"],"picked":"Backflip","floor":7.0},{"not_picked":["Blade Dance+1","Deflect+1","Sucker Punch"],"picked":"SKIP","floor":12.0},{"not_picked":["Heel Hook","Dagger Spray"],"picked":"Corpse Explosion+1","floor":13.0},{"not_picked":["Bane","Deadly Poison+1"],"picked":"Reflex+1","floor":14.0},{"not_picked":["Phantasmal Killer+1","Unload"],"picked":"Adrenaline+1","floor":16.0},{"not_picked":["Deadly Poison+1","Endless Agony"],"picked":"Acrobatics+1","floor":18.0},{"not_picked":["Blade Dance+1","Underhanded Strike+1","Acrobatics+1"],"picked":"SKIP","floor":20.0},{"not_picked":["Flying Knee","Infinite Blades+1"],"picked":"Prepared+1","floor":21.0},{"not_picked":["Distraction+1","Bouncing Flask+1","Deadly Poison+1"],"picked":"SKIP","floor":24.0},{"not_picked":["Blade Dance+1","Prepared+1"],"picked":"Outmaneuver+1","floor":25.0},{"not_picked":["Deadly Poison+1","Cloak And Dagger+1","Slice"],"picked":"SKIP","floor":27.0},{"not_picked":["Sucker Punch+1","Reflex+1","Dash+1"],"picked":"SKIP","floor":28.0},{"not_picked":["Dagger Throw","Well Laid Plans","Bane"],"picked":"SKIP","floor":30.0},{"not_picked":["Cloak And Dagger+1","Masterful Stab"],"picked":"PiercingWail+1","floor":35.0},{"not_picked":["Blade Dance+1","Acrobatics+1","Sucker Punch"],"picked":"SKIP","floor":36.0},{"not_picked":["All Out Attack+1","Noxious Fumes","Reflex+1"],"picked":"SKIP","floor":38.0},{"not_picked":["Reflex+1","Eviscerate","Expertise+1"],"picked":"SKIP","floor":40.0},{"not_picked":["Deadly Poison+1","Noxious Fumes"],"picked":"Grand Finale","floor":44.0},{"not_picked":["Underhanded Strike","PiercingWail+1","Blade Dance+1"],"picked":"SKIP","floor":47.0},{"not_picked":["Deadly Poison+1","Sucker Punch","Backflip+1"],"picked":"SKIP","floor":48.0},{"not_picked":["Dodge and Roll+1","Poisoned Stab","Infinite Blades"],"picked":"SKIP","floor":55.0}],"player_experience":3039023,"relics_obtained":[{"floor":9.0,"key":"Toxic Egg 2"},{"floor":13.0,"key":"Tiny Chest"},{"floor":30.0,"key":"Dodecahedron"},{"floor":31.0,"key":"Snake Skull"},{"floor":40.0,"key":"Shuriken"},{"floor":41.0,"key":"Tough Bandages"},{"floor":43.0,"key":"MawBank"},{"floor":44.0,"key":"Bag of Marbles"},{"floor":47.0,"key":"Mummified Hand"},{"floor":55.0,"key":"Tingsha"}],"event_choices":[{"damage_healed":22.0,"max_hp_gain":0.0,"max_hp_loss":0.0,"gold_gain":0.0,"event_name":"Big Fish","player_choice":"Banana","floor":2.0,"gold_loss":0.0,"damage_taken":0.0},{"damage_healed":0.0,"max_hp_gain":0.0,"max_hp_loss":0.0,"gold_gain":0.0,"event_name":"Match and Keep!","player_choice":"0 cards matched","floor":3.0,"gold_loss":0.0,"damage_taken":0.0,"cards_obtained":[]},{"damage_healed":0.0,"max_hp_gain":0.0,"max_hp_loss":0.0,"gold_gain":0.0,"event_name":"The Woman in Blue","player_choice":"Bought 2 Potions","floor":10.0,"gold_loss":0.0,"damage_taken":0.0},{"damage_healed":0.0,"max_hp_gain":0.0,"max_hp_loss":0.0,"gold_gain":0.0,"event_name":"Vampires","player_choice":"Ignored","floor":22.0,"gold_loss":0.0,"damage_taken":0.0},{"damage_healed":0.0,"max_hp_gain":0.0,"max_hp_loss":0.0,"gold_gain":0.0,"event_name":"Tomb of Lord Red Mask","player_choice":"Paid","floor":39.0,"gold_loss":40.0,"damage_taken":0.0,"relics_obtained":["Red Mask"]},{"damage_healed":0.0,"max_hp_gain":0.0,"max_hp_loss":0.0,"gold_gain":0.0,"event_name":"Mysterious Sphere","player_choice":"Fight","floor":41.0,"gold_loss":0.0,"damage_taken":0.0}],"is_beta":true,"boss_relics":[{"not_picked":["Empty Cage","Orrery"],"picked":"Astrolabe"},{"not_picked":["Calling Bell","HoveringKite"],"picked":"Coffee Dripper"}],"items_purged_floors":[4,19,37,54],"is_endless":false,"potions_floor_spawned":[1,12,14,20,21,28,40,41,44,48],"ascension_level":20}