{"gold_per_floor":[114,125,125,18,18,57,80,80,80,121,46,67,67,83,83,83],"floor_reached":16,"playtime":346,"items_purged":["Strike_G"],"score":270,"play_id":"95c8e6c5-5c9e-4f1a-bed1-9bfeffcd8115","local_time":"20190826145115","is_ascension_mode":true,"campfire_choices":[{"data":"Acrobatics","floor":8.0,"key":"SMITH"},{"data":"Tactician","floor":13,"key":"SMITH"},{"data":"Burst","floor":15,"key":"SMITH"}],"neow_cost":"NONE","seed_source_timestamp":404583875392220,"circlet_count":0,"master_deck":["AscendersBane","Strike_G","Strike_G","Strike_G","Defend_G","Defend_G","Defend_G","Defend_G","Defend_G","Survivor","Neutralize","PiercingWail","Tactician+1","Escape Plan","Acrobatics+1","Corpse Explosion","Backflip","Escape Plan","Burst+1","Masterful Stab"],"special_seed":0,"relics":["Ring of the Snake","NeowsBlessing","Golden Idol","Mummified Hand","Pear","Frozen Egg 2"],"potions_floor_usage":[16,16],"damage_taken":[{"damage":0.0,"enemies":"Cultist","floor":1.0,"turns":1.0},{"damage":0.0,"enemies":"Jaw Worm","floor":2.0,"turns":1.0},{"damage":0.0,"enemies":"Lagavulin","floor":6.0,"turns":1.0},{"damage":1.0,"enemies":"2 Louse","floor":7.0,"turns":2.0},{"damage":32.0,"enemies":"Gremlin Nob","floor":10.0,"turns":4.0},{"damage":24,"enemies":"Large Slime","floor":12,"turns":8},{"damage":0,"enemies":"2 Fungi Beasts","floor":14,"turns":4},{"damage":13,"enemies":"Slime Boss","floor":16,"turns":6}],"seed_played":"2146656001347037937","potions_obtained":[{"floor":2.0,"key":"Swift Potion"},{"floor":10.0,"key":"Strength Potion"},{"floor":12,"key":"SpeedPotion"}],"is_trial":false,"path_per_floor":["M","M","?","$","?","E","M","R","T","E","$","M","R","M","R","B"],"character_chosen":"THE_SILENT","items_purchased":["Acrobatics","Fire Potion"],"campfire_rested":0,"item_purchase_floors":[4,4],"current_hp_per_floor":[59,59,59,59,59,59,58,58,68,36,36,12,12,12,12,0],"gold":83,"neow_bonus":"THREE_ENEMY_KILL","is_prod":false,"is_daily":false,"chose_seed":false,"campfire_upgraded":3,"win_rate":0,"timestamp":1566798675,"path_taken":["M","M","?","$","?","E","M","R","T","E","$","?","R","M","R","BOSS"],"build_version":"2019-07-17","purchased_purges":1,"victory":false,"max_hp_per_floor":[66,66,66,66,60,60,60,60,70,70,70,70,70,70,70,70],"card_choices":[{"not_picked":["Dagger Throw","Flying Knee"],"picked":"PiercingWail","floor":1.0},{"not_picked":["Bouncing Flask","Sucker Punch"],"picked":"Tactician","floor":2.0},{"not_picked":["Endless Agony","Slice"],"picked":"Corpse Explosion","floor":6.0},{"not_picked":["Flying Knee","Prepared","Backflip"],"picked":"SKIP","floor":7.0},{"not_picked":["Flying Knee","Prepared"],"picked":"Backflip","floor":7.0},{"not_picked":["Flying Knee","Deadly Poison"],"picked":"Escape Plan","floor":10.0},{"not_picked":["PiercingWail","Flying Knee"],"picked":"Burst","floor":12},{"not_picked":["Tactician","Dagger Throw"],"picked":"Masterful Stab","floor":14}],"player_experience":988232,"relics_obtained":[{"floor":6.0,"key":"Mummified Hand"},{"floor":9.0,"key":"Pear"},{"floor":10.0,"key":"Frozen Egg 2"}],"event_choices":[{"damage_healed":0.0,"max_hp_gain":0.0,"max_hp_loss":0.0,"gold_gain":0.0,"cards_transformed":["Strike_G"],"event_name":"Living Wall","player_choice":"Change","floor":3.0,"gold_loss":0.0,"damage_taken":0.0,"cards_obtained":["Escape Plan"]},{"damage_healed":0.0,"max_hp_gain":0.0,"max_hp_loss":6.0,"gold_gain":0.0,"event_name":"Golden Idol","player_choice":"Lose Max HP","floor":5.0,"gold_loss":0.0,"damage_taken":0.0,"relics_obtained":["Golden Idol"]}],"is_beta":false,"boss_relics":[],"items_purged_floors":[11],"is_endless":false,"potions_floor_spawned":[2,10,12],"killed_by":"Slime Boss","ascension_level":20}