{"gold_per_floor":[110,110,121,121,46,46,71,71,71,84,99,99,133,58,58,133,133,144,144],"floor_reached":19,"playtime":744,"items_purged":["Strike_B"],"score":400,"play_id":"358e8749-4931-44e4-b248-53055782f511","local_time":"20190406144246","is_ascension_mode":true,"campfire_choices":[{"data":"Consume","floor":6.0,"key":"SMITH"},{"data":"Coolheaded","floor":8.0,"key":"SMITH"},{"data":"Coolheaded","floor":15.0,"key":"SMITH"}],"neow_cost":"TEN_PERCENT_HP_LOSS","seed_source_timestamp":0,"circlet_count":0,"master_deck":["AscendersBane","Strike_B+1","Defend_B","Defend_B","Defend_B","Defend_B","Zap","Dualcast+1","Coolheaded+1","Genetic Algorithm","Consume+1","Coolheaded+1","Static Discharge","Skim","Creative AI"],"special_seed":0,"relics":["Cracked Core","StoneCalendar","Blue Candle","Mummified Hand","Snecko Eye"],"potions_floor_usage":[19,19],"damage_taken":[{"damage":1.0,"enemies":"Small Slimes","floor":1.0,"turns":4.0},{"damage":3.0,"enemies":"Jaw Worm","floor":3.0,"turns":5.0},{"damage":20.0,"enemies":"3 Sentries","floor":7.0,"turns":7.0},{"damage":6.0,"enemies":"2 Louse","floor":10.0,"turns":5.0},{"damage":3.0,"enemies":"Large Slime","floor":11.0,"turns":7.0},{"damage":0.0,"enemies":"Lagavulin","floor":13.0,"turns":7.0},{"damage":7.0,"enemies":"Hexaghost","floor":16.0,"turns":9.0},{"damage":0.0,"enemies":"Chosen","floor":18.0,"turns":5.0},{"damage":10,"enemies":"Colosseum Slavers","floor":19,"turns":7},{"damage":39,"enemies":"Colosseum Nobs","floor":19,"turns":3}],"seed_played":"654451182317318203","potions_obtained":[{"floor":7.0,"key":"Swift Potion"},{"floor":11.0,"key":"AttackPotion"},{"floor":18.0,"key":"Poison Potion"}],"is_trial":false,"path_per_floor":["M","?","M","T","$","R","E","R","T","M","M","?","E","?","R","B",null,"M","?"],"character_chosen":"DEFECT","items_purchased":[],"campfire_rested":0,"item_purchase_floors":[],"current_hp_per_floor":[63,63,60,60,60,60,40,40,40,34,31,12,12,12,12,5,49,49,0],"gold":144,"neow_bonus":"ONE_RARE_RELIC","is_prod":false,"is_daily":false,"chose_seed":true,"campfire_upgraded":3,"win_rate":0,"timestamp":1554532966,"path_taken":["M","?","M","?","$","R","E","R","T","M","M","?","E","?","R","BOSS","M","?"],"build_version":"2019-04-04","purchased_purges":1,"victory":false,"max_hp_per_floor":[64,64,64,64,64,64,64,64,64,64,64,64,64,64,64,64,64,64,64],"card_choices":[{"not_picked":["Ball Lightning","Sweeping Beam"],"picked":"Coolheaded","floor":1.0},{"not_picked":["Turbo","Auto Shields"],"picked":"Consume","floor":3.0},{"not_picked":["Auto Shields","Double Energy","Leap"],"picked":"SKIP","floor":7.0},{"not_picked":["Rip and Tear","Melter"],"picked":"Coolheaded","floor":10.0},{"not_picked":["Melter","Cold Snap"],"picked":"Static Discharge","floor":11.0},{"not_picked":["Barrage","Darkness"],"picked":"Skim","floor":13.0},{"not_picked":["Electrodynamics","Machine Learning"],"picked":"Creative AI","floor":16.0},{"not_picked":["Conserve Battery","Reprogram","Compile Driver"],"picked":"SKIP","floor":18.0}],"player_experience":2995362,"relics_obtained":[{"floor":9.0,"key":"Blue Candle"},{"floor":13.0,"key":"Mummified Hand"}],"event_choices":[{"damage_healed":0.0,"max_hp_gain":0.0,"max_hp_loss":0.0,"gold_gain":0.0,"cards_transformed":["Strike_B"],"event_name":"Living Wall","player_choice":"Change","floor":2.0,"gold_loss":0.0,"damage_taken":0.0,"cards_obtained":["Genetic Algorithm"]},{"damage_healed":0.0,"max_hp_gain":0.0,"max_hp_loss":0.0,"gold_gain":0.0,"event_name":"Shining Light","player_choice":"Entered Light","floor":12.0,"gold_loss":0.0,"damage_taken":19.0,"cards_upgraded":["Dualcast","Strike_B"]},{"cards_removed":["Strike_B"],"damage_healed":0.0,"max_hp_gain":0.0,"max_hp_loss":0.0,"gold_gain":0.0,"event_name":"The Cleric","player_choice":"Card Removal","floor":14.0,"gold_loss":75.0,"damage_taken":0.0},{"damage_healed":0,"gold_gain":0,"player_choice":"Fight","damage_taken":0,"max_hp_gain":0,"max_hp_loss":0,"event_name":"Colosseum","floor":19,"gold_loss":0},{"damage_healed":0,"gold_gain":0,"player_choice":"Fought Nobs","damage_taken":0,"max_hp_gain":0,"max_hp_loss":0,"event_name":"Colosseum","floor":19,"gold_loss":0}],"is_beta":true,"boss_relics":[{"not_picked":["Sozu","Pandora\u0027s Box"],"picked":"Snecko Eye"}],"items_purged_floors":[5],"is_endless":false,"potions_floor_spawned":[7,11,13,18],"killed_by":"Colosseum Nobs","ascension_level":20}