{"gold_per_floor":[109,128,142,142,158,158,2,2,2,32,32,52,52,0,0,100,150,164,164,179,179,179,179,211,211,211,4,4,20,20,20,20,20],"floor_reached":33,"playtime":1818,"items_purged":["Writhe"],"score":261,"play_id":"5ce116f9-828e-4d69-be0c-2fa5505f7ba8","local_time":"20190918060322","is_ascension_mode":false,"campfire_choices":[{"data":"Deadly Poison","floor":6,"key":"SMITH"},{"data":"Endless Agony","floor":8,"key":"SMITH"},{"floor":13,"key":"REST"},{"floor":15,"key":"REST"},{"data":"Dodge and Roll","floor":23,"key":"SMITH"},{"floor":28,"key":"REST"},{"floor":30,"key":"REST"},{"data":"Cloak And Dagger","floor":32,"key":"SMITH"}],"neow_cost":"NONE","seed_source_timestamp":1859984075500000,"circlet_count":0,"master_deck":["Strike_G","Strike_G","Strike_G","Strike_G","Strike_G","Defend_G","Defend_G","Defend_G","Defend_G","Defend_G+1","Survivor+1","Neutralize+1","Dodge and Roll+1","Endless Agony+1","Deadly Poison+1","Cloak And Dagger+1","Well Laid Plans","Adrenaline","Dodge and Roll+1","Deflect+1","Pain","Decay","Caltrops+1"],"relics":["Ring of the Snake","Juzu Bracelet","Bronze Scales","Question Card","Mercury Hourglass","War Paint","Tiny House","Oddly Smooth Stone","WarpedTongs","Dream Catcher","MawBank","Lantern"],"potions_floor_usage":[16,33,33],"damage_taken":[{"damage":4,"enemies":"Cultist","floor":1,"turns":4},{"damage":9,"enemies":"Jaw Worm","floor":2,"turns":5},{"damage":0,"enemies":"Small Slimes","floor":3,"turns":5},{"damage":3,"enemies":"Red Slaver","floor":5,"turns":6},{"damage":24,"enemies":"Gremlin Nob","floor":10,"turns":4},{"damage":1,"enemies":"Large Slime","floor":12,"turns":4},{"damage":48,"enemies":"Slime Boss","floor":16,"turns":13},{"damage":0,"enemies":"3 Byrds","floor":18,"turns":2},{"damage":2,"enemies":"Chosen","floor":20,"turns":5},{"damage":21,"enemies":"Book of Stabbing","floor":24,"turns":6},{"damage":7,"enemies":"Centurion and Healer","floor":29,"turns":9},{"damage":106,"enemies":"Collector","floor":33,"turns":14}],"seed_played":"992707843857744954","potions_obtained":[{"floor":2,"key":"SmokeBomb"},{"floor":5,"key":"Swift Potion"},{"floor":12,"key":"Fire Potion"},{"floor":17,"key":"FairyPotion"},{"floor":20,"key":"SpeedPotion"}],"is_trial":false,"path_per_floor":["M","M","M","?","M","R","$","R","T","E","?","M","R","?","R","B",null,"M","?","M","?","?","R","E","?","T","$","R","M","R","$","R","B"],"character_chosen":"THE_SILENT","items_purchased":["Bronze Scales","Lantern"],"campfire_rested":4,"item_purchase_floors":[7,27],"current_hp_per_floor":[66,57,57,57,54,54,54,54,54,30,30,29,50,50,70,22,75,75,75,73,59,59,59,38,38,38,38,62,55,79,79,79,0],"gold":20,"neow_bonus":"RANDOM_COMMON_RELIC","is_prod":false,"is_daily":false,"chose_seed":false,"campfire_upgraded":4,"win_rate":0,"timestamp":1568801002,"path_taken":["M","M","M","?","M","R","$","R","T","E","?","M","R","?","R","BOSS","M","?","M","?","?","R","E","?","T","$","R","M","R","?","R","BOSS"],"build_version":"2019-07-17","purchased_purges":1,"victory":false,"max_hp_per_floor":[70,70,70,70,70,70,70,70,70,70,70,70,70,70,70,70,75,75,75,75,80,80,80,80,80,80,80,80,80,80,80,80,80],"card_choices":[{"not_picked":["Flying Knee","Acrobatics"],"picked":"Dodge and Roll","floor":1},{"not_picked":["Tactician","Flechettes"],"picked":"Endless Agony","floor":2},{"not_picked":["Tactician","Deflect","Acrobatics"],"picked":"SKIP","floor":3},{"not_picked":["Accuracy","Finisher"],"picked":"Deadly Poison","floor":5},{"not_picked":["Dodge and Roll","Poisoned Stab","Blade Dance"],"picked":"Cloak And Dagger","floor":10},{"not_picked":["Deflect","Prepared","Wraith Form v2"],"picked":"Well Laid Plans","floor":12},{"not_picked":["After Image","Phantasmal Killer","Storm of Steel"],"picked":"Adrenaline","floor":16},{"not_picked":["Prepared","Slice","Bane"],"picked":"Dodge and Roll","floor":17},{"not_picked":["Bane","Catalyst","Flechettes"],"picked":"Deflect+1","floor":18},{"not_picked":["Poisoned Stab","Sucker Punch","All Out Attack","Expertise+1"],"picked":"SKIP","floor":20},{"not_picked":["Acrobatics","After Image","Outmaneuver","Bane"],"picked":"SKIP","floor":24},{"not_picked":["Sucker Punch","Deflect","Blur","Bane"],"picked":"SKIP","floor":29},{"not_picked":["Infinite Blades+1","Catalyst+1","Quick Slash"],"picked":"Caltrops+1","floor":30}],"player_experience":67603,"relics_obtained":[{"floor":9,"key":"Question Card"},{"floor":10,"key":"Mercury Hourglass"},{"floor":24,"key":"Dream Catcher"},{"floor":26,"key":"MawBank"}],"event_choices":[{"damage_healed":0,"gold_gain":0,"player_choice":"Grow","damage_taken":0,"max_hp_gain":0,"max_hp_loss":0,"event_name":"Living Wall","floor":4,"gold_loss":0,"cards_upgraded":["Neutralize"]},{"damage_healed":0,"gold_gain":0,"player_choice":"Ignored","damage_taken":0,"max_hp_gain":0,"max_hp_loss":0,"event_name":"Liars Game","floor":11,"gold_loss":0},{"damage_healed":0,"gold_gain":0,"player_choice":"Paid Gold","damage_taken":0,"relics_obtained":["War Paint"],"max_hp_gain":0,"max_hp_loss":0,"event_name":"WeMeetAgain","floor":14,"gold_loss":52},{"damage_healed":0,"gold_gain":0,"player_choice":"Opened","damage_taken":0,"relics_obtained":["Oddly Smooth Stone"],"max_hp_gain":0,"max_hp_loss":0,"event_name":"The Mausoleum","floor":19,"gold_loss":0,"cards_obtained":["Writhe"]},{"damage_healed":0,"gold_gain":0,"player_choice":"Shed Blood","damage_taken":19,"max_hp_gain":5,"max_hp_loss":0,"event_name":"Forgotten Altar","floor":21,"gold_loss":0},{"damage_healed":0,"gold_gain":0,"player_choice":"Rummage","damage_taken":0,"relics_obtained":["WarpedTongs"],"max_hp_gain":0,"max_hp_loss":0,"event_name":"Accursed Blacksmith","floor":22,"gold_loss":0,"cards_obtained":["Pain"]},{"damage_healed":0,"gold_gain":0,"player_choice":"Cursed","damage_taken":0,"max_hp_gain":0,"max_hp_loss":0,"event_name":"Wheel of Change","floor":25,"gold_loss":0,"cards_obtained":["Decay"]}],"is_beta":false,"boss_relics":[{"not_picked":["Empty Cage","HoveringKite"],"picked":"Tiny House"}],"items_purged_floors":[27],"is_endless":false,"potions_floor_spawned":[2,5,12,20,24],"killed_by":"Collector","ascension_level":0}