{"gold_per_floor":[113,130,130,150,162,162,178,178,226,68,68,68,95,113,113,185,185,199,199,210,210],"floor_reached":21,"playtime":753,"items_purged":["Strike_G"],"score":362,"play_id":"c1795808-7e19-4fae-9756-179d3149359b","local_time":"20190825220703","is_ascension_mode":true,"campfire_choices":[{"data":"A Thousand Cuts","floor":6.0,"key":"SMITH"},{"data":"Neutralize","floor":8.0,"key":"SMITH"},{"data":"Night Terror","floor":15.0,"key":"SMITH"}],"neow_cost":"TEN_PERCENT_HP_LOSS","seed_source_timestamp":343712794040720,"circlet_count":0,"master_deck":["AscendersBane","Strike_G","Strike_G","Strike_G","Defend_G","Defend_G","Defend_G","Defend_G","Defend_G","Survivor","Neutralize","A Thousand Cuts+1","PiercingWail","After Image","Neutralize+1","Impatience","Adrenaline","Night Terror+1","Acrobatics","Decay"],"special_seed":0,"relics":["Ring of the Snake","Smiling Mask","Mercury Hourglass","Black Star"],"potions_floor_usage":[],"damage_taken":[{"damage":4.0,"enemies":"Jaw Worm","floor":1.0,"turns":8.0},{"damage":10.0,"enemies":"Cultist","floor":2.0,"turns":7.0},{"damage":0.0,"enemies":"2 Louse","floor":4.0,"turns":2.0},{"damage":14.0,"enemies":"Gremlin Gang","floor":5.0,"turns":4.0},{"damage":0.0,"enemies":"2 Fungi Beasts","floor":7.0,"turns":3.0},{"damage":7.0,"enemies":"Lagavulin","floor":13.0,"turns":9.0},{"damage":10.0,"enemies":"Exordium Thugs","floor":14.0,"turns":4.0},{"damage":8.0,"enemies":"Slime Boss","floor":16.0,"turns":8.0},{"damage":7.0,"enemies":"Spheric Guardian","floor":18.0,"turns":4.0},{"damage":8.0,"enemies":"Shell Parasite","floor":20.0,"turns":11.0},{"damage":23,"enemies":"Snecko","floor":21,"turns":4}],"seed_played":"2349287540203915160","potions_obtained":[{"floor":4.0,"key":"Energy Potion"},{"floor":7.0,"key":"Strength Potion"},{"floor":14.0,"key":"SpeedPotion"}],"is_trial":false,"path_per_floor":["M","M","?","M","M","R","M","R","T","$","?","?","E","M","R","B",null,"M","?","M","M"],"character_chosen":"THE_SILENT","items_purchased":["Impatience"],"campfire_rested":0,"item_purchase_floors":[10],"current_hp_per_floor":[55,45,45,45,31,31,31,31,31,31,31,31,24,14,14,6,47,40,40,32,9],"gold":210,"neow_bonus":"THREE_RARE_CARDS","is_prod":false,"is_daily":false,"chose_seed":false,"campfire_upgraded":3,"win_rate":0,"timestamp":1566738423,"path_taken":["M","M","?","M","?","R","M","R","T","$","?","?","E","?","R","BOSS","M","?","M","M"],"build_version":"2019-07-17","purchased_purges":1,"victory":false,"max_hp_per_floor":[60,60,60,60,60,60,60,60,60,60,60,60,60,60,60,60,60,60,60,60,60],"card_choices":[{"not_picked":["Unload","Phantasmal Killer"],"picked":"A Thousand Cuts","floor":0.0},{"not_picked":["Cloak And Dagger","Catalyst","PiercingWail"],"picked":"SKIP","floor":1.0},{"not_picked":["Cloak And Dagger","Catalyst"],"picked":"PiercingWail","floor":1.0},{"not_picked":["Expertise","Dodge and Roll","Quick Slash"],"picked":"SKIP","floor":2.0},{"not_picked":["Concentrate","Slice","Bane"],"picked":"SKIP","floor":4.0},{"not_picked":["Dagger Spray","Poisoned Stab","Deadly Poison"],"picked":"SKIP","floor":5.0},{"not_picked":["Finisher","Backstab","Outmaneuver"],"picked":"SKIP","floor":7.0},{"not_picked":["Infinite Blades","Bane"],"picked":"Night Terror","floor":13.0},{"not_picked":["Quick Slash","Backflip"],"picked":"Acrobatics","floor":14.0},{"not_picked":["Bane","Flying Knee","Poisoned Stab"],"picked":"SKIP","floor":18.0},{"not_picked":["Sucker Punch","Dagger Throw","Cloak And Dagger"],"picked":"SKIP","floor":20.0}],"player_experience":985083,"relics_obtained":[{"floor":9.0,"key":"Smiling Mask"},{"floor":13.0,"key":"Mercury Hourglass"}],"event_choices":[{"damage_healed":0.0,"max_hp_gain":0.0,"max_hp_loss":0.0,"gold_gain":0.0,"event_name":"Match and Keep!","player_choice":"2 cards matched","floor":3.0,"gold_loss":0.0,"damage_taken":0.0,"cards_obtained":["After Image","Neutralize"]},{"damage_healed":0.0,"max_hp_gain":0.0,"max_hp_loss":0.0,"gold_gain":0.0,"event_name":"Liars Game","player_choice":"Ignored","floor":11.0,"gold_loss":0.0,"damage_taken":0.0},{"damage_healed":0.0,"max_hp_gain":0.0,"max_hp_loss":0.0,"gold_gain":0.0,"cards_transformed":["Strike_G"],"event_name":"Transmorgrifier","player_choice":"Transformed","floor":12.0,"gold_loss":0.0,"damage_taken":0.0,"cards_obtained":["Adrenaline"]},{"damage_healed":0.0,"max_hp_gain":0.0,"max_hp_loss":0.0,"gold_gain":0.0,"event_name":"Wheel of Change","player_choice":"Cursed","floor":19.0,"gold_loss":0.0,"damage_taken":0.0,"cards_obtained":["Decay"]}],"is_beta":false,"boss_relics":[{"not_picked":["Snecko Eye","Eternal Feather"],"picked":"Black Star"}],"items_purged_floors":[10],"is_endless":false,"potions_floor_spawned":[4,7,14],"killed_by":"Snecko","ascension_level":20}