{"gold_per_floor":[12,12,23,91,115,115,147,163,163,176,195,195,45,45],"floor_reached":14,"playtime":385,"items_purged":["Defend_B"],"score":162,"play_id":"7811c555-276d-4f25-8fd3-c895c83029f4","local_time":"20190130145045","is_ascension_mode":true,"campfire_choices":[{"data":"Zap","floor":6,"key":"SMITH"}],"neow_cost":"NO_GOLD","seed_source_timestamp":177174439232661,"circlet_count":0,"master_deck":["AscendersBane","Strike_B","Strike_B","Strike_B","Strike_B","Defend_B","Defend_B","Defend_B","Zap+1","Dualcast","Core Surge","Coolheaded","Seek","Sweeping Beam","Cold Snap","Glacier"],"relics":["Cracked Core","Happy Flower","Du-Vu Doll","Matryoshka"],"potions_floor_usage":[14],"damage_taken":[{"damage":1,"enemies":"Cultist","floor":1,"turns":3},{"damage":7,"enemies":"Jaw Worm","floor":3,"turns":3},{"damage":46,"enemies":"3 Sentries","floor":7,"turns":10},{"damage":1,"enemies":"2 Louse","floor":8,"turns":3},{"damage":0,"enemies":"Large Slime","floor":10,"turns":3},{"damage":5,"enemies":"2 Fungi Beasts","floor":11,"turns":3},{"damage":9,"enemies":"Exordium Wildlife","floor":14,"turns":2}],"seed_played":"8178582993543827110","potions_obtained":[{"floor":7,"key":"Weak Potion"},{"floor":10,"key":"Ancient Potion"},{"floor":11,"key":"Poison Potion"}],"is_trial":false,"path_per_floor":["M","?","M","?","T","R","E","M","T","M","M","?","$","M"],"character_chosen":"DEFECT","items_purchased":["Glacier"],"campfire_rested":0,"item_purchase_floors":[13],"current_hp_per_floor":[63,63,56,56,56,56,10,9,9,9,4,4,4,0],"gold":45,"neow_bonus":"THREE_RARE_CARDS","is_prod":false,"is_daily":false,"chose_seed":false,"campfire_upgraded":1,"win_rate":0,"timestamp":1548856245,"path_taken":["M","?","M","?","?","R","E","M","T","?","M","?","$","M"],"build_version":"2019-01-17v2","purchased_purges":1,"victory":false,"max_hp_per_floor":[71,71,71,71,71,71,71,71,71,71,71,71,71,71],"card_choices":[{"not_picked":["Thunder Strike","Echo Form"],"picked":"Core Surge","floor":0},{"not_picked":["Stack","Beam Cell","Scrape"],"picked":"SKIP","floor":1},{"not_picked":["Storm","Double Energy"],"picked":"Coolheaded","floor":3},{"not_picked":["Compile Driver","Sunder"],"picked":"Seek","floor":7},{"not_picked":["Barrage","Chill"],"picked":"Sweeping Beam","floor":8},{"not_picked":["Sweeping Beam","White Noise","Hello World"],"picked":"SKIP","floor":10},{"not_picked":["Barrage","Hello World"],"picked":"Cold Snap","floor":11}],"player_experience":1193964,"relics_obtained":[{"floor":5,"key":"Happy Flower"},{"floor":7,"key":"Du-Vu Doll"},{"floor":9,"key":"Matryoshka"}],"event_choices":[{"damage_healed":0,"gold_gain":0,"player_choice":"Leave","damage_taken":0,"max_hp_gain":0,"max_hp_loss":0,"event_name":"The Cleric","floor":2,"gold_loss":0},{"damage_healed":0,"gold_gain":68,"player_choice":"Gained Gold","damage_taken":0,"max_hp_gain":0,"max_hp_loss":0,"event_name":"Golden Wing","floor":4,"gold_loss":0},{"damage_healed":0,"gold_gain":0,"player_choice":"Fled","damage_taken":0,"max_hp_gain":0,"max_hp_loss":0,"event_name":"Scrap Ooze","floor":12,"gold_loss":0}],"is_beta":false,"boss_relics":[],"items_purged_floors":[13],"is_endless":false,"potions_floor_spawned":[7,10,11],"killed_by":"Exordium Wildlife","ascension_level":16}