{"gold_per_floor":[116,135,60,60,60,87,87,107,107,107,120,139,139,156,156,232,232,250,267,317,317,43,75,75,104,104,137,137,149,176,194,194,269,269,285,295,109,128,147,147,175,10,37,55,73,27,27,46,46,46,46,46,46,46,80,80],"floor_reached":57,"playtime":2824,"items_purged":["Strike_G","All Out Attack+1","Defend_G"],"score":3598,"play_id":"7efbd663-997e-46ca-9f7c-2785fa0039a8","local_time":"20190827231218","is_ascension_mode":true,"campfire_choices":[{"data":"All Out Attack","floor":7.0,"key":"SMITH"},{"data":"Neutralize","floor":13.0,"key":"SMITH"},{"floor":15.0,"key":"RECALL"},{"data":"Acrobatics","floor":24.0,"key":"SMITH"},{"data":"Backflip","floor":28.0,"key":"SMITH"},{"data":"Expertise","floor":32.0,"key":"SMITH"},{"data":"Prepared","floor":40,"key":"SMITH"},{"data":"Purity","floor":47,"key":"SMITH"},{"data":"Reflex","floor":49,"key":"SMITH"},{"data":"Grand Finale","floor":53,"key":"SMITH"}],"neow_cost":"NONE","seed_source_timestamp":1071905553924599,"circlet_count":0,"master_deck":["AscendersBane","Defend_G","Defend_G","Defend_G","Survivor","Neutralize+1","After Image","Backflip+1","PiercingWail","Escape Plan","Grand Finale+1","Concentrate","Acrobatics+1","Expertise+1","Adrenaline","Prepared+1","Purity+1","Reflex+1"],"special_seed":0,"relics":["Ring of the Snake","NeowsBlessing","Smiling Mask","Empty Cage","Membership Card","Lantern","Pen Nib","Shuriken","Singing Bowl","Bird Faced Urn","Runic Pyramid","Kunai","Regal Pillow","Medical Kit","Dream Catcher","Orichalcum"],"potions_floor_usage":[56],"damage_taken":[{"damage":0.0,"enemies":"Small Slimes","floor":1.0,"turns":1.0},{"damage":0.0,"enemies":"2 Louse","floor":2.0,"turns":1.0},{"damage":0.0,"enemies":"3 Sentries","floor":6.0,"turns":1.0},{"damage":0.0,"enemies":"Cultist","floor":8.0,"turns":4.0},{"damage":0.0,"enemies":"Lagavulin","floor":10.0,"turns":1.0},{"damage":0.0,"enemies":"3 Louse","floor":11.0,"turns":2.0},{"damage":16.0,"enemies":"Exordium Thugs","floor":12.0,"turns":7.0},{"damage":3.0,"enemies":"Gremlin Gang","floor":14.0,"turns":4.0},{"damage":12.0,"enemies":"The Guardian","floor":16.0,"turns":18.0},{"damage":2.0,"enemies":"Shell Parasite","floor":18.0,"turns":7.0},{"damage":30.0,"enemies":"Chosen","floor":19.0,"turns":12.0},{"damage":0.0,"enemies":"Gremlin Leader","floor":23.0,"turns":6.0},{"damage":2.0,"enemies":"Slavers","floor":25.0,"turns":3.0},{"damage":0.0,"enemies":"Gremlin Leader","floor":27.0,"turns":6.0},{"damage":1.0,"enemies":"Shelled Parasite and Fungi","floor":29.0,"turns":4.0},{"damage":0.0,"enemies":"Book of Stabbing","floor":30.0,"turns":3.0},{"damage":0.0,"enemies":"3 Cultists","floor":31.0,"turns":2.0},{"damage":0.0,"enemies":"Collector","floor":33.0,"turns":3.0},{"damage":0.0,"enemies":"Orb Walker","floor":35.0,"turns":2.0},{"damage":0.0,"enemies":"3 Shapes","floor":36.0,"turns":2.0},{"damage":0.0,"enemies":"Transient","floor":38.0,"turns":6.0},{"damage":0,"enemies":"4 Shapes","floor":39,"turns":2},{"damage":0,"enemies":"Giant Head","floor":41,"turns":1},{"damage":0,"enemies":"Writhing Mass","floor":44,"turns":1},{"damage":0,"enemies":"Spire Growth","floor":45,"turns":1},{"damage":0,"enemies":"Maw","floor":48,"turns":2},{"damage":0,"enemies":"Awakened One","floor":50,"turns":3},{"damage":0,"enemies":"Donu and Deca","floor":51,"turns":1},{"damage":0,"enemies":"Shield and Spear","floor":55,"turns":1},{"damage":0,"enemies":"The Heart","floor":56,"turns":4}],"seed_played":"-2186863983953294385","potions_obtained":[{"floor":2.0,"key":"Energy Potion"},{"floor":6.0,"key":"SmokeBomb"},{"floor":14.0,"key":"Fire Potion"},{"floor":16.0,"key":"Explosive Potion"},{"floor":23.0,"key":"Strength Potion"},{"floor":25.0,"key":"PowerPotion"},{"floor":30.0,"key":"Block Potion"},{"floor":31.0,"key":"GamblersBrew"}],"is_trial":false,"path_per_floor":["M","M","?","?","$","E","R","M","T","E","M","M","R","M","R","B",null,"M","M","?","?","$","E","R","E","T","E","R","M","E","M","R","B",null,"M","M","$","M","M","R","E","$","T","M","M","$","R","M","R","B","B",null,"R","$","E","B",null],"character_chosen":"THE_SILENT","items_purchased":["Membership Card","Acrobatics","Kunai","Medical Kit","Purity"],"campfire_rested":0,"item_purchase_floors":[22,22,37,42,46],"current_hp_per_floor":[59,59,59,52,52,52,52,52,52,52,52,36,36,33,33,21,55,53,23,23,23,23,23,23,21,21,23,23,22,24,26,26,30,62,66,70,70,74,76,76,80,80,80,82,84,84,84,84,84,84,84,84,84,84,86,86],"gold":80,"neow_bonus":"THREE_ENEMY_KILL","is_prod":false,"is_daily":false,"chose_seed":false,"campfire_upgraded":9,"win_rate":0,"timestamp":1566918738,"path_taken":["M","M","?","?","$","E","R","M","T","E","M","M","R","M","R","BOSS","M","M","?","?","$","E","R","E","T","E","R","M","E","M","R","BOSS","M","?","$","M","M","R","E","$","T","M","M","$","R","M","R","BOSS","BOSS","R","$","E","BOSS"],"build_version":"2019-08-26","purchased_purges":3,"victory":true,"max_hp_per_floor":[66,66,66,66,66,66,66,66,66,66,66,66,66,66,66,66,66,66,66,66,66,66,66,66,66,66,68,68,68,70,70,70,72,72,74,76,76,78,78,78,80,80,80,82,84,84,84,84,84,84,84,84,84,84,86,86],"card_choices":[{"not_picked":["Dodge and Roll","Outmaneuver","Bane"],"picked":"SKIP","floor":1.0},{"not_picked":["Deflect","Blur"],"picked":"After Image","floor":2.0},{"not_picked":["Backflip","Quick Slash"],"picked":"All Out Attack","floor":6.0},{"not_picked":["Underhanded Strike","Flying Knee"],"picked":"Backflip","floor":8.0},{"not_picked":["Bane","Cloak And Dagger","Dagger Throw"],"picked":"SKIP","floor":11.0},{"not_picked":["Eviscerate","Dagger Throw"],"picked":"PiercingWail","floor":12.0},{"not_picked":["Backflip","Heel Hook"],"picked":"Escape Plan","floor":14.0},{"not_picked":["Tools of the Trade","Corpse Explosion"],"picked":"Grand Finale","floor":16.0},{"not_picked":["Poisoned Stab","Flying Knee","Blade Dance"],"picked":"SKIP","floor":18.0},{"not_picked":["Dodge and Roll+1","Catalyst","Accuracy"],"picked":"SKIP","floor":19.0},{"not_picked":["Accuracy","Dagger Throw","Flechettes"],"picked":"SKIP","floor":23.0},{"not_picked":["Catalyst","Dodge and Roll+1","Flying Knee+1"],"picked":"SKIP","floor":25.0},{"not_picked":["Sucker Punch","Slice","Blade Dance+1"],"picked":"Singing Bowl","floor":27.0},{"not_picked":["Flying Knee","Deflect"],"picked":"Expertise","floor":29.0},{"not_picked":["Backstab+1","Deadly Poison","PiercingWail"],"picked":"Singing Bowl","floor":30.0},{"not_picked":["Slice","Backflip"],"picked":"Adrenaline","floor":31.0},{"not_picked":["Tools of the Trade","Wraith Form v2","Unload"],"picked":"Singing Bowl","floor":33.0},{"not_picked":["Dagger Spray","Crippling Poison","Masterful Stab"],"picked":"Singing Bowl","floor":35.0},{"not_picked":["Choke","Dodge and Roll","Quick Slash"],"picked":"Singing Bowl","floor":36.0},{"not_picked":["Eviscerate","Acrobatics","Backflip"],"picked":"Singing Bowl","floor":38.0},{"not_picked":["Dodge and Roll+1","Underhanded Strike+1"],"picked":"Prepared","floor":39},{"not_picked":["Deflect+1","Corpse Explosion","Noxious Fumes"],"picked":"Singing Bowl","floor":41},{"not_picked":["Flying Knee","Escape Plan+1","Outmaneuver"],"picked":"Singing Bowl","floor":44},{"not_picked":["PiercingWail","Dagger Spray","Heel Hook"],"picked":"Singing Bowl","floor":45},{"not_picked":["Slice","Dagger Throw+1"],"picked":"Reflex","floor":48},{"not_picked":["Prepared","Flying Knee","Slice"],"picked":"Singing Bowl","floor":55}],"player_experience":3113617,"relics_obtained":[{"floor":6.0,"key":"Smiling Mask"},{"floor":23.0,"key":"Lantern"},{"floor":25.0,"key":"Pen Nib"},{"floor":26.0,"key":"Shuriken"},{"floor":27.0,"key":"Singing Bowl"},{"floor":30.0,"key":"Bird Faced Urn"},{"floor":41,"key":"Regal Pillow"},{"floor":43,"key":"Dream Catcher"},{"floor":55,"key":"Orichalcum"}],"event_choices":[{"cards_removed":["Strike_G"],"damage_healed":0.0,"max_hp_gain":0.0,"max_hp_loss":0.0,"gold_gain":0.0,"event_name":"The Cleric","player_choice":"Card Removal","floor":3.0,"gold_loss":75.0,"damage_taken":0.0},{"cards_removed":["Defend_G"],"damage_healed":0.0,"max_hp_gain":0.0,"max_hp_loss":0.0,"gold_gain":0.0,"event_name":"Golden Wing","player_choice":"Card Removal","floor":4.0,"gold_loss":0.0,"damage_taken":7.0},{"damage_healed":0.0,"max_hp_gain":0.0,"max_hp_loss":0.0,"gold_gain":50.0,"event_name":"Nest","player_choice":"Stole From Cult","floor":20.0,"gold_loss":0.0,"damage_taken":0.0},{"damage_healed":0.0,"max_hp_gain":0.0,"max_hp_loss":0.0,"gold_gain":0.0,"cards_transformed":["Strike_G"],"event_name":"Transmorgrifier","player_choice":"Transformed","floor":21.0,"gold_loss":0.0,"damage_taken":0.0,"cards_obtained":["Concentrate"]}],"is_beta":true,"boss_relics":[{"not_picked":["Busted Crown","WristBlade"],"picked":"Empty Cage"},{"not_picked":["Fusion Hammer","Runic Dome"],"picked":"Runic Pyramid"}],"items_purged_floors":[22,37,42],"is_endless":false,"potions_floor_spawned":[2,6,14,16,23,25,30,31,41,45,48,55],"ascension_level":20}