{"gold_per_floor":[109,119,137,148,73,73,104,104,104,122,152,171,184,35,35,130,130,142,42,55,65,65,65,100,100,100,129,129,4,23,23,23,122,122,138,138,148,248,248,248,258,283,308,308,308,308,89,102,102,102],"floor_reached":51,"playtime":4044,"items_purged":["Strike_R","Strike_R","Strike_R","Normality"],"score":725,"play_id":"bbb087b4-6314-462c-bde2-9648a584cab1","local_time":"20190917072439","is_ascension_mode":false,"campfire_choices":[{"floor":6,"key":"REST"},{"floor":8,"key":"REST"},{"floor":15,"key":"REST"},{"data":"Armaments","floor":23,"key":"SMITH"},{"floor":25,"key":"REST"},{"floor":32,"key":"REST"},{"data":"Juggernaut","floor":40,"key":"SMITH"},{"floor":44,"key":"REST"},{"floor":49,"key":"REST"}],"neow_cost":"NONE","seed_source_timestamp":1776043540396800,"circlet_count":0,"master_deck":["Strike_R","Strike_R","Defend_R","Defend_R","Defend_R","Defend_R","Bash","Headbutt+1","Uppercut","Shrug It Off","Juggernaut+1","Iron Wave+1","Ghostly Armor","Iron Wave","Barricade","Flame Barrier","Armaments+1","Entrench+1","Combust"],"relics":["Philosopher\u0027s Stone","Dodecahedron","WingedGreaves","Ice Cream","Oddly Smooth Stone","Mark of Pain","Whetstone","Pear","Bottled Lightning","Nilry\u0027s Codex","Bag of Preparation","Cursed Key","Gambling Chip","Bronze Scales","Happy Flower"],"potions_floor_usage":[7,11,24,27,33,33,50,50],"damage_taken":[{"damage":1,"enemies":"2 Louse","floor":1,"turns":3},{"damage":2,"enemies":"Jaw Worm","floor":2,"turns":2},{"damage":5,"enemies":"Cultist","floor":3,"turns":3},{"damage":26,"enemies":"Exordium Thugs","floor":4,"turns":5},{"damage":45,"enemies":"3 Sentries","floor":7,"turns":7},{"damage":6,"enemies":"Exordium Wildlife","floor":10,"turns":5},{"damage":10,"enemies":"Lagavulin","floor":11,"turns":5},{"damage":14,"enemies":"2 Fungi Beasts","floor":12,"turns":4},{"damage":3,"enemies":"Blue Slaver","floor":13,"turns":4},{"damage":19,"enemies":"The Guardian","floor":16,"turns":12},{"damage":0,"enemies":"Chosen","floor":18,"turns":4},{"damage":8,"enemies":"Spheric Guardian","floor":20,"turns":4},{"damage":28,"enemies":"3 Cultists","floor":21,"turns":7},{"damage":12,"enemies":"Book of Stabbing","floor":24,"turns":6},{"damage":37,"enemies":"Slavers","floor":27,"turns":6},{"damage":0,"enemies":"Snake Plant","floor":30,"turns":3},{"damage":1,"enemies":"Champ","floor":33,"turns":16},{"damage":17,"enemies":"3 Darklings","floor":35,"turns":8},{"damage":0,"enemies":"Orb Walker","floor":37,"turns":4},{"damage":0,"enemies":"Mind Bloom Boss Battle","floor":38,"turns":7},{"damage":9,"enemies":"3 Darklings","floor":41,"turns":6},{"damage":22,"enemies":"Nemesis","floor":42,"turns":7},{"damage":7,"enemies":"Maw","floor":48,"turns":8},{"damage":12,"enemies":"Time Eater","floor":50,"turns":13}],"seed_played":"-793039975835975588","potions_obtained":[{"floor":1,"key":"Strength Potion"},{"floor":7,"key":"Strength Potion"},{"floor":11,"key":"SpeedPotion"},{"floor":12,"key":"AttackPotion"},{"floor":13,"key":"Swift Potion"},{"floor":24,"key":"PowerPotion"},{"floor":27,"key":"SpeedPotion"},{"floor":35,"key":"Explosive Potion"},{"floor":48,"key":"SpeedPotion"}],"is_trial":false,"path_per_floor":["M","M","M","M","$","R","E","R","T","M","E","M","M","$","R","B",null,"M","$","M","M","?","R","E","R","T","E","?","$","M","T","R","B",null,"M","$","M","?","?","R","M","E","T","R","?","?","$","M","R","B",null],"character_chosen":"IRONCLAD","items_purchased":["Oddly Smooth Stone","Combust"],"campfire_rested":7,"item_purchase_floors":[14,47],"current_hp_per_floor":[79,77,72,46,46,70,25,49,49,43,33,19,16,16,40,21,80,80,80,72,44,44,44,32,56,66,29,13,13,13,13,40,39,90,73,73,73,73,73,73,64,42,42,69,69,69,69,62,89,77],"gold":102,"neow_bonus":"BOSS_RELIC","is_prod":false,"is_daily":false,"chose_seed":false,"campfire_upgraded":2,"win_rate":0,"timestamp":1568719479,"path_taken":["M","M","M","M","$","R","E","R","T","M","E","M","M","$","R","BOSS","M","$","M","M","?","R","E","R","T","E","?","?","?","?","R","BOSS","M","$","M","?","?","R","M","E","T","R","?","?","$","M","R","BOSS"],"build_version":"2019-07-17","purchased_purges":4,"victory":true,"max_hp_per_floor":[80,80,80,80,80,80,80,80,80,80,80,80,80,80,80,80,80,80,80,80,80,80,80,80,80,90,90,90,90,90,90,90,90,90,90,90,90,90,90,90,90,90,90,90,90,90,90,90,90,90],"card_choices":[{"not_picked":["Evolve","Infernal Blade"],"picked":"Headbutt","floor":1},{"not_picked":["Whirlwind","Sword Boomerang"],"picked":"Uppercut","floor":2},{"not_picked":["Infernal Blade","Warcry"],"picked":"Shrug It Off","floor":3},{"not_picked":["Heavy Blade","Cleave"],"picked":"Juggernaut","floor":4},{"not_picked":["Wild Strike","Warcry"],"picked":"Iron Wave","floor":7},{"not_picked":["Twin Strike","Clothesline"],"picked":"Ghostly Armor","floor":10},{"not_picked":["Offering","Shrug It Off"],"picked":"Iron Wave","floor":11},{"not_picked":["Rampage","Thunderclap","Clash"],"picked":"SKIP","floor":12},{"not_picked":["Shrug It Off","Wild Strike","Headbutt"],"picked":"SKIP","floor":13},{"not_picked":["Bludgeon","Brutality"],"picked":"Barricade","floor":16},{"not_picked":["Sever Soul","Havoc"],"picked":"Flame Barrier","floor":18},{"not_picked":["Seeing Red+1","Thunderclap","Clash+1"],"picked":"SKIP","floor":20},{"not_picked":["Headbutt","Cleave","Twin Strike+1"],"picked":"SKIP","floor":21},{"not_picked":["Armaments","Blood for Blood+1","Perfected Strike"],"picked":"SKIP","floor":24},{"not_picked":["Thunderclap","Sever Soul","Cleave"],"picked":"SKIP","floor":27},{"not_picked":["Power Through","Sever Soul","Intimidate+1"],"picked":"SKIP","floor":30},{"not_picked":["Heavy Blade","Cleave+1","Inflame+1"],"picked":"SKIP","floor":35},{"not_picked":["Perfected Strike","Battle Trance"],"picked":"Entrench+1","floor":37},{"not_picked":["Armaments+1","Feel No Pain+1","Thunderclap"],"picked":"SKIP","floor":41},{"not_picked":["Clothesline","Reckless Charge+1","Sentinel"],"picked":"SKIP","floor":42},{"not_picked":["Disarm+1","Havoc","Twin Strike+1"],"picked":"SKIP","floor":48}],"player_experience":28092,"relics_obtained":[{"floor":7,"key":"Dodecahedron"},{"floor":9,"key":"WingedGreaves"},{"floor":11,"key":"Ice Cream"},{"floor":24,"key":"Whetstone"},{"floor":26,"key":"Pear"},{"floor":27,"key":"Bottled Lightning"},{"floor":28,"key":"Nilry\u0027s Codex"},{"floor":31,"key":"Bag of Preparation"},{"floor":38,"key":"Gambling Chip"},{"floor":42,"key":"Bronze Scales"},{"floor":43,"key":"Happy Flower"}],"event_choices":[{"damage_healed":0,"gold_gain":0,"player_choice":"Read","damage_taken":0,"max_hp_gain":0,"max_hp_loss":0,"event_name":"The Library","floor":22,"gold_loss":0,"cards_obtained":["Armaments"]},{"damage_healed":0,"gold_gain":0,"player_choice":"Obtained Book","damage_taken":16,"max_hp_gain":0,"max_hp_loss":0,"event_name":"Cursed Tome","floor":28,"gold_loss":0},{"damage_healed":0,"gold_gain":0,"player_choice":"Fight","damage_taken":0,"max_hp_gain":0,"max_hp_loss":0,"event_name":"MindBloom","floor":38,"gold_loss":0},{"damage_healed":0,"gold_gain":0,"player_choice":"Ignored","damage_taken":0,"max_hp_gain":0,"max_hp_loss":0,"event_name":"Tomb of Lord Red Mask","floor":39,"gold_loss":0},{"damage_healed":0,"gold_gain":0,"player_choice":"Ignored","damage_taken":0,"max_hp_gain":0,"max_hp_loss":0,"event_name":"Mysterious Sphere","floor":45,"gold_loss":0},{"damage_healed":0,"gold_gain":0,"player_choice":"Memory 1","damage_taken":0,"max_hp_gain":0,"max_hp_loss":0,"event_name":"SensoryStone","floor":46,"gold_loss":0}],"is_beta":false,"boss_relics":[{"not_picked":["Runic Dome","White Beast Statue"],"picked":"Mark of Pain"},{"not_picked":["Black Star","Runic Cube"],"picked":"Cursed Key"}],"items_purged_floors":[5,19,29,47],"is_endless":false,"potions_floor_spawned":[1,7,11,12,13,18,21,24,27,35,48],"ascension_level":0}