{"gold_per_floor":[119,119,44,57,70,70,105,123,171,171,200,216,216,38,38,114,114,127,177,98,112,112,143,55,55,55,89,108,108,139,150,150,227,227,246,259,278,278,185,185,214,77,100,50,100,125,139,171,171,171,171,171,171,45,80,80],"floor_reached":57,"playtime":1930,"items_purged":["Strike_R","Strike_R","Strike_R+1","Bash+1","Strike_R+1","Feel No Pain"],"score":3637,"play_id":"54810985-fb9a-4262-b6f3-1e6e2f1da369","local_time":"20190904172340","is_ascension_mode":true,"campfire_choices":[{"data":"Immolate","floor":6.0,"key":"SMITH"},{"data":"Body Slam","floor":10.0,"key":"SMITH"},{"data":"True Grit","floor":15.0,"key":"SMITH"},{"data":"Evolve","floor":25.0,"key":"SMITH"},{"data":"Seeing Red","floor":32.0,"key":"SMITH"},{"floor":49,"key":"RECALL"},{"data":"Second Wind","floor":53,"key":"SMITH"}],"neow_cost":"NONE","seed_source_timestamp":1743472352635100,"circlet_count":0,"master_deck":["AscendersBane","Defend_R+1","Defend_R+1","Defend_R+1","Defend_R+1","Shockwave+1","Immolate+1","True Grit+1","Body Slam+1","Feed+1","Burning Pact+1","Impervious+1","Power Through+1","Feel No Pain+1","Evolve+1","Seeing Red+1","Exhume+1","Barricade+1","Entrench+1","Second Wind+1","Offering"],"special_seed":0,"relics":["Sozu","Dodecahedron","Bag of Marbles","Bag of Preparation","Runic Pyramid","Pear","Thread and Needle","Orichalcum","Smiling Mask","Runic Dome","Mark of the Bloom","Meat on the Bone","Pen Nib","Incense Burner","Mummified Hand","Oddly Smooth Stone"],"potions_floor_usage":[],"damage_taken":[{"damage":7.0,"enemies":"Small Slimes","floor":1.0,"turns":2.0},{"damage":2.0,"enemies":"Jaw Worm","floor":4.0,"turns":2.0},{"damage":0.0,"enemies":"Cultist","floor":5.0,"turns":3.0},{"damage":30.0,"enemies":"Lagavulin","floor":7.0,"turns":7.0},{"damage":7.0,"enemies":"Large Slime","floor":8.0,"turns":4.0},{"damage":10.0,"enemies":"3 Sentries","floor":11.0,"turns":3.0},{"damage":0.0,"enemies":"Gremlin Gang","floor":12.0,"turns":1.0},{"damage":0.0,"enemies":"The Guardian","floor":16.0,"turns":8.0},{"damage":6.0,"enemies":"Shell Parasite","floor":18.0,"turns":4.0},{"damage":0.0,"enemies":"Chosen","floor":21.0,"turns":4.0},{"damage":0.0,"enemies":"Slavers","floor":23.0,"turns":3.0},{"damage":0.0,"enemies":"Gremlin Leader","floor":27.0,"turns":5.0},{"damage":0.0,"enemies":"Snecko","floor":28.0,"turns":5.0},{"damage":14.0,"enemies":"Slavers","floor":30.0,"turns":3.0},{"damage":0.0,"enemies":"3 Cultists","floor":31.0,"turns":4.0},{"damage":0.0,"enemies":"Collector","floor":33.0,"turns":8.0},{"damage":7.0,"enemies":"3 Shapes","floor":35.0,"turns":5.0},{"damage":0.0,"enemies":"3 Darklings","floor":36.0,"turns":5.0},{"damage":0.0,"enemies":"Transient","floor":37.0,"turns":6.0},{"damage":0.0,"enemies":"Reptomancer","floor":41.0,"turns":4.0},{"damage":0,"enemies":"Nemesis","floor":46,"turns":5},{"damage":0,"enemies":"4 Shapes","floor":47,"turns":1},{"damage":0,"enemies":"Giant Head","floor":48,"turns":4},{"damage":0,"enemies":"Time Eater","floor":50,"turns":4},{"damage":0,"enemies":"Donu and Deca","floor":51,"turns":7},{"damage":6,"enemies":"Shield and Spear","floor":55,"turns":6},{"damage":6,"enemies":"The Heart","floor":56,"turns":8}],"seed_played":"-8210698785729403325","potions_obtained":[],"is_trial":false,"path_per_floor":["M","?","$","M","M","R","E","M","T","R","E","M","?","$","R","B",null,"M","?","$","M","?","E","$","R","T","E","M","T","E","M","R","B",null,"M","M","M","?","$","?","E","$","T","$","?","E","M","E","R","B","B",null,"R","$","E","B",null],"character_chosen":"IRONCLAD","items_purchased":["Impervious","Feel No Pain","Evolve","Feel No Pain","Second Wind","Offering"],"campfire_rested":0,"item_purchase_floors":[14,20,24,39,42,54],"current_hp_per_floor":[61,61,61,59,59,59,29,22,22,22,12,15,15,15,15,15,62,56,56,56,59,59,72,72,72,72,75,75,75,64,67,67,67,94,93,93,93,93,93,93,93,93,93,93,83,83,83,83,83,83,83,83,83,83,77,71],"gold":80,"neow_bonus":"BOSS_RELIC","is_prod":false,"is_daily":false,"chose_seed":false,"campfire_upgraded":6,"win_rate":0,"timestamp":1567589020,"path_taken":["M","?","$","M","M","R","E","M","T","R","E","M","?","?","R","BOSS","M","?","$","?","?","E","$","R","T","E","?","?","E","M","R","BOSS","M","?","M","?","$","?","E","$","T","$","?","E","M","E","R","BOSS","BOSS","R","$","E","BOSS"],"build_version":"2019-08-26","purchased_purges":6,"victory":true,"max_hp_per_floor":[75,75,75,75,75,75,75,75,75,75,75,78,78,78,78,78,78,78,78,78,81,81,94,94,94,94,97,97,97,100,103,103,103,103,109,109,109,109,109,104,104,104,104,104,104,104,108,108,108,108,108,108,108,108,108,108],"card_choices":[{"not_picked":["Blood for Blood","Clothesline"],"picked":"Shockwave","floor":1.0},{"not_picked":["Armaments","Heavy Blade"],"picked":"True Grit","floor":4.0},{"not_picked":["Heavy Blade","Clash"],"picked":"Body Slam","floor":5.0},{"not_picked":["Entrench","Pommel Strike"],"picked":"Feed","floor":7.0},{"not_picked":["Combust","Pommel Strike"],"picked":"Burning Pact","floor":8.0},{"not_picked":["Thunderclap","Clothesline","Carnage"],"picked":"SKIP","floor":11.0},{"not_picked":["Iron Wave","Pummel","Flame Barrier"],"picked":"SKIP","floor":12.0},{"not_picked":["Heavy Blade","Disarm"],"picked":"Power Through","floor":18.0},{"not_picked":["Infernal Blade","Flex","Body Slam"],"picked":"SKIP","floor":21.0},{"not_picked":["Flex+1","Clash+1","Inflame"],"picked":"SKIP","floor":23.0},{"not_picked":["Battle Trance","Heavy Blade"],"picked":"Seeing Red","floor":27.0},{"not_picked":["Flex","Headbutt","Wild Strike"],"picked":"SKIP","floor":28.0},{"not_picked":["True Grit","Infernal Blade+1","Clash"],"picked":"SKIP","floor":30.0},{"not_picked":["Perfected Strike","Clothesline+1"],"picked":"Exhume","floor":31.0},{"not_picked":["Juggernaut","Bludgeon"],"picked":"Barricade","floor":33.0},{"not_picked":["Flex","Evolve"],"picked":"Entrench","floor":35.0},{"not_picked":["Twin Strike","Clothesline","Warcry"],"picked":"SKIP","floor":36.0},{"not_picked":["Body Slam","Burning Pact","Bloodletting"],"picked":"SKIP","floor":37.0},{"not_picked":["Pummel+1","Wild Strike","Sword Boomerang"],"picked":"SKIP","floor":41.0},{"not_picked":["Demon Form","Heavy Blade","Havoc+1"],"picked":"SKIP","floor":46},{"not_picked":["Thunderclap","Perfected Strike","Feel No Pain"],"picked":"SKIP","floor":47},{"not_picked":["Barricade","Second Wind","Carnage"],"picked":"SKIP","floor":48},{"not_picked":["Power Through","Cleave","Feel No Pain+1"],"picked":"SKIP","floor":55}],"player_experience":3170054,"relics_obtained":[{"floor":7.0,"key":"Dodecahedron"},{"floor":9.0,"key":"Bag of Marbles"},{"floor":11.0,"key":"Bag of Preparation"},{"floor":23.0,"key":"Pear"},{"floor":27.0,"key":"Thread and Needle"},{"floor":29.0,"key":"Orichalcum"},{"floor":30.0,"key":"Smiling Mask"},{"floor":41.0,"key":"Meat on the Bone"},{"floor":43.0,"key":"Pen Nib"},{"floor":46,"key":"Incense Burner"},{"floor":48,"key":"Mummified Hand"},{"floor":55,"key":"Oddly Smooth Stone"}],"event_choices":[{"damage_healed":0.0,"max_hp_gain":0.0,"max_hp_loss":0.0,"gold_gain":0.0,"cards_transformed":["Strike_R"],"event_name":"Living Wall","player_choice":"Change","floor":2.0,"gold_loss":0.0,"damage_taken":0.0,"cards_obtained":["Immolate"]},{"damage_healed":0.0,"max_hp_gain":0.0,"max_hp_loss":0.0,"gold_gain":0.0,"event_name":"Liars Game","player_choice":"Ignored","floor":13.0,"gold_loss":0.0,"damage_taken":0.0},{"damage_healed":0.0,"max_hp_gain":0.0,"max_hp_loss":0.0,"gold_gain":100.0,"event_name":"The Joust","player_choice":"Bet on Murderer","floor":19.0,"gold_loss":50.0,"damage_taken":0.0},{"damage_healed":0.0,"max_hp_gain":0.0,"max_hp_loss":0.0,"gold_gain":0.0,"event_name":"WeMeetAgain","player_choice":"Ignored","floor":22.0,"gold_loss":0.0,"damage_taken":0.0},{"damage_healed":0.0,"max_hp_gain":0.0,"max_hp_loss":0.0,"gold_gain":0.0,"event_name":"MindBloom","player_choice":"Upgrade","floor":38.0,"gold_loss":0.0,"damage_taken":0.0,"cards_upgraded":["Strike_R","Strike_R","Defend_R","Defend_R","Defend_R","Defend_R","Bash","Shockwave","Feed","Burning Pact","Impervious","Power Through","Feel No Pain","Exhume","Barricade","Entrench"],"relics_obtained":["Mark of the Bloom"]},{"damage_healed":0.0,"max_hp_gain":0.0,"max_hp_loss":5.0,"gold_gain":0.0,"event_name":"Winding Halls","player_choice":"Max HP","floor":40.0,"gold_loss":0.0,"damage_taken":0.0},{"damage_healed":0,"gold_gain":50,"player_choice":"Touch","damage_taken":10,"max_hp_gain":0,"max_hp_loss":0,"event_name":"FaceTrader","floor":45,"gold_loss":0}],"is_beta":true,"boss_relics":[{"not_picked":["Fusion Hammer","Eternal Feather"],"picked":"Runic Pyramid"},{"not_picked":["Cursed Key","Black Star"],"picked":"Runic Dome"}],"items_purged_floors":[3,14,39,42,44,54],"is_endless":false,"potions_floor_spawned":[1,8,11,18,28,31,33,35,36,46,47],"ascension_level":20}