{"gold_per_floor":[115,115,190,190,40,66,86,86,86,86,104,104,138,150,150,222,222,232,248,125,143,25,54,54,0,0,18,18,34,49,49,49,123,123,140,140,140,140,155,155,155],"floor_reached":41,"playtime":1809,"items_purged":["Strike_B","Strike_B","Defend_B"],"score":777,"play_id":"08dc33b0-6a52-49e2-a9f1-d8467f40c52b","local_time":"20190129162449","is_ascension_mode":true,"campfire_choices":[{"data":"Go for the Eyes","floor":8.0,"key":"SMITH"},{"data":"Defragment","floor":10.0,"key":"SMITH"},{"data":"Ball Lightning","floor":12.0,"key":"SMITH"},{"data":"Barrage","floor":15.0,"key":"SMITH"},{"floor":24.0,"key":"REST"},{"floor":28,"key":"REST"},{"data":"Capacitor","floor":32,"key":"SMITH"},{"data":"Seek","floor":40,"key":"SMITH"}],"neow_cost":"NONE","seed_source_timestamp":94903164383243,"circlet_count":0,"master_deck":["AscendersBane","Strike_B","Strike_B","Defend_B+1","Defend_B","Defend_B","Zap+1","Dualcast+1","Ball Lightning+1","Defragment+1","Machine Learning","Go for the Eyes+1","Self Repair","Barrage+1","Leap","Seek+1","Barrage","Coolheaded","Rebound","Capacitor+1","Coolheaded","Echo Form","Sweeping Beam"],"special_seed":0,"relics":["Cracked Core","NeowsBlessing","War Paint","The Courier","Kunai","Sozu","Darkstone Periapt","Shovel","Letter Opener","Runic Dome"],"potions_floor_usage":[],"damage_taken":[{"damage":0.0,"enemies":"2 Louse","floor":1.0,"turns":1.0},{"damage":0.0,"enemies":"Lagavulin","floor":6.0,"turns":1.0},{"damage":0.0,"enemies":"Cultist","floor":7.0,"turns":1.0},{"damage":0.0,"enemies":"Jaw Worm","floor":11.0,"turns":2.0},{"damage":18.0,"enemies":"Gremlin Nob","floor":13.0,"turns":3.0},{"damage":7.0,"enemies":"2 Fungi Beasts","floor":14.0,"turns":3.0},{"damage":3.0,"enemies":"The Guardian","floor":16.0,"turns":8.0},{"damage":16.0,"enemies":"Shell Parasite","floor":18.0,"turns":5.0},{"damage":18.0,"enemies":"2 Thieves","floor":19.0,"turns":3.0},{"damage":13.0,"enemies":"Centurion and Healer","floor":21.0,"turns":6.0},{"damage":28.0,"enemies":"Gremlin Leader","floor":23.0,"turns":7.0},{"damage":27,"enemies":"Snake Plant","floor":27,"turns":6},{"damage":21,"enemies":"Sentry and Sphere","floor":29,"turns":5},{"damage":3,"enemies":"Snecko","floor":30,"turns":4},{"damage":28,"enemies":"Collector","floor":33,"turns":8},{"damage":13,"enemies":"3 Shapes","floor":35,"turns":5},{"damage":9,"enemies":"Orb Walker","floor":39,"turns":4},{"damage":64,"enemies":"Sphere and 2 Shapes","floor":41,"turns":5}],"seed_played":"-8752845960901152002","potions_obtained":[{"floor":1.0,"key":"SkillPotion"},{"floor":4.0,"key":"Fruit Juice"},{"floor":4.0,"key":"Block Potion"},{"floor":6.0,"key":"Fire Potion"},{"floor":16.0,"key":"Weak Potion"}],"is_trial":false,"path_per_floor":["M","?","?","?","$","E","M","R","T","R","M","R","E","M","R","B",null,"M","M","$","M","$","E","R","?","T","M","R","M","M","T","R","B",null,"M","?","?","?","M","R","M"],"character_chosen":"DEFECT","items_purchased":["Defragment","Rebound","Coolheaded"],"campfire_rested":2,"item_purchase_floors":[5,20,22],"current_hp_per_floor":[64,64,53,58,58,58,58,58,58,58,58,58,47,47,47,51,70,61,43,43,37,37,16,38,38,38,18,40,26,30,30,30,9,59,53,53,53,53,58,58,0],"gold":155,"neow_bonus":"THREE_ENEMY_KILL","is_prod":false,"is_daily":false,"chose_seed":false,"campfire_upgraded":6,"win_rate":0,"timestamp":1548775489,"path_taken":["M","?","?","?","$","E","M","R","T","R","M","R","E","?","R","BOSS","M","M","$","M","$","E","R","?","T","M","R","M","M","?","R","BOSS","M","?","?","?","M","R","M"],"build_version":"2019-01-17v2","purchased_purges":3,"victory":false,"max_hp_per_floor":[71,71,71,76,76,76,76,76,76,76,76,76,76,76,76,76,76,76,76,76,76,76,76,76,76,76,76,76,76,76,76,76,76,76,76,76,76,72,72,72,72],"card_choices":[{"not_picked":["Auto Shields","Stack"],"picked":"Ball Lightning","floor":1.0},{"not_picked":["Coolheaded","Turbo"],"picked":"Machine Learning","floor":6.0},{"not_picked":["Rip and Tear","Conserve Battery"],"picked":"Go for the Eyes","floor":7.0},{"not_picked":["Streamline","Turbo"],"picked":"Self Repair","floor":11.0},{"not_picked":["Multi-Cast","Go for the Eyes"],"picked":"Barrage","floor":13.0},{"not_picked":["Steam","Stack"],"picked":"Leap","floor":14.0},{"not_picked":["Meteor Strike","Multi-Cast"],"picked":"Seek","floor":16.0},{"not_picked":["Go for the Eyes","Gash"],"picked":"Barrage","floor":18.0},{"not_picked":["Streamline","Fusion"],"picked":"Coolheaded","floor":19.0},{"not_picked":["Stack","Rebound+1"],"picked":"Capacitor","floor":21.0},{"not_picked":["Auto Shields","Chill","Hyperbeam"],"picked":"SKIP","floor":23.0},{"not_picked":["Force Field","Blizzard","Lockon"],"picked":"SKIP","floor":27},{"not_picked":["Rebound","Coolheaded","Redo"],"picked":"SKIP","floor":29},{"not_picked":["Redo","BootSequence","Consume"],"picked":"SKIP","floor":30},{"not_picked":["Creative AI","Seek"],"picked":"Echo Form","floor":33},{"not_picked":["Gash","Streamline+1","Reprogram"],"picked":"SKIP","floor":35},{"not_picked":["Redo","Reprogram"],"picked":"Sweeping Beam","floor":39}],"player_experience":1179745,"relics_obtained":[{"floor":6.0,"key":"War Paint"},{"floor":9.0,"key":"The Courier"},{"floor":13.0,"key":"Kunai"},{"floor":23.0,"key":"Darkstone Periapt"},{"floor":26,"key":"Shovel"},{"floor":31,"key":"Letter Opener"}],"event_choices":[{"damage_healed":0.0,"max_hp_gain":0.0,"max_hp_loss":0.0,"gold_gain":0.0,"event_name":"Living Wall","player_choice":"Grow","floor":2.0,"gold_loss":0.0,"damage_taken":0.0,"cards_upgraded":["Zap"]},{"damage_healed":0.0,"max_hp_gain":0.0,"max_hp_loss":0.0,"gold_gain":75.0,"event_name":"World of Goop","player_choice":"Gather Gold","floor":3.0,"gold_loss":0.0,"damage_taken":11.0},{"damage_healed":0.0,"max_hp_gain":0.0,"max_hp_loss":0.0,"gold_gain":0.0,"event_name":"Lab","player_choice":"Got Potions","floor":4.0,"gold_loss":0.0,"damage_taken":0.0},{"damage_healed":0,"gold_gain":0,"player_choice":"Paid Fearfully","damage_taken":0,"max_hp_gain":0,"max_hp_loss":0,"event_name":"Masked Bandits","floor":25,"gold_loss":54},{"damage_healed":0,"gold_gain":0,"player_choice":"Ignored","damage_taken":0,"max_hp_gain":0,"max_hp_loss":0,"event_name":"Tomb of Lord Red Mask","floor":36,"gold_loss":0},{"damage_healed":0,"gold_gain":0,"player_choice":"Memory 1","damage_taken":0,"max_hp_gain":0,"max_hp_loss":0,"event_name":"SensoryStone","floor":37,"gold_loss":0},{"damage_healed":0,"gold_gain":0,"player_choice":"Max HP","damage_taken":0,"max_hp_gain":0,"max_hp_loss":4,"event_name":"Winding Halls","floor":38,"gold_loss":0}],"is_beta":false,"boss_relics":[{"not_picked":["Empty Cage","Pandora\u0027s Box"],"picked":"Sozu"},{"not_picked":["Orrery","Snecko Eye"],"picked":"Runic Dome"}],"items_purged_floors":[5,20,22],"is_endless":false,"potions_floor_spawned":[1,6,7,16,19,23,30,33,35],"killed_by":"Sphere and 2 Shapes","ascension_level":15}