{"gold_per_floor":[114,114,133,133,62,62,87,87,87,100,2,29,29,49,49,150,150,160,175,194,65,82,82,95,95,95,95,10,10,23,23,23,23],"floor_reached":33,"playtime":3540,"items_purged":[],"score":255,"play_id":"887cd2f6-c9b1-4f03-958d-2029721a0b29","local_time":"20190804101427","is_ascension_mode":false,"campfire_choices":[{"floor":8,"key":"REST"},{"floor":13,"key":"REST"},{"data":"Armaments","floor":15,"key":"SMITH"},{"data":"Flame Barrier","floor":23,"key":"SMITH"},{"floor":29,"key":"REST"},{"floor":32,"key":"REST"}],"neow_cost":"NONE","seed_source_timestamp":495744404082525,"circlet_count":0,"master_deck":["Strike_R","Strike_R","Strike_R","Strike_R","Strike_R","Defend_R","Defend_R","Defend_R","Bash","Barricade","Flex","Whirlwind","Flame Barrier+1","Anger","Cleave","Body Slam","Armaments+1","Double Tap","Battle Trance+1","Infernal Blade+1","Sword Boomerang","Armaments+1","Carnage","Anger","Rampage+1","RitualDagger","Anger+1"],"relics":["Burning Blood","Unceasing Top","Champion Belt","Omamori","Runic Pyramid","Matryoshka","Dodecahedron"],"potions_floor_usage":[7,12,14,16,22,22,33],"damage_taken":[{"damage":16,"enemies":"Jaw Worm","floor":1,"turns":5},{"damage":0,"enemies":"Small Slimes","floor":3,"turns":3},{"damage":39,"enemies":"3 Sentries","floor":7,"turns":6},{"damage":0,"enemies":"2 Louse","floor":10,"turns":3},{"damage":18,"enemies":"Lagavulin","floor":12,"turns":9},{"damage":18,"enemies":"Large Slime","floor":14,"turns":6},{"damage":56,"enemies":"The Guardian","floor":16,"turns":12},{"damage":15,"enemies":"Shell Parasite","floor":18,"turns":7},{"damage":8,"enemies":"Spheric Guardian","floor":19,"turns":4},{"damage":12,"enemies":"Centurion and Healer","floor":20,"turns":9},{"damage":17,"enemies":"Shelled Parasite and Fungi","floor":22,"turns":7},{"damage":34,"enemies":"3 Cultists","floor":24,"turns":5},{"damage":27,"enemies":"Snake Plant","floor":30,"turns":4},{"damage":66,"enemies":"Collector","floor":33,"turns":5}],"seed_played":"8858597908881410161","potions_obtained":[{"floor":1,"key":"GamblersBrew"},{"floor":7,"key":"SpeedPotion"},{"floor":10,"key":"FearPotion"},{"floor":16,"key":"SkillPotion"},{"floor":19,"key":"Regen Potion"},{"floor":20,"key":"Energy Potion"},{"floor":30,"key":"SpeedPotion"}],"is_trial":false,"path_per_floor":["M","?","M","?","$","?","E","R","T","M","$","E","R","M","R","B",null,"M","M","M","$","M","R","M","?","T","?","?","R","M","?","R","B"],"character_chosen":"IRONCLAD","items_purchased":["Whirlwind","Cleave","Explosive Potion","Armaments","Carnage","Block Potion"],"campfire_rested":4,"item_purchase_floors":[5,11,11,21,21,21],"current_hp_per_floor":[70,75,81,81,81,74,41,66,66,72,72,60,85,73,73,23,85,76,74,68,68,69,69,41,41,41,35,35,60,39,39,64,0],"gold":23,"neow_bonus":"ONE_RANDOM_RARE_CARD","is_prod":false,"is_daily":false,"chose_seed":false,"campfire_upgraded":2,"win_rate":0.0,"timestamp":1564938867,"path_taken":["M","?","M","?","$","?","E","R","T","M","$","E","R","?","R","BOSS","M","M","M","$","M","R","M","?","T","?","?","R","M","?","R","BOSS"],"build_version":"2019-07-17","purchased_purges":0,"victory":false,"max_hp_per_floor":[80,85,85,85,85,85,85,85,85,85,85,85,85,85,85,85,85,85,85,85,85,85,85,85,85,85,85,85,85,85,85,85,85],"card_choices":[{"not_picked":["Sever Soul","True Grit","Havoc"],"picked":"SKIP","floor":1},{"not_picked":["Havoc","Wild Strike"],"picked":"Flex","floor":3},{"not_picked":["Body Slam","Corruption"],"picked":"Flame Barrier","floor":7},{"not_picked":["Sword Boomerang","Headbutt"],"picked":"Anger","floor":10},{"not_picked":["Havoc","Demon Form"],"picked":"Body Slam","floor":12},{"not_picked":["Headbutt","Hemokinesis"],"picked":"Armaments","floor":14},{"not_picked":["Dark Embrace","Juggernaut"],"picked":"Double Tap","floor":16},{"not_picked":["Fire Breathing","Pummel"],"picked":"Battle Trance+1","floor":18},{"not_picked":["Sword Boomerang+1","Body Slam"],"picked":"Infernal Blade+1","floor":19},{"not_picked":["Headbutt","Wild Strike"],"picked":"Sword Boomerang","floor":20},{"not_picked":["Battle Trance","Burning Pact"],"picked":"Anger","floor":22},{"not_picked":["Berserk","Bloodletting+1"],"picked":"Rampage+1","floor":24},{"not_picked":["Sword Boomerang","Perfected Strike"],"picked":"Anger+1","floor":30}],"player_experience":303899,"relics_obtained":[{"floor":7,"key":"Unceasing Top"},{"floor":9,"key":"Champion Belt"},{"floor":12,"key":"Omamori"},{"floor":26,"key":"Matryoshka"}],"event_choices":[{"damage_healed":0,"gold_gain":0,"player_choice":"Donut","damage_taken":0,"max_hp_gain":5,"max_hp_loss":0,"event_name":"Big Fish","floor":2,"gold_loss":0},{"damage_healed":0,"gold_gain":0,"player_choice":"Fled","damage_taken":0,"max_hp_gain":0,"max_hp_loss":0,"event_name":"Scrap Ooze","floor":4,"gold_loss":0},{"cards_removed":["Defend_R"],"damage_healed":0,"gold_gain":0,"player_choice":"Card Removal","damage_taken":7,"max_hp_gain":0,"max_hp_loss":0,"event_name":"Golden Wing","floor":6,"gold_loss":0},{"damage_healed":0,"gold_gain":0,"player_choice":"Ignored","damage_taken":0,"max_hp_gain":0,"max_hp_loss":0,"event_name":"Cursed Tome","floor":25,"gold_loss":0},{"damage_healed":0,"gold_gain":0,"player_choice":"Joined the Cult","damage_taken":6,"max_hp_gain":0,"max_hp_loss":0,"event_name":"Nest","floor":27,"gold_loss":0,"cards_obtained":["RitualDagger"]},{"damage_healed":0,"gold_gain":0,"player_choice":"Obtained Relic","damage_taken":0,"relics_obtained":["Dodecahedron"],"max_hp_gain":0,"max_hp_loss":0,"event_name":"Addict","floor":28,"gold_loss":85},{"damage_healed":0,"gold_gain":0,"player_choice":"Forge","damage_taken":0,"max_hp_gain":0,"max_hp_loss":0,"event_name":"Accursed Blacksmith","floor":31,"gold_loss":0,"cards_upgraded":["Armaments"]}],"is_beta":false,"boss_relics":[{"not_picked":["Snecko Eye","Coffee Dripper"],"picked":"Runic Pyramid"}],"items_purged_floors":[],"is_endless":false,"potions_floor_spawned":[1,7,10,16,19,20,30],"killed_by":"Collector","ascension_level":0}