{"gold_per_floor":[118,131,206,206,220,233,233,183,183,218,228,239,239,258,258,358,358,370,189,189,208,208,208,160,160,160,174,187,187,221,235,235,235],"floor_reached":33,"playtime":3013,"items_purged":[],"score":294,"play_id":"01734203-cb67-4b9b-9429-abfe42846be5","local_time":"20190916222900","is_ascension_mode":false,"campfire_choices":[{"data":"Armaments","floor":13,"key":"SMITH"},{"floor":15,"key":"REST"},{"data":"Double Tap","floor":23,"key":"SMITH"},{"data":"Pummel","floor":29,"key":"SMITH"},{"floor":32,"key":"REST"}],"neow_cost":"PERCENT_DAMAGE","seed_source_timestamp":1745126581632600,"circlet_count":0,"master_deck":["Defend_R","Defend_R","Defend_R","Defend_R","Bash","Second Wind","Clash","Armaments+1","Armaments+1","Pummel+1","Iron Wave","Double Tap+1","Iron Wave+1","Infernal Blade","RitualDagger","Sever Soul+1","Bite","Bite","Bite","Bite","Bite","Flex","Iron Wave+1","Fire Breathing","Infernal Blade+1"],"relics":["Black Blood","Letter Opener","Self Forming Clay","Meat on the Bone","Boot","Gremlin Horn","Dream Catcher"],"potions_floor_usage":[10,16,16,33,33],"damage_taken":[{"damage":11,"enemies":"Jaw Worm","floor":1,"turns":6},{"damage":1,"enemies":"Cultist","floor":2,"turns":3},{"damage":7,"enemies":"Small Slimes","floor":5,"turns":4},{"damage":12,"enemies":"Blue Slaver","floor":6,"turns":3},{"damage":22,"enemies":"Lagavulin","floor":10,"turns":8},{"damage":1,"enemies":"Large Slime","floor":11,"turns":5},{"damage":5,"enemies":"Exordium Wildlife","floor":12,"turns":5},{"damage":4,"enemies":"3 Louse","floor":14,"turns":4},{"damage":65,"enemies":"Slime Boss","floor":16,"turns":14},{"damage":26,"enemies":"Spheric Guardian","floor":18,"turns":7},{"damage":13,"enemies":"Shell Parasite","floor":21,"turns":7},{"damage":23,"enemies":"3 Cultists","floor":27,"turns":7},{"damage":20,"enemies":"Snake Plant","floor":28,"turns":5},{"damage":34,"enemies":"Gremlin Leader","floor":30,"turns":6},{"damage":12,"enemies":"Centurion and Healer","floor":31,"turns":3},{"damage":88,"enemies":"Automaton","floor":33,"turns":6}],"seed_played":"-9021640076603311909","potions_obtained":[{"floor":5,"key":"EssenceOfSteel"},{"floor":11,"key":"Strength Potion"},{"floor":12,"key":"SkillPotion"},{"floor":16,"key":"Regen Potion"},{"floor":18,"key":"SteroidPotion"},{"floor":27,"key":"AttackPotion"}],"is_trial":false,"path_per_floor":["M","M","?","T","M","M","?","?","T","E","M","M","R","M","R","B",null,"M","$","?","M","?","R","$","?","T","M","M","R","E","M","R","B"],"character_chosen":"IRONCLAD","items_purchased":["Infernal Blade","Boot","Flex"],"campfire_rested":2,"item_purchase_floors":[19,19,24],"current_hp_per_floor":[67,72,61,61,60,54,54,54,54,38,55,56,56,58,86,39,96,80,80,74,71,67,67,67,67,67,67,57,57,45,47,67,0],"gold":235,"neow_bonus":"TWENTY_PERCENT_HP_BONUS","is_prod":false,"is_daily":false,"chose_seed":false,"campfire_upgraded":3,"win_rate":0.0,"timestamp":1568687340,"path_taken":["M","M","?","?","?","M","?","?","T","E","M","M","R","M","R","BOSS","M","$","?","M","?","R","?","?","T","M","?","R","E","M","R","BOSS"],"build_version":"2019-07-17","purchased_purges":0,"victory":false,"max_hp_per_floor":[96,96,96,96,96,96,96,96,96,96,96,96,96,96,96,96,96,96,96,96,96,67,67,67,67,67,67,67,67,67,67,67,67],"card_choices":[{"not_picked":["Headbutt","Battle Trance"],"picked":"Second Wind","floor":1},{"not_picked":["Inflame","Warcry"],"picked":"Clash","floor":2},{"not_picked":["Corruption","Twin Strike"],"picked":"Armaments","floor":5},{"not_picked":["Clothesline","Warcry","Entrench"],"picked":"SKIP","floor":6},{"not_picked":["Perfected Strike","Rupture","Heavy Blade"],"picked":"SKIP","floor":10},{"not_picked":["Brutality","Pommel Strike"],"picked":"Armaments","floor":11},{"not_picked":["Heavy Blade","Headbutt"],"picked":"Pummel","floor":12},{"not_picked":["Thunderclap","Blood for Blood"],"picked":"Iron Wave","floor":14},{"not_picked":["Impervious","Brutality"],"picked":"Double Tap","floor":16},{"not_picked":["Headbutt","Combust+1"],"picked":"Iron Wave+1","floor":18},{"not_picked":["Clothesline+1","Cleave"],"picked":"Sever Soul+1","floor":21},{"not_picked":["Cleave","Anger+1","Body Slam"],"picked":"SKIP","floor":27},{"not_picked":["True Grit","Flex","Warcry"],"picked":"SKIP","floor":28},{"not_picked":["Burning Pact","Body Slam"],"picked":"Fire Breathing","floor":30},{"not_picked":["Iron Wave+1","Whirlwind","Limit Break"],"picked":"SKIP","floor":31},{"not_picked":["Seeing Red","Perfected Strike"],"picked":"Infernal Blade+1","floor":32}],"player_experience":5757,"relics_obtained":[{"floor":4,"key":"Letter Opener"},{"floor":9,"key":"Self Forming Clay"},{"floor":10,"key":"Meat on the Bone"},{"floor":26,"key":"Gremlin Horn"},{"floor":30,"key":"Dream Catcher"}],"event_choices":[{"damage_healed":0,"gold_gain":75,"player_choice":"Gather Gold","damage_taken":11,"max_hp_gain":0,"max_hp_loss":0,"event_name":"World of Goop","floor":3,"gold_loss":0},{"damage_healed":0,"gold_gain":0,"player_choice":"Grow","damage_taken":0,"max_hp_gain":0,"max_hp_loss":0,"event_name":"Living Wall","floor":7,"gold_loss":0,"cards_upgraded":["Armaments"]},{"cards_removed":["Strike_R"],"damage_healed":0,"gold_gain":0,"player_choice":"Card Removal","damage_taken":0,"max_hp_gain":0,"max_hp_loss":0,"event_name":"The Cleric","floor":8,"gold_loss":50},{"damage_healed":0,"gold_gain":0,"player_choice":"Joined the Cult","damage_taken":6,"max_hp_gain":0,"max_hp_loss":0,"event_name":"Nest","floor":20,"gold_loss":0,"cards_obtained":["RitualDagger"]},{"damage_healed":0,"gold_gain":0,"player_choice":"Became a vampire","damage_taken":0,"max_hp_gain":0,"max_hp_loss":29,"event_name":"Vampires","floor":22,"gold_loss":0,"cards_obtained":["Bite","Bite","Bite","Bite","Bite"]},{"damage_healed":0,"gold_gain":0,"player_choice":"Copied","damage_taken":0,"max_hp_gain":0,"max_hp_loss":0,"event_name":"Duplicator","floor":25,"gold_loss":0,"cards_obtained":["Iron Wave"]}],"is_beta":false,"boss_relics":[{"not_picked":["Astrolabe","Eternal Feather"],"picked":"Black Blood"}],"items_purged_floors":[],"is_endless":false,"potions_floor_spawned":[5,11,12,16,18,27],"killed_by":"Automaton","ascension_level":0}