{"gold_per_floor":[113,38,48,65,75,75,86,103,103,128,28,28,28,41,41,115,115,134,134,184,199,232,232,258,278,278,278,66,78,102,136,136,209,209,222,222,85,28,38,38,68,18,18,18,29,29,29,29,29,29],"floor_reached":51,"playtime":2372,"items_purged":["Defend_P","Strike_P","Defend_P","Defend_P","Strike_P+1"],"score":1587,"play_id":"20399c2a-4c85-48db-bab2-0db751d8d0c0","local_time":"20190912121903","is_ascension_mode":true,"campfire_choices":[{"data":"Vigilance","floor":6.0,"key":"SMITH"},{"data":"EmptyMind","floor":13.0,"key":"SMITH"},{"data":"Protect","floor":15.0,"key":"SMITH"},{"data":"SandsOfTime","floor":23.0,"key":"SMITH"},{"data":"Evaluate","floor":27.0,"key":"SMITH"},{"data":"Eruption","floor":32.0,"key":"SMITH"},{"floor":40.0,"key":"REST"},{"floor":44.0,"key":"REST"},{"floor":47.0,"key":"REST"},{"floor":49.0,"key":"RECALL"}],"neow_cost":"NONE","seed_source_timestamp":2415539465037000,"circlet_count":0,"master_deck":["AscendersBane","Defend_P","Eruption+1","Vigilance+1","EmptyFist+1","SandsOfTime+1","FearNoEvil","EmptyMind+1","Evaluate+1","DevaForm+1","Crescendo","DevaForm+1","PathToVictory","Devotion+1","MentalFortress+1","Prostrate+1","MentalFortress+1"],"special_seed":0,"relics":["Philosopher\u0027s Stone","Frozen Egg 2","Vajra","Busted Crown","Red Mask","Meat on the Bone","Mercury Hourglass","Smiling Mask","TeardropLocket","Fusion Hammer","Singing Bowl","InkBottle","Dead Branch","Pear"],"potions_floor_usage":[50,50,50],"damage_taken":[{"damage":0.0,"enemies":"Cultist","floor":1.0,"turns":2.0},{"damage":1.0,"enemies":"2 Louse","floor":3.0,"turns":3.0},{"damage":0.0,"enemies":"Jaw Worm","floor":4.0,"turns":6.0},{"damage":0.0,"enemies":"Large Slime","floor":5.0,"turns":2.0},{"damage":11.0,"enemies":"3 Louse","floor":7.0,"turns":3.0},{"damage":2.0,"enemies":"Looter","floor":8.0,"turns":3.0},{"damage":3.0,"enemies":"Lagavulin","floor":10.0,"turns":5.0},{"damage":6.0,"enemies":"Exordium Thugs","floor":14.0,"turns":4.0},{"damage":2.0,"enemies":"Hexaghost","floor":16.0,"turns":5.0},{"damage":0.0,"enemies":"Chosen","floor":18.0,"turns":2.0},{"damage":1.0,"enemies":"2 Thieves","floor":21.0,"turns":4.0},{"damage":1.0,"enemies":"Masked Bandits","floor":22.0,"turns":4.0},{"damage":15.0,"enemies":"Gremlin Leader","floor":24.0,"turns":7.0},{"damage":0.0,"enemies":"Centurion and Healer","floor":25.0,"turns":6.0},{"damage":0.0,"enemies":"Snecko","floor":29.0,"turns":3.0},{"damage":0.0,"enemies":"Book of Stabbing","floor":31.0,"turns":5.0},{"damage":0.0,"enemies":"Collector","floor":33.0,"turns":7.0},{"damage":0.0,"enemies":"3 Shapes","floor":35.0,"turns":4.0},{"damage":0.0,"enemies":"Orb Walker","floor":39.0,"turns":3.0},{"damage":15.0,"enemies":"Reptomancer","floor":41.0,"turns":5.0},{"damage":6.0,"enemies":"4 Shapes","floor":45.0,"turns":5.0},{"damage":0,"enemies":"Donu and Deca","floor":50,"turns":5}],"seed_played":"8171800413009096124","potions_obtained":[{"floor":3.0,"key":"SteroidPotion"},{"floor":8.0,"key":"Strength Potion"},{"floor":10.0,"key":"SteroidPotion"},{"floor":16.0,"key":"Poison Potion"},{"floor":18.0,"key":"EntropicBrew"},{"floor":22.0,"key":"LiquidBronze"},{"floor":31.0,"key":"StancePotion"}],"is_trial":false,"path_per_floor":["M","$","M","M","M","R","M","M","T","E","$","?","R","M","R","B",null,"M","?","?","M","?","R","E","M","T","R","$","M","T","E","R","B",null,"M","?","$","?","M","R","E","$","T","R","M","$","R","T","R","B",null],"character_chosen":"WATCHER","items_purchased":["MentalFortress+1","MentalFortress+1"],"campfire_rested":3,"item_purchase_floors":[28,37],"current_hp_per_floor":[55,55,54,54,54,54,43,41,41,38,38,20,20,14,14,12,49,49,49,49,48,47,47,32,32,32,32,32,32,32,32,32,32,54,54,54,54,54,56,63,50,50,50,65,61,61,67,77,77,77],"gold":29,"neow_bonus":"BOSS_RELIC","is_prod":false,"is_daily":false,"chose_seed":false,"campfire_upgraded":6,"win_rate":0,"timestamp":1568261943,"path_taken":["M","$","M","M","?","R","M","M","T","E","$","?","R","M","R","BOSS","M","?","?","M","?","R","E","M","T","R","$","M","?","E","R","BOSS","M","?","$","?","?","R","E","?","T","R","M","$","R","?","R","BOSS"],"build_version":"2019-09-10","purchased_purges":5,"victory":true,"max_hp_per_floor":[61,61,61,61,61,61,61,61,61,61,61,61,61,61,61,61,61,61,61,61,61,61,61,61,61,61,61,61,61,61,61,61,61,61,61,61,61,61,63,63,65,65,65,65,67,67,67,77,77,77],"card_choices":[{"not_picked":["BowlingBash","SandsOfTime"],"picked":"Protect","floor":1.0},{"not_picked":["InnerPeace","Collect","Halt"],"picked":"SKIP","floor":3.0},{"not_picked":["Protect","CutThroughFate"],"picked":"EmptyFist","floor":4.0},{"not_picked":["Consecrate","Clarity"],"picked":"SandsOfTime","floor":5.0},{"not_picked":["Consecrate","Worship"],"picked":"FearNoEvil","floor":7.0},{"not_picked":["Crescendo","Weave","CutThroughFate"],"picked":"SKIP","floor":8.0},{"not_picked":["Vault","Clarity"],"picked":"EmptyMind","floor":10.0},{"not_picked":["Prostrate","Vengeance"],"picked":"Evaluate","floor":14.0},{"not_picked":["FlowState","Wish"],"picked":"DevaForm+1","floor":16.0},{"not_picked":["Consecrate+1"],"picked":"SKIP","floor":18.0},{"not_picked":["CarveReality"],"picked":"SKIP","floor":21.0},{"not_picked":[],"picked":"PathToVictory","floor":24.0},{"not_picked":[],"picked":"Devotion+1","floor":25.0},{"not_picked":["ThirdEye+1"],"picked":"SKIP","floor":29.0},{"not_picked":[],"picked":"Prostrate+1","floor":31.0},{"not_picked":["EmptyFist"],"picked":"SKIP","floor":35.0},{"not_picked":["Crescendo"],"picked":"Singing Bowl","floor":39.0},{"not_picked":["StepAndStrike"],"picked":"Singing Bowl","floor":41.0},{"not_picked":["WaveOfTheHand"],"picked":"Singing Bowl","floor":45.0}],"player_experience":3290955,"relics_obtained":[{"floor":9.0,"key":"Frozen Egg 2"},{"floor":10.0,"key":"Vajra"},{"floor":22.0,"key":"Red Mask"},{"floor":24.0,"key":"Meat on the Bone"},{"floor":26.0,"key":"Mercury Hourglass"},{"floor":30.0,"key":"Smiling Mask"},{"floor":31.0,"key":"TeardropLocket"},{"floor":41.0,"key":"InkBottle"},{"floor":43.0,"key":"Dead Branch"},{"floor":48.0,"key":"Pear"}],"event_choices":[{"damage_healed":0.0,"max_hp_gain":0.0,"max_hp_loss":0.0,"gold_gain":0.0,"event_name":"Shining Light","player_choice":"Entered Light","floor":12.0,"gold_loss":0.0,"damage_taken":18.0,"cards_upgraded":["Strike_P","EmptyFist"]},{"damage_healed":0.0,"max_hp_gain":0.0,"max_hp_loss":0.0,"gold_gain":0.0,"cards_transformed":["Strike_P","Strike_P"],"event_name":"Drug Dealer","player_choice":"Became Test Subject","floor":19.0,"gold_loss":0.0,"damage_taken":0.0,"cards_obtained":["Crescendo","DevaForm"]},{"damage_healed":0.0,"max_hp_gain":0.0,"max_hp_loss":0.0,"gold_gain":50.0,"event_name":"Nest","player_choice":"Stole From Cult","floor":20.0,"gold_loss":0.0,"damage_taken":0.0},{"damage_healed":0.0,"max_hp_gain":0.0,"max_hp_loss":0.0,"gold_gain":0.0,"event_name":"Masked Bandits","player_choice":"Fought Bandits","floor":22.0,"gold_loss":0.0,"damage_taken":0.0},{"cards_removed":["Protect"],"damage_healed":0.0,"max_hp_gain":0.0,"max_hp_loss":0.0,"gold_gain":0.0,"event_name":"Falling","player_choice":"Removed Skill","floor":36.0,"gold_loss":0.0,"damage_taken":0.0},{"damage_healed":0.0,"max_hp_gain":0.0,"max_hp_loss":0.0,"gold_gain":0.0,"event_name":"WeMeetAgain","player_choice":"Paid Gold","floor":38.0,"gold_loss":57.0,"damage_taken":0.0,"relics_obtained":["Singing Bowl"]}],"is_beta":true,"boss_relics":[{"not_picked":["Black Star","Ectoplasm"],"picked":"Busted Crown"},{"not_picked":["Runic Pyramid","SacredBark"],"picked":"Fusion Hammer"}],"items_purged_floors":[2,11,28,37,42],"is_endless":false,"potions_floor_spawned":[3,8,10,16,18,22,31,33,35],"ascension_level":19}