{"gold_per_floor":[115,115,115,115,128,163,183,195,222,233,233,19,39,39,39,39],"floor_reached":16,"playtime":396,"items_purged":["Strike_G"],"score":254,"play_id":"acae4190-a028-44d4-8695-f496753c06b6","local_time":"20190820175057","is_ascension_mode":true,"campfire_choices":[{"floor":11.0,"key":"REST"},{"data":"Flechettes","floor":15.0,"key":"SMITH"}],"neow_cost":"NONE","seed_source_timestamp":483544982311306,"circlet_count":0,"master_deck":["AscendersBane","Strike_G","Strike_G","Strike_G","Defend_G","Defend_G","Defend_G","Defend_G","Defend_G","Survivor","Neutralize+1","Tactician+1","Acrobatics","Bouncing Flask","Terror","Heel Hook","Footwork","Flechettes+1"],"special_seed":0,"relics":["Ring of the Snake","NeowsBlessing","Blood Vial","Orichalcum","Centennial Puzzle"],"potions_floor_usage":[16,16],"damage_taken":[{"damage":0.0,"enemies":"Jaw Worm","floor":1.0,"turns":1.0},{"damage":0.0,"enemies":"2 Louse","floor":5.0,"turns":1.0},{"damage":0.0,"enemies":"Gremlin Nob","floor":6.0,"turns":1.0},{"damage":2.0,"enemies":"Cultist","floor":7.0,"turns":5.0},{"damage":11.0,"enemies":"Exordium Thugs","floor":8.0,"turns":5.0},{"damage":9.0,"enemies":"Exordium Wildlife","floor":10.0,"turns":6.0},{"damage":3.0,"enemies":"2 Fungi Beasts","floor":13.0,"turns":3.0},{"damage":34,"enemies":"Slime Boss","floor":16,"turns":7}],"seed_played":"8136584930961239299","potions_obtained":[{"floor":1.0,"key":"LiquidBronze"},{"floor":6.0,"key":"Swift Potion"},{"floor":8.0,"key":"FairyPotion"},{"floor":13.0,"key":"Strength Potion"}],"is_trial":false,"path_per_floor":["M","?","?","?","M","E","M","M","T","M","R","$","M","$","R","B"],"character_chosen":"THE_SILENT","items_purchased":["Flechettes","FearPotion"],"campfire_rested":1,"item_purchase_floors":[12,12],"current_hp_per_floor":[59,52,26,6,8,10,10,1,1,2,21,21,20,20,20,0],"gold":39,"neow_bonus":"THREE_ENEMY_KILL","is_prod":false,"is_daily":false,"chose_seed":false,"campfire_upgraded":1,"win_rate":0,"timestamp":1566291057,"path_taken":["M","?","?","?","M","E","M","M","T","M","R","$","M","?","R","BOSS"],"build_version":"2019-07-17","purchased_purges":1,"victory":false,"max_hp_per_floor":[66,66,66,66,66,66,66,66,66,66,66,66,66,66,66,66],"card_choices":[{"not_picked":["Underhanded Strike","Distraction"],"picked":"Tactician","floor":1.0},{"not_picked":["Underhanded Strike","Blur"],"picked":"Acrobatics","floor":5.0},{"not_picked":["Finisher","Backflip"],"picked":"Bouncing Flask","floor":6.0},{"not_picked":["Deadly Poison","Reflex"],"picked":"Terror","floor":7.0},{"not_picked":["Heel Hook","Outmaneuver","Dagger Spray"],"picked":"SKIP","floor":8.0},{"not_picked":["Outmaneuver","Dagger Spray"],"picked":"Heel Hook","floor":8.0},{"not_picked":["Riddle With Holes","Endless Agony"],"picked":"Footwork","floor":10.0},{"not_picked":["Backstab","Blade Dance","Unload"],"picked":"SKIP","floor":13.0}],"player_experience":958656,"relics_obtained":[{"floor":6.0,"key":"Orichalcum"},{"floor":9.0,"key":"Centennial Puzzle"}],"event_choices":[{"cards_removed":["Strike_G"],"damage_healed":0.0,"max_hp_gain":0.0,"max_hp_loss":0.0,"gold_gain":0.0,"event_name":"Golden Wing","player_choice":"Card Removal","floor":2.0,"gold_loss":0.0,"damage_taken":7.0},{"damage_healed":0.0,"max_hp_gain":0.0,"max_hp_loss":0.0,"gold_gain":0.0,"event_name":"Scrap Ooze","player_choice":"Success","floor":3.0,"gold_loss":0.0,"damage_taken":26.0,"relics_obtained":["Blood Vial"]},{"damage_healed":0.0,"max_hp_gain":0.0,"max_hp_loss":0.0,"gold_gain":0.0,"event_name":"Shining Light","player_choice":"Entered Light","floor":4.0,"gold_loss":0.0,"damage_taken":20.0,"cards_upgraded":["Neutralize","Tactician"]}],"is_beta":false,"boss_relics":[],"items_purged_floors":[12],"is_endless":false,"potions_floor_spawned":[1,6,8,13],"killed_by":"Slime Boss","ascension_level":20}