{"gold_per_floor":[113,113,13,33,33,33,58,75,98,132,132,32,32,62,62,138,138,150,150,162,180,55,55,71,71,71,84,84,118,118,147,147,224,224,243,243,93,93,1092,1092,1119,1119,1119,1136,1136,858,890,906,906,906,906,906,906,70,105,105],"floor_reached":57,"playtime":2873,"items_purged":["Strike_B","Strike_B","Defend_B","Defend_B","Zap","Madness"],"score":3174,"play_id":"e7208fbe-ebfd-4ec2-970f-95e7e912925c","local_time":"20190830133148","is_ascension_mode":true,"campfire_choices":[{"data":"Coolheaded","floor":6.0,"key":"SMITH"},{"data":"Defragment","floor":11.0,"key":"SMITH"},{"data":"Turbo","floor":15.0,"key":"SMITH"},{"data":"Heatsinks","floor":23.0,"key":"SMITH"},{"data":"Seek","floor":25.0,"key":"SMITH"},{"data":"Fission","floor":32.0,"key":"SMITH"},{"data":"Discovery","floor":40.0,"key":"SMITH"},{"floor":42.0,"key":"RECALL"},{"data":"Buffer","floor":49,"key":"SMITH"},{"data":"Panacea","floor":53,"key":"SMITH"}],"neow_cost":"NONE","seed_source_timestamp":0,"circlet_count":0,"master_deck":["AscendersBane","Dualcast+1","Heatsinks+1","Seek+1","Glacier","Coolheaded+1","Turbo+1","Defragment+1","Storm","Self Repair","Blizzard+1","Biased Cognition","Capacitor","Buffer+1","Fission+1","Electrodynamics","Discovery+1","Madness+1","Panacea+1"],"special_seed":0,"relics":["Cracked Core","NeowsBlessing","Art of War","Molten Egg 2","Omamori","Shovel","Nuclear Battery","Oddly Smooth Stone","Symbiotic Virus","Meat on the Bone","Busted Crown","Bronze Scales","Torii","DataDisk","Medical Kit","War Paint","Pen Nib","Vajra"],"potions_floor_usage":[56,56],"damage_taken":[{"damage":0.0,"enemies":"Cultist","floor":1.0,"turns":1.0},{"damage":0.0,"enemies":"Small Slimes","floor":4.0,"turns":1.0},{"damage":0.0,"enemies":"3 Sentries","floor":7.0,"turns":1.0},{"damage":6.0,"enemies":"Jaw Worm","floor":8.0,"turns":4.0},{"damage":38.0,"enemies":"Gremlin Nob","floor":10.0,"turns":4.0},{"damage":0.0,"enemies":"Lagavulin","floor":14.0,"turns":6.0},{"damage":4.0,"enemies":"Slime Boss","floor":16.0,"turns":10.0},{"damage":21.0,"enemies":"Shell Parasite","floor":18.0,"turns":6.0},{"damage":2.0,"enemies":"2 Thieves","floor":20.0,"turns":4.0},{"damage":14.0,"enemies":"Snake Plant","floor":21.0,"turns":4.0},{"damage":0.0,"enemies":"Sentry and Sphere","floor":24.0,"turns":4.0},{"damage":7.0,"enemies":"Shelled Parasite and Fungi","floor":27.0,"turns":8.0},{"damage":15.0,"enemies":"Book of Stabbing","floor":29.0,"turns":6.0},{"damage":0.0,"enemies":"Slavers","floor":31.0,"turns":2.0},{"damage":0.0,"enemies":"Automaton","floor":33.0,"turns":9.0},{"damage":0.0,"enemies":"Orb Walker","floor":35.0,"turns":1.0},{"damage":0.0,"enemies":"Giant Head","floor":41.0,"turns":3.0},{"damage":0.0,"enemies":"3 Darklings","floor":44.0,"turns":1.0},{"damage":18,"enemies":"Nemesis","floor":47,"turns":7},{"damage":0,"enemies":"Transient","floor":48,"turns":4},{"damage":24,"enemies":"Donu and Deca","floor":50,"turns":3},{"damage":24,"enemies":"Time Eater","floor":51,"turns":10},{"damage":0,"enemies":"Shield and Spear","floor":55,"turns":2},{"damage":14,"enemies":"The Heart","floor":56,"turns":6}],"seed_played":"8114708952899784392","potions_obtained":[{"floor":1.0,"key":"Dexterity Potion"},{"floor":7.0,"key":"EssenceOfSteel"},{"floor":16.0,"key":"AttackPotion"},{"floor":24.0,"key":"Ancient Potion"},{"floor":27.0,"key":"Swift Potion"},{"floor":33.0,"key":"Energy Potion"}],"is_trial":false,"path_per_floor":["M","?","$","M","?","R","E","M","T","E","R","$","?","E","R","B",null,"M","?","M","M","$","R","M","R","T","M","?","E","?","E","R","B",null,"M","?","$","?","?","R","E","R","T","M","?","$","E","M","R","B","B",null,"R","$","E","B",null],"character_chosen":"DEFECT","items_purchased":["Coolheaded","Panacea","Medical Kit","War Paint","GamblersBrew","Pen Nib"],"campfire_rested":0,"item_purchase_floors":[3,46,54,54,54,54],"current_hp_per_floor":[64,64,64,64,64,64,64,58,58,27,27,27,16,23,23,26,60,46,46,51,44,44,44,51,51,51,51,51,43,23,30,30,49,69,76,76,76,76,76,76,76,76,76,76,62,62,51,58,58,53,48,69,69,69,76,69],"gold":105,"neow_bonus":"THREE_ENEMY_KILL","is_prod":false,"is_daily":false,"chose_seed":false,"campfire_upgraded":9,"win_rate":0,"timestamp":1567143108,"path_taken":["M","?","$","?","?","R","E","M","T","E","R","?","?","E","R","BOSS","M","?","M","?","$","R","M","R","T","M","?","E","?","E","R","BOSS","M","?","$","?","?","R","E","R","T","M","?","$","E","M","R","BOSS","BOSS","R","$","E","BOSS"],"build_version":"2019-08-26","purchased_purges":6,"victory":true,"max_hp_per_floor":[71,71,71,71,71,71,71,71,71,71,71,71,71,71,71,71,71,71,71,71,71,71,71,71,71,71,71,71,71,76,76,76,76,76,76,76,76,76,76,76,76,76,76,76,76,76,76,76,76,76,76,76,76,76,76,76],"card_choices":[{"not_picked":["Double Energy","Scrape"],"picked":"Heatsinks","floor":1.0},{"not_picked":["Sweeping Beam","Chaos"],"picked":"Turbo","floor":4.0},{"not_picked":["Streamline","Lockon"],"picked":"Storm","floor":7.0},{"not_picked":["Turbo","White Noise"],"picked":"Self Repair","floor":8.0},{"not_picked":["Multi-Cast","Sweeping Beam"],"picked":"Blizzard","floor":10.0},{"not_picked":["Hologram","Tempest","Ball Lightning+1"],"picked":"SKIP","floor":14.0},{"not_picked":["Creative AI","Multi-Cast"],"picked":"Biased Cognition","floor":16.0},{"not_picked":["Go for the Eyes+1","Sweeping Beam+1"],"picked":"Capacitor","floor":18.0},{"not_picked":["Genetic Algorithm","Hologram","Ball Lightning+1"],"picked":"SKIP","floor":20.0},{"not_picked":["Rip and Tear+1","Fusion","Cold Snap+1"],"picked":"SKIP","floor":21.0},{"not_picked":["Steam","Rebound+1","Redo"],"picked":"SKIP","floor":24.0},{"not_picked":["Barrage+1","Sweeping Beam+1","Conserve Battery+1"],"picked":"SKIP","floor":27.0},{"not_picked":["Sweeping Beam+1","Self Repair"],"picked":"Buffer","floor":29.0},{"not_picked":["Multi-Cast","Beam Cell+1"],"picked":"Fission","floor":31.0},{"not_picked":["Seek","Rainbow"],"picked":"Electrodynamics","floor":33.0},{"not_picked":["Go for the Eyes+1"],"picked":"SKIP","floor":35.0},{"not_picked":[],"picked":"Discovery","floor":38.0},{"not_picked":["Barrage+1"],"picked":"SKIP","floor":41.0},{"not_picked":["Go for the Eyes+1"],"picked":"SKIP","floor":44.0},{"not_picked":["Reprogram"],"picked":"SKIP","floor":47},{"not_picked":["Auto Shields"],"picked":"SKIP","floor":48},{"not_picked":["Fusion"],"picked":"SKIP","floor":55}],"player_experience":3130536,"relics_obtained":[{"floor":7.0,"key":"Art of War"},{"floor":10.0,"key":"Molten Egg 2"},{"floor":14.0,"key":"Shovel"},{"floor":26.0,"key":"Oddly Smooth Stone"},{"floor":29.0,"key":"Symbiotic Virus"},{"floor":31.0,"key":"Meat on the Bone"},{"floor":41.0,"key":"Bronze Scales"},{"floor":43.0,"key":"Torii"},{"floor":47,"key":"DataDisk"},{"floor":55,"key":"Vajra"}],"event_choices":[{"damage_healed":0.0,"max_hp_gain":0.0,"max_hp_loss":0.0,"gold_gain":0.0,"event_name":"Match and Keep!","player_choice":"2 cards matched","floor":2.0,"gold_loss":0.0,"damage_taken":0.0,"cards_obtained":["Seek","Glacier"]},{"damage_healed":0.0,"max_hp_gain":0.0,"max_hp_loss":0.0,"gold_gain":0.0,"cards_transformed":["Strike_B"],"event_name":"Transmorgrifier","player_choice":"Transformed","floor":5.0,"gold_loss":0.0,"damage_taken":0.0,"cards_obtained":["Defragment"]},{"damage_healed":0.0,"max_hp_gain":0.0,"max_hp_loss":0.0,"gold_gain":0.0,"event_name":"Scrap Ooze","player_choice":"Success","floor":13.0,"gold_loss":0.0,"damage_taken":11.0,"relics_obtained":["Omamori"]},{"cards_removed":["Strike_B"],"damage_healed":0.0,"max_hp_gain":0.0,"max_hp_loss":0.0,"gold_gain":0.0,"event_name":"Bonfire Elementals","player_choice":"Offered Basic","floor":19.0,"gold_loss":0.0,"damage_taken":0.0},{"cards_removed":["Defend_B"],"damage_healed":0.0,"max_hp_gain":0.0,"max_hp_loss":0.0,"gold_gain":0.0,"event_name":"Back to Basics","player_choice":"Elegance","floor":28.0,"gold_loss":0.0,"damage_taken":0.0},{"damage_healed":0.0,"max_hp_gain":5.0,"max_hp_loss":0.0,"gold_gain":0.0,"event_name":"Forgotten Altar","player_choice":"Shed Blood","floor":30.0,"gold_loss":0.0,"damage_taken":25.0},{"cards_removed":["Defend_B"],"damage_healed":0.0,"max_hp_gain":0.0,"max_hp_loss":0.0,"gold_gain":0.0,"event_name":"Falling","player_choice":"Removed Skill","floor":36.0,"gold_loss":0.0,"damage_taken":0.0},{"damage_healed":0.0,"max_hp_gain":0.0,"max_hp_loss":0.0,"gold_gain":0.0,"event_name":"SensoryStone","player_choice":"Memory 1","floor":38.0,"gold_loss":0.0,"damage_taken":0.0},{"damage_healed":0.0,"max_hp_gain":0.0,"max_hp_loss":0.0,"gold_gain":999.0,"event_name":"MindBloom","player_choice":"Gold","floor":39.0,"gold_loss":0.0,"damage_taken":0.0,"cards_obtained":["Normality","Normality"]},{"damage_healed":0.0,"max_hp_gain":0.0,"max_hp_loss":0.0,"gold_gain":0.0,"event_name":"Winding Halls","player_choice":"Embrace Madness","floor":45.0,"gold_loss":0.0,"damage_taken":14.0,"cards_obtained":["Madness","Madness"]}],"is_beta":true,"boss_relics":[{"not_picked":["Runic Pyramid","Velvet Choker"],"picked":"Nuclear Battery"},{"not_picked":["Calling Bell","Eternal Feather"],"picked":"Busted Crown"}],"items_purged_floors":[3,12,22,37,46,54],"is_endless":false,"potions_floor_spawned":[1,7,14,16,24,27,29,33,41,47],"ascension_level":20}