{"gold_per_floor":[116,116,132,142,155,155,165,165,189,204,204],"floor_reached":11,"playtime":541,"items_purged":[],"score":134,"play_id":"cca6a9b8-fcbd-4324-b23f-b5c06b07467b","local_time":"20190912123550","is_ascension_mode":true,"campfire_choices":[{"data":"Eruption","floor":6.0,"key":"SMITH"},{"data":"Vigilance","floor":8.0,"key":"SMITH"}],"neow_cost":"NONE","seed_source_timestamp":2418941891688000,"circlet_count":0,"master_deck":["AscendersBane","Strike_P","Strike_P","Strike_P","Defend_P","Defend_P","Defend_P","Eruption+1","Vigilance+1","EmptyMind+1","Fasting","Wireheading","EmptyBody","Prostrate","Protect"],"special_seed":0,"relics":["Empty Cage","Orichalcum"],"potions_floor_usage":[],"damage_taken":[{"damage":7.0,"enemies":"Small Slimes","floor":1.0,"turns":4.0},{"damage":2.0,"enemies":"Cultist","floor":3.0,"turns":3.0},{"damage":0.0,"enemies":"2 Louse","floor":4.0,"turns":2.0},{"damage":13.0,"enemies":"Exordium Wildlife","floor":5.0,"turns":7.0},{"damage":3.0,"enemies":"2 Fungi Beasts","floor":7.0,"turns":4.0},{"damage":17.0,"enemies":"Large Slime","floor":10.0,"turns":7.0},{"damage":5,"enemies":"Gremlin Nob","floor":11,"turns":3}],"seed_played":"-6085084004773556384","potions_obtained":[{"floor":1.0,"key":"Ancient Potion"},{"floor":4.0,"key":"Energy Potion"},{"floor":5.0,"key":"Energy Potion"}],"is_trial":false,"path_per_floor":["M","?","M","M","M","R","M","R","T","M","E"],"character_chosen":"WATCHER","items_purchased":[],"campfire_rested":0,"item_purchase_floors":[],"current_hp_per_floor":[48,48,46,46,33,33,30,30,30,13,8],"gold":204,"neow_bonus":"BOSS_RELIC","is_prod":false,"is_daily":false,"chose_seed":false,"campfire_upgraded":2,"win_rate":0,"timestamp":1568262950,"path_taken":["M","?","M","M","M","R","?","R","T","M","E"],"build_version":"2019-09-10","purchased_purges":0,"victory":false,"max_hp_per_floor":[61,61,61,61,61,61,61,61,61,61,61],"card_choices":[{"not_picked":["SpiritShield","FollowUp"],"picked":"EmptyMind","floor":1.0},{"not_picked":["Protect","FollowUp"],"picked":"Fasting","floor":3.0},{"not_picked":["FollowUp","Nirvana"],"picked":"Wireheading","floor":4.0},{"not_picked":["Wireheading","WindmillStrike"],"picked":"EmptyBody","floor":5.0},{"not_picked":["Crescendo","ThirdEye"],"picked":"Prostrate","floor":7.0},{"not_picked":["ThirdEye","FollowUp"],"picked":"Protect","floor":10.0}],"player_experience":3293327,"relics_obtained":[{"floor":9.0,"key":"Orichalcum"}],"event_choices":[{"damage_healed":0.0,"max_hp_gain":0.0,"max_hp_loss":0.0,"gold_gain":0.0,"event_name":"Accursed Blacksmith","player_choice":"Forge","floor":2.0,"gold_loss":0.0,"damage_taken":0.0,"cards_upgraded":["EmptyMind"]}],"is_beta":true,"boss_relics":[],"items_purged_floors":[],"is_endless":false,"potions_floor_spawned":[1,4,5],"killed_by":"Gremlin Nob","ascension_level":20}