{"gold_per_floor":[118,131,131,131,145,145,176,194,194,194,369,369,399,399,399,495,495,495,514,112,312,329,362,362,392,392,411,442,459,484,484,484,484],"floor_reached":33,"playtime":3344,"items_purged":["Doubt"],"score":315,"play_id":"01f4243f-5799-4f83-bef2-c22acc6f3b7a","local_time":"20190917114339","is_ascension_mode":false,"campfire_choices":[{"data":"Crippling Poison","floor":6,"key":"SMITH"},{"floor":10,"key":"REST"},{"floor":12,"key":"REST"},{"data":"Caltrops","floor":15,"key":"SMITH"},{"floor":24,"key":"REST"},{"floor":32,"key":"REST"}],"neow_cost":"NONE","seed_source_timestamp":1792474858924300,"circlet_count":0,"master_deck":["Strike_G","Strike_G","Strike_G","Strike_G","Defend_G","Defend_G","Defend_G","Defend_G","Defend_G","Survivor","Neutralize","Backflip","Crippling Poison+1","Flying Knee","Backflip","Dagger Spray","Caltrops+1","Poisoned Stab","Adrenaline","Blade Dance","Finisher","Corpse Explosion","Footwork","Well Laid Plans+1","Adrenaline"],"relics":["Ring of the Snake","Pen Nib","Letter Opener","Boot","Orichalcum","Dodecahedron","Orrery","Kunai","Question Card","Red Mask","Pear","Pantograph","Potion Belt"],"potions_floor_usage":[7,30,30,33,33],"damage_taken":[{"damage":5,"enemies":"Cultist","floor":1,"turns":4},{"damage":0,"enemies":"2 Louse","floor":2,"turns":3},{"damage":5,"enemies":"Jaw Worm","floor":3,"turns":5},{"damage":7,"enemies":"3 Louse","floor":5,"turns":4},{"damage":23,"enemies":"Lagavulin","floor":7,"turns":8},{"damage":17,"enemies":"Gremlin Gang","floor":8,"turns":4},{"damage":12,"enemies":"3 Sentries","floor":13,"turns":7},{"damage":30,"enemies":"Hexaghost","floor":16,"turns":11},{"damage":0,"enemies":"Chosen","floor":18,"turns":3},{"damage":0,"enemies":"3 Byrds","floor":19,"turns":2},{"damage":21,"enemies":"Centurion and Healer","floor":22,"turns":7},{"damage":16,"enemies":"Gremlin Leader","floor":23,"turns":7},{"damage":1,"enemies":"Masked Bandits","floor":25,"turns":2},{"damage":17,"enemies":"Snake Plant","floor":27,"turns":4},{"damage":27,"enemies":"Slavers","floor":28,"turns":4},{"damage":12,"enemies":"Chosen and Byrds","floor":29,"turns":7},{"damage":6,"enemies":"Book of Stabbing","floor":30,"turns":5},{"damage":33,"enemies":"Collector","floor":33,"turns":7}],"seed_played":"-7226834279705103287","potions_obtained":[{"floor":1,"key":"EssenceOfSteel"},{"floor":2,"key":"Poison Potion"},{"floor":5,"key":"AttackPotion"},{"floor":18,"key":"Poison Potion"},{"floor":22,"key":"GhostInAJar"},{"floor":30,"key":"Strength Potion"}],"is_trial":false,"path_per_floor":["M","M","M","$","M","R","E","M","T","R","?","R","E","T","R","B",null,"M","M","$","?","M","E","R","?","T","M","E","M","E","?","R","B"],"character_chosen":"THE_SILENT","items_purchased":["Footwork","Kunai"],"campfire_rested":4,"item_purchase_floors":[20,20],"current_hp_per_floor":[65,65,60,60,53,53,30,13,13,34,34,55,43,43,43,13,70,70,70,70,70,49,33,54,53,63,46,19,7,1,1,25,17],"gold":484,"neow_bonus":"RANDOM_COMMON_RELIC","is_prod":false,"is_daily":false,"chose_seed":false,"campfire_upgraded":2,"win_rate":0.0,"timestamp":1568735019,"path_taken":["M","M","?","$","?","R","E","M","T","R","?","R","E","?","R","BOSS","M","M","$","?","?","E","R","?","T","M","E","M","E","?","R","BOSS"],"build_version":"2019-07-17","purchased_purges":1,"victory":false,"max_hp_per_floor":[70,70,70,70,70,70,70,70,70,70,70,70,70,70,70,70,70,70,70,70,70,70,70,70,70,80,80,80,80,80,80,80,80],"card_choices":[{"not_picked":["Leg Sweep","Bane"],"picked":"Backflip","floor":1},{"not_picked":["Heel Hook","Terror"],"picked":"Crippling Poison","floor":2},{"not_picked":["Flechettes","Dagger Spray"],"picked":"Flying Knee","floor":3},{"not_picked":["Distraction","Quick Slash"],"picked":"Backflip","floor":5},{"not_picked":["Flying Knee","Deadly Poison"],"picked":"Dagger Spray","floor":7},{"not_picked":["PiercingWail","Backflip"],"picked":"Caltrops","floor":8},{"not_picked":["Blade Dance","Skewer"],"picked":"Poisoned Stab","floor":13},{"not_picked":["Malaise","Wraith Form v2"],"picked":"Adrenaline","floor":16},{"not_picked":["Eviscerate","Backflip"],"picked":"Blade Dance","floor":17},{"not_picked":["Endless Agony","Caltrops"],"picked":"Finisher","floor":17},{"not_picked":["Quick Slash+1","Bane"],"picked":"Corpse Explosion","floor":18},{"not_picked":["Flying Knee","Flechettes","Predator+1"],"picked":"SKIP","floor":19},{"not_picked":["Outmaneuver","Terror"],"picked":"Well Laid Plans+1","floor":22},{"not_picked":["Deflect","Blade Dance","Predator"],"picked":"SKIP","floor":23},{"not_picked":["Dagger Spray","Heel Hook","Poisoned Stab","Blur"],"picked":"SKIP","floor":27},{"not_picked":["Venomology","Calculated Gamble","Flechettes","Dagger Throw"],"picked":"SKIP","floor":28},{"not_picked":["Sucker Punch+1","Flying Knee","Crippling Poison","Backflip"],"picked":"SKIP","floor":29},{"not_picked":["Riddle With Holes","Bane","Corpse Explosion","Poisoned Stab"],"picked":"SKIP","floor":30}],"player_experience":39974,"relics_obtained":[{"floor":7,"key":"Letter Opener"},{"floor":9,"key":"Boot"},{"floor":13,"key":"Orichalcum"},{"floor":14,"key":"Dodecahedron"},{"floor":23,"key":"Question Card"},{"floor":25,"key":"Red Mask"},{"floor":26,"key":"Pear"},{"floor":28,"key":"Pantograph"},{"floor":30,"key":"Potion Belt"}],"event_choices":[{"damage_healed":0,"gold_gain":175,"player_choice":"AGREE","damage_taken":0,"max_hp_gain":0,"max_hp_loss":0,"event_name":"Liars Game","floor":11,"gold_loss":0,"cards_obtained":["Doubt"]},{"damage_healed":0,"gold_gain":250,"player_choice":"Bet on Owner","damage_taken":0,"max_hp_gain":0,"max_hp_loss":0,"event_name":"The Joust","floor":21,"gold_loss":50},{"damage_healed":0,"gold_gain":0,"player_choice":"Fought Bandits","damage_taken":0,"max_hp_gain":0,"max_hp_loss":0,"event_name":"Masked Bandits","floor":25,"gold_loss":0},{"damage_healed":0,"gold_gain":0,"cards_transformed":["Strike_G"],"player_choice":"Transformed","damage_taken":0,"max_hp_gain":0,"max_hp_loss":0,"event_name":"Transmorgrifier","floor":31,"gold_loss":0,"cards_obtained":["Adrenaline"]}],"is_beta":false,"boss_relics":[{"not_picked":["Ring of the Serpent","Calling Bell"],"picked":"Orrery"}],"items_purged_floors":[20],"is_endless":false,"potions_floor_spawned":[1,2,5,18,22,27,30],"killed_by":"Collector","ascension_level":0}