{"gold_per_floor":[113,113,388,407,407,407,407,437,463,463,481,515,515,216,216,289,289,301,226,244,254,274,303,303,330,381,396,427,453,453,136,136,213,213,227,102,102,102,324,357,102,127,127,140,170,188,221,621,621,621,621,621,621,15,44,44],"floor_reached":57,"playtime":3685,"items_purged":["Regret","Beam Cell","FTL+1","Storm","Leap"],"score":3839,"play_id":"fd87df2d-1b80-47ab-b9af-b1de9581944b","local_time":"20190906133446","daily_mods":["SealedDeck"],"is_ascension_mode":true,"campfire_choices":[{"data":"Coolheaded","floor":6.0,"key":"SMITH"},{"data":"Streamline","floor":10.0,"key":"SMITH"},{"data":"Turbo","floor":13.0,"key":"SMITH"},{"data":"Hologram","floor":15.0,"key":"SMITH"},{"data":"Skim","floor":24.0,"key":"SMITH"},{"data":"Defragment","floor":30.0,"key":"SMITH"},{"floor":32.0,"key":"RECALL"},{"data":"Rage","floor":49.0,"key":"SMITH"},{"data":"Heatsinks","floor":53,"key":"SMITH"}],"neow_cost":"","seed_source_timestamp":0,"circlet_count":0,"master_deck":["AscendersBane","Hologram+1","Gash+1","White Noise","Recycle+1","Coolheaded+1","Turbo+1","Self Repair","Skim+1","Defragment+1","Finesse","Heatsinks+1","Evolve+1","Rage+1"],"special_seed":0,"relics":["Cracked Core","Kunai","Bag of Preparation","Gambling Chip","OrangePellets","Inserter","Calipers","Molten Egg 2","Potion Belt","Omamori","Red Mask","PrismaticShard","Black Star","Juzu Bracelet","Nunchaku","Question Card","Orichalcum","Letter Opener","Ornamental Fan","Regal Pillow","Boot","Pantograph","Old Coin","Incense Burner","Oddly Smooth Stone","Gremlin Horn"],"potions_floor_usage":[56,56,56,56],"damage_taken":[{"damage":2.0,"enemies":"Jaw Worm","floor":1.0,"turns":3.0},{"damage":9.0,"enemies":"2 Louse","floor":4.0,"turns":3.0},{"damage":27.0,"enemies":"3 Sentries","floor":8.0,"turns":12.0},{"damage":0.0,"enemies":"Cultist","floor":11.0,"turns":2.0},{"damage":2.0,"enemies":"Lagavulin","floor":12.0,"turns":4.0},{"damage":0.0,"enemies":"Hexaghost","floor":16.0,"turns":8.0},{"damage":6.0,"enemies":"2 Thieves","floor":18.0,"turns":4.0},{"damage":0.0,"enemies":"3 Byrds","floor":20.0,"turns":2.0},{"damage":29.0,"enemies":"Sentry and Sphere","floor":21.0,"turns":4.0},{"damage":1.0,"enemies":"3 Cultists","floor":22.0,"turns":3.0},{"damage":0.0,"enemies":"Book of Stabbing","floor":23.0,"turns":4.0},{"damage":0.0,"enemies":"Gremlin Leader","floor":25.0,"turns":2.0},{"damage":13.0,"enemies":"Snake Plant","floor":27.0,"turns":3.0},{"damage":11.0,"enemies":"Slavers","floor":28.0,"turns":4.0},{"damage":0.0,"enemies":"Masked Bandits","floor":29.0,"turns":2.0},{"damage":0.0,"enemies":"Automaton","floor":33.0,"turns":4.0},{"damage":0.0,"enemies":"3 Shapes","floor":35.0,"turns":2.0},{"damage":0.0,"enemies":"Giant Head","floor":40.0,"turns":3.0},{"damage":0.0,"enemies":"Reptomancer","floor":42.0,"turns":2.0},{"damage":0.0,"enemies":"Orb Walker","floor":44.0,"turns":1.0},{"damage":0.0,"enemies":"Giant Head","floor":45.0,"turns":1.0},{"damage":0.0,"enemies":"Spire Growth","floor":46.0,"turns":1.0},{"damage":0.0,"enemies":"Nemesis","floor":47.0,"turns":1.0},{"damage":0.0,"enemies":"Mind Bloom Boss Battle","floor":48.0,"turns":1.0},{"damage":0.0,"enemies":"Awakened One","floor":50.0,"turns":3.0},{"damage":0,"enemies":"Donu and Deca","floor":51,"turns":1},{"damage":0,"enemies":"Shield and Spear","floor":55,"turns":5},{"damage":0,"enemies":"The Heart","floor":56,"turns":5}],"seed_played":"-1420627725900689514","potions_obtained":[{"floor":11.0,"key":"SkillPotion"},{"floor":16.0,"key":"SkillPotion"},{"floor":20.0,"key":"Ancient Potion"},{"floor":23.0,"key":"PowerPotion"},{"floor":27.0,"key":"Poison Potion"},{"floor":28.0,"key":"Regen Potion"},{"floor":35.0,"key":"SpeedPotion"},{"floor":46.0,"key":"SteroidPotion"},{"floor":47.0,"key":"Fire Potion"}],"is_trial":true,"path_per_floor":["M","?","?","M","?","R","?","E","T","R","M","E","R","$","R","B",null,"M","?","M","M","M","E","R","E","T","M","E","?","R","$","R","B",null,"M","$","?","T","?","E","$","E","T","M","E","M","E","?","R","B","B",null,"R","$","E","B",null],"character_chosen":"DEFECT","items_purchased":["OrangePellets","PrismaticShard","Finesse","Incense Burner","PowerPotion","Dexterity Potion"],"campfire_rested":0,"item_purchase_floors":[14,31,41,54,54,54],"current_hp_per_floor":[62,62,62,53,32,32,32,5,5,5,5,3,3,3,3,10,56,57,57,64,42,48,55,55,62,62,56,52,64,64,64,64,71,71,71,71,71,71,71,71,71,71,71,71,71,71,71,71,71,71,71,71,71,71,71,71],"gold":44,"neow_bonus":"","is_prod":false,"is_daily":false,"chose_seed":false,"campfire_upgraded":8,"win_rate":0,"timestamp":1567748086,"path_taken":["M","?","?","?","?","R","?","E","T","R","M","E","R","$","R","BOSS","M","?","M","M","M","E","R","E","T","M","E","?","R","$","R","BOSS","M","$","?","?","?","E","?","E","T","M","E","M","E","?","R","BOSS","BOSS","R","$","E","BOSS"],"build_version":"2019-08-26","purchased_purges":5,"victory":true,"max_hp_per_floor":[71,71,71,71,71,71,71,71,71,71,71,71,71,71,71,71,71,71,71,71,71,71,71,71,71,71,71,71,71,71,71,71,71,71,71,71,71,71,71,71,71,71,71,71,71,71,71,71,71,71,71,71,71,71,71,71],"card_choices":[{"not_picked":["Steam","Recycle","Sweeping Beam"],"picked":"SKIP","floor":1.0},{"not_picked":["Rebound","Reinforced Body"],"picked":"Coolheaded","floor":4.0},{"not_picked":["Stack","Melter","Sunder"],"picked":"SKIP","floor":8.0},{"not_picked":["Steam Power","Stack"],"picked":"Turbo","floor":11.0},{"not_picked":["Capacitor","Conserve Battery"],"picked":"Self Repair","floor":12.0},{"not_picked":["Hologram","Turbo","Steam"],"picked":"SKIP","floor":18.0},{"not_picked":["Compile Driver","Beam Cell"],"picked":"Skim","floor":20.0},{"not_picked":["Auto Shields","Steam","Gash"],"picked":"SKIP","floor":21.0},{"not_picked":["Conserve Battery","Amplify","Coolheaded"],"picked":"SKIP","floor":22.0},{"not_picked":["Rip and Tear","Skim"],"picked":"Defragment","floor":23.0},{"not_picked":["Doom and Gloom","Core Surge","Rebound"],"picked":"SKIP","floor":25.0},{"not_picked":["Turbo","Reinforced Body","Stack"],"picked":"SKIP","floor":27.0},{"not_picked":["Hologram","Conserve Battery+1","Redo"],"picked":"SKIP","floor":28.0},{"not_picked":["Iron Wave+1","Cold Snap+1","PiercingWail+1"],"picked":"SKIP","floor":35.0},{"not_picked":["PiercingWail","Setup","Flex"],"picked":"SKIP","floor":40.0},{"not_picked":["Armaments","Havoc"],"picked":"Heatsinks","floor":42.0},{"not_picked":["Reflex+1","Skewer+1","Flex"],"picked":"Evolve+1","floor":44.0},{"not_picked":["Genetic Algorithm","Double Energy","Aggregate","Rip and Tear+1"],"picked":"SKIP","floor":45.0},{"not_picked":["Rage","Headbutt+1","Tactician","Dual Wield"],"picked":"SKIP","floor":46.0},{"not_picked":["Headbutt+1","Tactician","Dual Wield"],"picked":"Rage","floor":46.0},{"not_picked":["Dagger Throw+1","Force Field","Secret Weapon","Spot Weakness"],"picked":"SKIP","floor":47.0},{"not_picked":["Prepared","Skim+1","Flame Barrier+1","Impatience"],"picked":"SKIP","floor":55}],"player_experience":3178154,"relics_obtained":[{"floor":8.0,"key":"Kunai"},{"floor":9.0,"key":"Bag of Preparation"},{"floor":12.0,"key":"Gambling Chip"},{"floor":23.0,"key":"Calipers"},{"floor":25.0,"key":"Molten Egg 2"},{"floor":26.0,"key":"Potion Belt"},{"floor":28.0,"key":"Omamori"},{"floor":29.0,"key":"Red Mask"},{"floor":40.0,"key":"Juzu Bracelet"},{"floor":40.0,"key":"Nunchaku"},{"floor":42.0,"key":"Question Card"},{"floor":42.0,"key":"Orichalcum"},{"floor":43.0,"key":"Letter Opener"},{"floor":45.0,"key":"Ornamental Fan"},{"floor":45.0,"key":"Regal Pillow"},{"floor":47.0,"key":"Boot"},{"floor":47.0,"key":"Pantograph"},{"floor":48.0,"key":"Old Coin"},{"floor":55,"key":"Oddly Smooth Stone"},{"floor":55,"key":"Gremlin Horn"}],"event_choices":[{"damage_healed":0.0,"max_hp_gain":0.0,"max_hp_loss":0.0,"gold_gain":0.0,"event_name":"Living Wall","player_choice":"Grow","floor":2.0,"gold_loss":0.0,"damage_taken":0.0,"cards_upgraded":["Recycle"]},{"damage_healed":0.0,"max_hp_gain":0.0,"max_hp_loss":0.0,"gold_gain":275.0,"event_name":"Golden Shrine","player_choice":"Desecrate","floor":3.0,"gold_loss":0.0,"damage_taken":0.0,"cards_obtained":["Regret"]},{"damage_healed":0.0,"max_hp_gain":0.0,"max_hp_loss":0.0,"gold_gain":0.0,"event_name":"Shining Light","player_choice":"Entered Light","floor":5.0,"gold_loss":0.0,"damage_taken":21.0,"cards_upgraded":["Gash","FTL"]},{"damage_healed":0.0,"max_hp_gain":0.0,"max_hp_loss":0.0,"gold_gain":0.0,"event_name":"Liars Game","player_choice":"Ignored","floor":7.0,"gold_loss":0.0,"damage_taken":0.0},{"cards_removed":["Streamline"],"damage_healed":0.0,"max_hp_gain":0.0,"max_hp_loss":0.0,"gold_gain":0.0,"event_name":"Beggar","player_choice":"Gave Gold","floor":19.0,"gold_loss":75.0,"damage_taken":0.0},{"damage_healed":0.0,"max_hp_gain":0.0,"max_hp_loss":0.0,"gold_gain":0.0,"event_name":"Masked Bandits","player_choice":"Fought Bandits","floor":29.0,"gold_loss":0.0,"damage_taken":0.0},{"cards_removed":["Conserve Battery"],"damage_healed":0.0,"max_hp_gain":0.0,"max_hp_loss":0.0,"gold_gain":0.0,"event_name":"Falling","player_choice":"Removed Skill","floor":37.0,"gold_loss":0.0,"damage_taken":0.0},{"damage_healed":0.0,"max_hp_gain":0.0,"max_hp_loss":0.0,"gold_gain":222.0,"event_name":"Tomb of Lord Red Mask","player_choice":"Wore Mask","floor":39.0,"gold_loss":0.0,"damage_taken":0.0},{"damage_healed":0.0,"max_hp_gain":0.0,"max_hp_loss":0.0,"gold_gain":0.0,"event_name":"MindBloom","player_choice":"Fight","floor":48.0,"gold_loss":0.0,"damage_taken":0.0}],"is_beta":true,"boss_relics":[{"not_picked":["Cursed Key","Velvet Choker"],"picked":"Inserter"},{"not_picked":["Runic Dome","Runic Pyramid"],"picked":"Black Star"}],"items_purged_floors":[14,31,36,41,54],"is_endless":false,"potions_floor_spawned":[11,16,20,22,23,25,27,28,35,45,46,47],"ascension_level":20}