{"gold_per_floor":[215,225,79,99,119,119,136,136,190,225,225,238,265,280,280,375,375,390,401,401,401,401,459,477,477,477,477,42,42,42,42,42,144,194,213,21,121,121,133,133,166,178,214,246,258,281,343,373,385,397],"floor_reached":50,"playtime":3282,"items_purged":[],"score":575,"play_id":"6bf92a74-f8d4-4d80-8f4c-2064202b91ef","local_time":"20190909103940","is_ascension_mode":false,"campfire_choices":[{"data":"Perfected Strike","floor":6,"key":"SMITH"},{"data":"Headbutt","floor":8,"key":"SMITH"},{"floor":15,"key":"REST"},{"floor":29,"key":"REST"},{"floor":32,"key":"REST"},{"data":"Armaments","floor":40,"key":"SMITH"},{"floor":42,"key":"REST"},{"floor":45,"key":"REST"},{"floor":49,"key":"REST"}],"neow_cost":"NONE","seed_source_timestamp":954812477433359,"circlet_count":0,"master_deck":["Strike_R+1","Strike_R+1","Strike_R+1","Strike_R+1","Strike_R+1","Defend_R+1","Defend_R+1","Defend_R+1","Defend_R+1","Bash","Metallicize","Ghostly Armor","Twin Strike+1","Perfected Strike+1","Headbutt+1","Perfected Strike","Thunderclap","Flex","Flex","Juggernaut","Twin Strike","Cleave+1","Necronomicurse","Anger","Iron Wave+1","Apotheosis","Anger","Immolate","Armaments+1","Wild Strike+1","Armaments","Impervious","Impervious","Whirlwind","Metallicize","Flex+1","Clothesline+1","Twin Strike","Dual Wield+1"],"relics":["Burning Blood","Blood Vial","Orichalcum","Mercury Hourglass","Happy Flower","Black Star","Necronomicon","Matryoshka","Tiny Chest","Red Skull","Pocketwatch","Sling","Tiny House","Toy Ornithopter","Prayer Wheel","MawBank","Vajra","Lantern","Art of War","Potion Belt"],"potions_floor_usage":[7,16,33,33,33,35,37,41,50],"damage_taken":[{"damage":5,"enemies":"Cultist","floor":1,"turns":4},{"damage":6,"enemies":"Jaw Worm","floor":2,"turns":6},{"damage":1,"enemies":"2 Louse","floor":4,"turns":4},{"damage":6,"enemies":"Blue Slaver","floor":5,"turns":5},{"damage":5,"enemies":"Looter","floor":7,"turns":2},{"damage":16,"enemies":"Lagavulin","floor":10,"turns":5},{"damage":2,"enemies":"Exordium Thugs","floor":12,"turns":4},{"damage":4,"enemies":"3 Sentries","floor":13,"turns":5},{"damage":7,"enemies":"2 Fungi Beasts","floor":14,"turns":3},{"damage":36,"enemies":"Hexaghost","floor":16,"turns":7},{"damage":18,"enemies":"3 Byrds","floor":18,"turns":3},{"damage":4,"enemies":"2 Thieves","floor":19,"turns":2},{"damage":27,"enemies":"Gremlin Leader","floor":23,"turns":5},{"damage":0,"enemies":"Snecko","floor":24,"turns":2},{"damage":45,"enemies":"Automaton","floor":33,"turns":8},{"damage":19,"enemies":"3 Darklings","floor":35,"turns":3},{"damage":40,"enemies":"Mind Bloom Boss Battle","floor":37,"turns":5},{"damage":4,"enemies":"Orb Walker","floor":39,"turns":2},{"damage":62,"enemies":"Giant Head","floor":41,"turns":8},{"damage":15,"enemies":"4 Shapes","floor":44,"turns":4},{"damage":39,"enemies":"Writhing Mass","floor":46,"turns":6},{"damage":12,"enemies":"Spire Growth","floor":48,"turns":4},{"damage":84,"enemies":"Time Eater","floor":50,"turns":9}],"seed_played":"6457984247351540897","potions_obtained":[{"floor":1,"key":"FearPotion"},{"floor":7,"key":"Fruit Juice"},{"floor":12,"key":"SpeedPotion"},{"floor":13,"key":"FearPotion"},{"floor":16,"key":"Poison Potion"},{"floor":24,"key":"EssenceOfSteel"},{"floor":33,"key":"Weak Potion"},{"floor":34,"key":"Poison Potion"},{"floor":39,"key":"BloodPotion"},{"floor":46,"key":"FearPotion"}],"is_trial":false,"path_per_floor":["M","M","$","M","M","R","M","R","T","E","?","M","E","M","R","B",null,"M","M","?","?","?","E","M","?","T","?","$","R","?","$","R","B",null,"M","$","?","?","M","R","E","R","T","M","R","M","T","M","R","B"],"character_chosen":"IRONCLAD","items_purchased":["Blood Vial","Apotheosis","Anger","Sling","Toy Ornithopter"],"campfire_rested":6,"item_purchase_floors":[3,28,28,28,36],"current_hp_per_floor":[80,80,80,80,80,80,85,85,85,75,58,64,68,69,85,55,85,73,77,77,61,45,26,34,34,34,34,34,61,61,61,88,51,95,82,82,55,55,59,59,33,61,61,54,82,51,51,47,75,0],"gold":397,"neow_bonus":"HUNDRED_GOLD","is_prod":false,"is_daily":false,"chose_seed":false,"campfire_upgraded":3,"win_rate":0.0,"timestamp":1568050780,"path_taken":["M","M","$","?","M","R","M","R","T","E","?","M","E","M","R","BOSS","M","M","?","?","?","E","?","?","T","?","$","R","?","$","R","BOSS","M","$","?","?","?","R","E","R","T","?","R","M","?","M","R","BOSS"],"build_version":"2019-07-17","purchased_purges":0,"victory":false,"max_hp_per_floor":[80,80,80,80,80,80,85,85,85,85,85,85,85,85,85,85,85,85,85,85,90,90,90,90,90,90,90,90,90,90,90,90,90,95,95,95,95,95,95,95,95,95,95,95,95,95,95,95,95,95],"card_choices":[{"not_picked":["Feel No Pain","Clothesline"],"picked":"Metallicize","floor":1},{"not_picked":["Pummel","Iron Wave"],"picked":"Ghostly Armor","floor":2},{"not_picked":["Sword Boomerang","Body Slam"],"picked":"Twin Strike","floor":4},{"not_picked":["True Grit","Ghostly Armor"],"picked":"Perfected Strike","floor":5},{"not_picked":["Pommel Strike","Berserk"],"picked":"Headbutt","floor":7},{"not_picked":["Limit Break","Flex"],"picked":"Perfected Strike","floor":10},{"not_picked":["Heavy Blade","Sword Boomerang"],"picked":"Thunderclap","floor":12},{"not_picked":["Corruption","Exhume"],"picked":"Flex","floor":13},{"not_picked":["Corruption","Thunderclap"],"picked":"Flex","floor":14},{"not_picked":["Feed","Brutality"],"picked":"Juggernaut","floor":16},{"not_picked":["Heavy Blade","Entrench+1"],"picked":"Twin Strike","floor":18},{"not_picked":["Shrug It Off","Pummel+1"],"picked":"Cleave+1","floor":19},{"not_picked":["Reckless Charge","Cleave"],"picked":"Anger","floor":23},{"not_picked":["Searing Blow+1","Cleave"],"picked":"Iron Wave+1","floor":24},{"not_picked":["Limit Break","Brutality"],"picked":"Immolate","floor":33},{"not_picked":["Fire Breathing+1","Thunderclap"],"picked":"Armaments","floor":34},{"not_picked":["Combust+1","Reckless Charge+1","Fire Breathing+1"],"picked":"SKIP","floor":35},{"not_picked":["Clothesline+1","Anger+1"],"picked":"Wild Strike+1","floor":37},{"not_picked":["Pummel","Clothesline"],"picked":"Impervious","floor":39},{"not_picked":["Sever Soul+1","Warcry","Body Slam"],"picked":"SKIP","floor":39},{"not_picked":["Sentinel","Headbutt"],"picked":"Impervious","floor":41},{"not_picked":["Clash+1","Clothesline+1"],"picked":"Whirlwind","floor":44},{"not_picked":["Iron Wave","Infernal Blade"],"picked":"Metallicize","floor":44},{"not_picked":["Hemokinesis+1","Body Slam"],"picked":"Flex+1","floor":46},{"not_picked":["True Grit","Cleave"],"picked":"Clothesline+1","floor":46},{"not_picked":["Seeing Red+1","Sword Boomerang+1"],"picked":"Twin Strike","floor":48},{"not_picked":["Rupture+1","Heavy Blade"],"picked":"Dual Wield+1","floor":48}],"player_experience":497185,"relics_obtained":[{"floor":9,"key":"Orichalcum"},{"floor":10,"key":"Mercury Hourglass"},{"floor":13,"key":"Happy Flower"},{"floor":22,"key":"Necronomicon"},{"floor":23,"key":"Matryoshka"},{"floor":23,"key":"Tiny Chest"},{"floor":26,"key":"Red Skull"},{"floor":26,"key":"Pocketwatch"},{"floor":37,"key":"Prayer Wheel"},{"floor":41,"key":"MawBank"},{"floor":41,"key":"Vajra"},{"floor":43,"key":"Lantern"},{"floor":43,"key":"Art of War"},{"floor":47,"key":"Potion Belt"}],"event_choices":[{"damage_healed":0,"gold_gain":0,"player_choice":"Entered Light","damage_taken":17,"max_hp_gain":0,"max_hp_loss":0,"event_name":"Shining Light","floor":11,"gold_loss":0,"cards_upgraded":["Strike_R","Defend_R"]},{"damage_healed":0,"gold_gain":0,"player_choice":"Ignored","damage_taken":0,"max_hp_gain":0,"max_hp_loss":0,"event_name":"Ghosts","floor":20,"gold_loss":0},{"damage_healed":0,"gold_gain":0,"player_choice":"Shed Blood","damage_taken":21,"max_hp_gain":5,"max_hp_loss":0,"event_name":"Forgotten Altar","floor":21,"gold_loss":0},{"damage_healed":0,"gold_gain":0,"player_choice":"Obtained Book","damage_taken":16,"max_hp_gain":0,"max_hp_loss":0,"event_name":"Cursed Tome","floor":22,"gold_loss":0},{"damage_healed":0,"gold_gain":0,"player_choice":"Simplicity","damage_taken":0,"max_hp_gain":0,"max_hp_loss":0,"event_name":"Back to Basics","floor":25,"gold_loss":0,"cards_upgraded":["Strike_R","Strike_R","Strike_R","Strike_R","Defend_R","Defend_R","Defend_R"]},{"damage_healed":0,"gold_gain":0,"player_choice":"Ignored","damage_taken":0,"max_hp_gain":0,"max_hp_loss":0,"event_name":"Beggar","floor":27,"gold_loss":0},{"damage_healed":0,"gold_gain":0,"player_choice":"Ignored","damage_taken":0,"max_hp_gain":0,"max_hp_loss":0,"event_name":"NoteForYourself","floor":30,"gold_loss":0},{"damage_healed":0,"gold_gain":0,"player_choice":"Fight","damage_taken":0,"max_hp_gain":0,"max_hp_loss":0,"event_name":"MindBloom","floor":37,"gold_loss":0},{"damage_healed":0,"gold_gain":0,"player_choice":"Copied","damage_taken":0,"max_hp_gain":0,"max_hp_loss":0,"event_name":"Duplicator","floor":38,"gold_loss":0,"cards_obtained":["Armaments"]}],"is_beta":false,"boss_relics":[{"not_picked":["Orrery","Coffee Dripper"],"picked":"Black Star"},{"not_picked":["Runic Cube","Lizard Tail"],"picked":"Tiny House"}],"items_purged_floors":[],"is_endless":false,"potions_floor_spawned":[1,7,12,13,16,24,33,39,46],"killed_by":"Time Eater","ascension_level":0}