{"gold_per_floor":[117,135,135,156,156,191,191,230,257,257,290,2,2,38,38,131,131,151,151,151,51,51,91,91,91,143,182,195,235,254,269,269,365,365,380,380,380,255,276,312,328,367,393,427,453,468,468,483,483,483,483,483,483,70,110,110],"floor_reached":57,"playtime":2187,"items_purged":["Cloak And Dagger","Noxious Fumes","Eviscerate","Deflect"],"score":4023,"play_id":"0efb39bb-6651-4498-8c93-e9f93739f962","local_time":"20190827115743","daily_mods":["SealedDeck"],"is_ascension_mode":true,"campfire_choices":[{"data":"Tactician","floor":7.0,"key":"SMITH"},{"data":"Prepared","floor":10.0,"key":"SMITH"},{"data":"Acrobatics","floor":13.0,"key":"SMITH"},{"data":"Body Slam","floor":15.0,"key":"SMITH"},{"data":"Well Laid Plans","floor":24.0,"key":"SMITH"},{"floor":32.0,"key":"RECALL"},{"data":"Panacea","floor":47,"key":"SMITH"},{"data":"Backflip","floor":49,"key":"SMITH"},{"data":"Noxious Fumes","floor":53,"key":"SMITH"}],"neow_cost":"","seed_source_timestamp":0,"circlet_count":0,"master_deck":["AscendersBane","Noxious Fumes+1","Backflip+1","Prepared+1","Acrobatics+1","Tactician+1","Well Laid Plans+1","Body Slam+1","Panacea+1","Blur"],"special_seed":0,"relics":["Ring of the Snake","Golden Idol","Happy Flower","Lantern","Letter Opener","PrismaticShard","Orichalcum","WristBlade","MutagenicStrength","Vajra","Boot","Mango","Oddly Smooth Stone","Runic Pyramid","Matryoshka","Pen Nib","Bronze Scales","Potion Belt","Blood Vial","PreservedInsect","Bag of Marbles","Bag of Preparation","Anchor"],"potions_floor_usage":[40,42,56,56,56],"damage_taken":[{"damage":0.0,"enemies":"Small Slimes","floor":1.0,"turns":1.0},{"damage":0.0,"enemies":"2 Louse","floor":2.0,"turns":1.0},{"damage":0.0,"enemies":"Jaw Worm","floor":4.0,"turns":1.0},{"damage":0.0,"enemies":"Gremlin Nob","floor":6.0,"turns":1.0},{"damage":0.0,"enemies":"3 Sentries","floor":8.0,"turns":1.0},{"damage":0.0,"enemies":"Lagavulin","floor":11.0,"turns":2.0},{"damage":0.0,"enemies":"Gremlin Nob","floor":14.0,"turns":1.0},{"damage":0.0,"enemies":"Slime Boss","floor":16.0,"turns":1.0},{"damage":0.0,"enemies":"Chosen","floor":18.0,"turns":1.0},{"damage":0.0,"enemies":"Gremlin Leader","floor":23.0,"turns":1.0},{"damage":0.0,"enemies":"Book of Stabbing","floor":27.0,"turns":1.0},{"damage":0.0,"enemies":"Spheric Guardian","floor":28.0,"turns":1.0},{"damage":0.0,"enemies":"Slavers","floor":29.0,"turns":1.0},{"damage":1.0,"enemies":"Chosen and Byrds","floor":30.0,"turns":3.0},{"damage":0.0,"enemies":"Snake Plant","floor":31.0,"turns":1.0},{"damage":0.0,"enemies":"Champ","floor":33.0,"turns":1.0},{"damage":0,"enemies":"3 Shapes","floor":35,"turns":1},{"damage":0,"enemies":"3 Darklings","floor":39,"turns":1},{"damage":0,"enemies":"Giant Head","floor":40,"turns":1},{"damage":0,"enemies":"Spire Growth","floor":41,"turns":1},{"damage":0,"enemies":"Nemesis","floor":42,"turns":1},{"damage":0,"enemies":"Reptomancer","floor":44,"turns":1},{"damage":0,"enemies":"Transient","floor":46,"turns":1},{"damage":0,"enemies":"Writhing Mass","floor":48,"turns":1},{"damage":0,"enemies":"Donu and Deca","floor":50,"turns":1},{"damage":0,"enemies":"Awakened One","floor":51,"turns":2},{"damage":0,"enemies":"Shield and Spear","floor":55,"turns":1},{"damage":0,"enemies":"The Heart","floor":56,"turns":4}],"seed_played":"2938460897339696024","potions_obtained":[{"floor":2.0,"key":"LiquidBronze"},{"floor":6.0,"key":"Block Potion"},{"floor":8.0,"key":"EntropicBrew"},{"floor":16.0,"key":"GamblersBrew"},{"floor":27.0,"key":"Dexterity Potion"},{"floor":40,"key":"Fruit Juice"},{"floor":41,"key":"Regen Potion"},{"floor":42,"key":"Dexterity Potion"},{"floor":48,"key":"Weak Potion"}],"is_trial":true,"path_per_floor":["M","M","?","M","?","E","R","E","T","R","E","$","R","E","R","B",null,"M","?","?","$","?","E","R","$","T","E","M","E","M","M","R","B",null,"M","?","?","$","M","E","M","E","T","E","T","M","R","M","R","B","B",null,"R","$","E","B",null],"character_chosen":"THE_SILENT","items_purchased":["PrismaticShard","Bag of Preparation","Blur","Swift Potion"],"campfire_rested":0,"item_purchase_floors":[12,54,54,54],"current_hp_per_floor":[59,59,36,36,41,41,41,41,41,41,41,41,41,41,41,41,64,64,64,64,64,64,64,64,64,64,78,78,78,77,77,77,77,83,83,73,73,73,73,78,78,78,78,78,78,80,80,82,82,84,86,89,89,89,90,90],"gold":110,"neow_bonus":"","is_prod":false,"is_daily":false,"chose_seed":false,"campfire_upgraded":8,"win_rate":0,"timestamp":1566878263,"path_taken":["M","M","?","M","?","E","R","E","T","R","E","$","R","E","R","BOSS","M","?","?","$","?","E","R","$","T","E","M","E","?","M","R","BOSS","M","?","?","$","M","E","M","E","T","E","?","M","R","M","R","BOSS","BOSS","R","$","E","BOSS"],"build_version":"2019-08-23","purchased_purges":4,"victory":true,"max_hp_per_floor":[66,66,66,66,71,71,71,71,71,71,71,71,71,71,71,71,71,71,71,71,71,71,71,71,71,71,85,85,85,85,85,85,85,85,85,85,85,85,85,90,90,90,90,90,90,90,90,90,90,90,90,90,90,90,90,90],"card_choices":[{"not_picked":["Slice","Acrobatics","Bane"],"picked":"SKIP","floor":1.0},{"not_picked":["Dagger Spray","Cloak And Dagger","Noxious Fumes"],"picked":"SKIP","floor":2.0},{"not_picked":["Underhanded Strike","Prepared","Outmaneuver"],"picked":"SKIP","floor":4.0},{"not_picked":["Choke","Malaise","Blade Dance"],"picked":"SKIP","floor":6.0},{"not_picked":["Burst","Dagger Throw"],"picked":"Well Laid Plans","floor":8.0},{"not_picked":["Slice","Dagger Throw","Underhanded Strike"],"picked":"SKIP","floor":11.0},{"not_picked":["Gash","Clash"],"picked":"Body Slam","floor":14.0},{"not_picked":["Hologram","Riddle With Holes","Pommel Strike"],"picked":"SKIP","floor":18.0},{"not_picked":["Backstab","Aggregate","Auto Shields+1"],"picked":"SKIP","floor":23.0},{"not_picked":["Finisher","Havoc","Spot Weakness"],"picked":"SKIP","floor":27.0},{"not_picked":["Sword Boomerang","Clash","Violence"],"picked":"SKIP","floor":28.0},{"not_picked":["Anger","Aggregate","Warcry"],"picked":"SKIP","floor":29.0},{"not_picked":["Underhanded Strike","Havoc","Melter"],"picked":"SKIP","floor":30.0},{"not_picked":["Feel No Pain","Anger","Phantasmal Killer"],"picked":"SKIP","floor":31.0},{"not_picked":["Turbo","Skewer","Cloak And Dagger+1"],"picked":"SKIP","floor":35},{"not_picked":["Swift Strike","Impatience"],"picked":"Panacea","floor":36},{"not_picked":["Cloak And Dagger","Gash","Blade Dance"],"picked":"SKIP","floor":39},{"not_picked":["Burst","Sucker Punch","All Out Attack"],"picked":"SKIP","floor":40},{"not_picked":["Compile Driver","Capacitor","Infernal Blade"],"picked":"SKIP","floor":41},{"not_picked":["Pummel","Go for the Eyes","Metallicize"],"picked":"SKIP","floor":42},{"not_picked":["Backstab","A Thousand Cuts","Warcry+1"],"picked":"SKIP","floor":44},{"not_picked":["Terror+1","Masterful Stab","Glacier+1"],"picked":"SKIP","floor":46},{"not_picked":["Aggregate","Gash","Bandage Up+1"],"picked":"SKIP","floor":48},{"not_picked":["Hello World","Sentinel+1","Thunderclap"],"picked":"SKIP","floor":55}],"player_experience":3108363,"relics_obtained":[{"floor":6.0,"key":"Happy Flower"},{"floor":8.0,"key":"Lantern"},{"floor":11.0,"key":"Letter Opener"},{"floor":14.0,"key":"Orichalcum"},{"floor":23.0,"key":"Vajra"},{"floor":26.0,"key":"Boot"},{"floor":27.0,"key":"Mango"},{"floor":29.0,"key":"Oddly Smooth Stone"},{"floor":40,"key":"Matryoshka"},{"floor":42,"key":"Pen Nib"},{"floor":43,"key":"Bronze Scales"},{"floor":43,"key":"Potion Belt"},{"floor":44,"key":"Blood Vial"},{"floor":45,"key":"PreservedInsect"},{"floor":45,"key":"Bag of Marbles"},{"floor":55,"key":"Anchor"}],"event_choices":[{"damage_healed":0.0,"max_hp_gain":0.0,"max_hp_loss":0.0,"gold_gain":0.0,"event_name":"Golden Idol","player_choice":"Take Damage","floor":3.0,"gold_loss":0.0,"damage_taken":23.0,"relics_obtained":["Golden Idol"]},{"damage_healed":0.0,"max_hp_gain":5.0,"max_hp_loss":0.0,"gold_gain":0.0,"event_name":"Big Fish","player_choice":"Donut","floor":5.0,"gold_loss":0.0,"damage_taken":0.0},{"cards_removed":["Noxious Fumes"],"damage_healed":0.0,"max_hp_gain":0.0,"max_hp_loss":0.0,"gold_gain":0.0,"event_name":"Back to Basics","player_choice":"Elegance","floor":19.0,"gold_loss":0.0,"damage_taken":0.0},{"damage_healed":0.0,"max_hp_gain":0.0,"max_hp_loss":0.0,"gold_gain":0.0,"event_name":"Drug Dealer","player_choice":"Inject Mutagens","floor":20.0,"gold_loss":0.0,"damage_taken":0.0,"relics_obtained":["MutagenicStrength"]},{"damage_healed":0.0,"max_hp_gain":0.0,"max_hp_loss":0.0,"gold_gain":0.0,"event_name":"Ghosts","player_choice":"Ignored","floor":22.0,"gold_loss":0.0,"damage_taken":0.0},{"damage_healed":0,"gold_gain":0,"player_choice":"Memory 3","damage_taken":10,"max_hp_gain":0,"max_hp_loss":0,"event_name":"SensoryStone","floor":36,"gold_loss":0},{"damage_healed":0,"gold_gain":0,"player_choice":"Ignored","damage_taken":0,"max_hp_gain":0,"max_hp_loss":0,"event_name":"Tomb of Lord Red Mask","floor":37,"gold_loss":0}],"is_beta":true,"boss_relics":[{"not_picked":["Snecko Eye","Ring of the Serpent"],"picked":"WristBlade"},{"not_picked":["Astrolabe","Cursed Key"],"picked":"Runic Pyramid"}],"items_purged_floors":[12,21,38,54],"is_endless":false,"potions_floor_spawned":[2,6,8,16,27,30,33,35,40,41,42,48],"ascension_level":20}