{"gold_per_floor":[114,132,132,145,165,195,195,211,211,14,14,14,14,30,30,125,125,136,136,136,148,24,24,42,59,136,136,149,149,161,9,9,107,107,117,0,100,100,100,100],"floor_reached":40,"playtime":4106,"items_purged":["Strike_B"],"score":386,"play_id":"18e05a7a-6325-4cbd-a97e-0ed3ca549663","local_time":"20190807112348","is_ascension_mode":false,"campfire_choices":[{"floor":7,"key":"REST"},{"floor":11,"key":"REST"},{"data":"Zap","floor":13,"key":"SMITH"},{"data":"Leap","floor":15,"key":"SMITH"},{"floor":23,"key":"REST"},{"floor":27,"key":"REST"},{"data":"Redo","floor":32,"key":"SMITH"}],"neow_cost":"NONE","seed_source_timestamp":678546139953471,"circlet_count":0,"master_deck":["Strike_B+1","Strike_B+1","Defend_B+1","Defend_B+1","Defend_B+1","Defend_B+1","Zap+1","Dualcast","Capacitor","Leap+1","Reinforced Body","Static Discharge","Glacier","BootSequence","Self Repair","Undo","Conserve Battery","BootSequence","Electrodynamics","Conserve Battery+1","Conserve Battery","Stack","Ball Lightning","Redo+1","Lockon+1","Ball Lightning","Melter","Core Surge","Lockon","Chill+1"],"relics":["Cracked Core","Kunai","Emotion Chip","Inserter","Tiny Chest","Happy Flower","Nuclear Battery","Red Mask","Gambling Chip"],"potions_floor_usage":[16,16,24,25,30,33,33,33,37],"damage_taken":[{"damage":6,"enemies":"Jaw Worm","floor":1,"turns":3},{"damage":5,"enemies":"Cultist","floor":2,"turns":4},{"damage":0,"enemies":"Small Slimes","floor":4,"turns":3},{"damage":4,"enemies":"Exordium Wildlife","floor":5,"turns":7},{"damage":27,"enemies":"3 Sentries","floor":6,"turns":9},{"damage":11,"enemies":"Red Slaver","floor":8,"turns":4},{"damage":10,"enemies":"3 Louse","floor":14,"turns":4},{"damage":3,"enemies":"The Guardian","floor":16,"turns":16},{"damage":4,"enemies":"Shell Parasite","floor":18,"turns":13},{"damage":29,"enemies":"Chosen","floor":21,"turns":6},{"damage":10,"enemies":"Shelled Parasite and Fungi","floor":24,"turns":10},{"damage":16,"enemies":"Chosen and Byrds","floor":25,"turns":5},{"damage":10,"enemies":"Snake Plant","floor":28,"turns":6},{"damage":3,"enemies":"Centurion and Healer","floor":30,"turns":6},{"damage":64,"enemies":"Collector","floor":33,"turns":9},{"damage":28,"enemies":"3 Darklings","floor":35,"turns":3},{"damage":0,"enemies":"Mind Bloom Boss Battle","floor":37,"turns":8},{"damage":76,"enemies":"Reptomancer","floor":40,"turns":6}],"seed_played":"-5156677704544828501","potions_obtained":[{"floor":2,"key":"SpeedPotion"},{"floor":5,"key":"EssenceOfSteel"},{"floor":6,"key":"LiquidBronze"},{"floor":21,"key":"GamblersBrew"},{"floor":24,"key":"Fire Potion"},{"floor":28,"key":"SkillPotion"},{"floor":30,"key":"FearPotion"},{"floor":33,"key":"Ancient Potion"}],"is_trial":false,"path_per_floor":["M","M","?","M","M","E","R","M","T","$","R","?","R","M","R","B",null,"M","?","?","M","$","R","M","M","T","R","M","?","M","$","R","B",null,"M","?","?","?","?","E"],"character_chosen":"DEFECT","items_purchased":["Undo","Conserve Battery","Stack","Ball Lightning","Block Potion","Happy Flower"],"campfire_rested":4,"item_purchase_floors":[10,10,22,22,22,31],"current_hp_per_floor":[76,71,71,71,67,40,64,53,53,53,77,77,77,74,74,71,82,82,82,66,44,44,70,67,58,58,84,81,81,85,85,85,21,87,59,59,66,66,66,0],"gold":100,"neow_bonus":"TEN_PERCENT_HP_BONUS","is_prod":false,"is_daily":false,"chose_seed":false,"campfire_upgraded":3,"win_rate":0,"timestamp":1565202228,"path_taken":["M","M","?","M","M","E","R","?","T","$","R","?","R","M","R","BOSS","M","?","?","M","?","R","M","M","T","R","?","?","M","$","R","BOSS","M","?","?","?","?","E"],"build_version":"2019-07-17","purchased_purges":1,"victory":false,"max_hp_per_floor":[82,82,82,82,82,82,82,82,82,82,82,82,82,82,82,82,82,82,82,87,87,87,87,87,87,87,87,87,87,87,87,87,87,87,87,87,87,87,87,87],"card_choices":[{"not_picked":["Hologram","Compile Driver"],"picked":"Capacitor","floor":1},{"not_picked":["Defragment","Glacier"],"picked":"Leap","floor":2},{"not_picked":["Barrage","Turbo"],"picked":"Static Discharge","floor":4},{"not_picked":["Recycle","Rebound"],"picked":"Glacier","floor":5},{"not_picked":["Ball Lightning","Gash"],"picked":"BootSequence","floor":6},{"not_picked":["Compile Driver","Sweeping Beam"],"picked":"Self Repair","floor":8},{"not_picked":["Blizzard","Force Field"],"picked":"BootSequence","floor":14},{"not_picked":["Creative AI","Echo Form"],"picked":"Electrodynamics","floor":16},{"not_picked":["Beam Cell","Streamline"],"picked":"Conserve Battery+1","floor":18},{"not_picked":["Leap","Barrage"],"picked":"Conserve Battery","floor":21},{"not_picked":["Rip and Tear+1","Turbo"],"picked":"Redo","floor":24},{"not_picked":["Sweeping Beam","Conserve Battery"],"picked":"Lockon+1","floor":25},{"not_picked":["Steam","Electrodynamics"],"picked":"Ball Lightning","floor":28},{"not_picked":["Cold Snap","Recycle"],"picked":"Melter","floor":30},{"not_picked":["Echo Form","Reboot"],"picked":"Core Surge","floor":33},{"not_picked":["Compile Driver","Loop+1"],"picked":"Lockon","floor":35},{"not_picked":["Stack+1","Hologram"],"picked":"Chill+1","floor":37}],"player_experience":355485,"relics_obtained":[{"floor":6,"key":"Kunai"},{"floor":9,"key":"Emotion Chip"},{"floor":26,"key":"Tiny Chest"},{"floor":37,"key":"Gambling Chip"}],"event_choices":[{"damage_healed":0,"gold_gain":0,"player_choice":"1 cards matched","damage_taken":0,"max_hp_gain":0,"max_hp_loss":0,"event_name":"Match and Keep!","floor":3,"gold_loss":0,"cards_obtained":["Reinforced Body"]},{"damage_healed":0,"gold_gain":0,"player_choice":"Fled","damage_taken":0,"max_hp_gain":0,"max_hp_loss":0,"event_name":"Scrap Ooze","floor":12,"gold_loss":0},{"damage_healed":0,"gold_gain":0,"player_choice":"Ignored","damage_taken":0,"max_hp_gain":0,"max_hp_loss":0,"event_name":"The Mausoleum","floor":19,"gold_loss":0},{"damage_healed":0,"gold_gain":0,"player_choice":"Shed Blood","damage_taken":21,"max_hp_gain":5,"max_hp_loss":0,"event_name":"Forgotten Altar","floor":20,"gold_loss":0},{"damage_healed":0,"gold_gain":0,"player_choice":"Simplicity","damage_taken":0,"max_hp_gain":0,"max_hp_loss":0,"event_name":"Back to Basics","floor":29,"gold_loss":0,"cards_upgraded":["Strike_B","Strike_B","Strike_B","Defend_B","Defend_B","Defend_B","Defend_B"]},{"damage_healed":0,"gold_gain":0,"player_choice":"Paid","damage_taken":0,"relics_obtained":["Red Mask"],"max_hp_gain":0,"max_hp_loss":0,"event_name":"Tomb of Lord Red Mask","floor":36,"gold_loss":117},{"damage_healed":0,"gold_gain":0,"player_choice":"Fight","damage_taken":0,"max_hp_gain":0,"max_hp_loss":0,"event_name":"MindBloom","floor":37,"gold_loss":0},{"damage_healed":0,"gold_gain":0,"player_choice":"Ignored","damage_taken":0,"max_hp_gain":0,"max_hp_loss":0,"event_name":"Mysterious Sphere","floor":38,"gold_loss":0},{"cards_removed":["Strike_B"],"damage_healed":0,"gold_gain":0,"player_choice":"Purged","damage_taken":0,"max_hp_gain":0,"max_hp_loss":0,"event_name":"Purifier","floor":39,"gold_loss":0}],"is_beta":false,"boss_relics":[{"not_picked":["Runic Dome","Empty Cage"],"picked":"Inserter"},{"not_picked":["Sozu","Astrolabe"],"picked":"Nuclear Battery"}],"items_purged_floors":[10],"is_endless":false,"potions_floor_spawned":[2,5,6,8,14,21,24,28,30,33],"killed_by":"Reptomancer","ascension_level":0}