{"gold_per_floor":[111,111,130,32,51,78,78,78,124,143,143,113,127,127,127,231,231,249,14,14,34,44,44],"floor_reached":23,"playtime":2650,"items_purged":[],"score":216,"play_id":"3d632118-e694-44fa-8dbf-ea0342541fa4","local_time":"20190122142113","is_ascension_mode":false,"campfire_choices":[{"data":"Shrug It Off","floor":7,"key":"SMITH"},{"data":"Perfected Strike","floor":11,"key":"SMITH"},{"floor":15,"key":"REST"}],"neow_cost":"NONE","seed_source_timestamp":74314800907562,"circlet_count":0,"master_deck":["Strike_R","Strike_R","Strike_R","Strike_R","Defend_R","Defend_R","Defend_R","Defend_R","Bash+1","Shrug It Off+1","Perfected Strike+1","Armaments","Dramatic Entrance+1","Armaments","Spot Weakness","True Grit","Dual Wield","Impervious","Headbutt+1","Double Tap","Inflame","Shrug It Off+1","Metallicize","Cleave+1"],"relics":["Burning Blood","Pen Nib","Whetstone","Philosopher\u0027s Stone"],"potions_floor_usage":[6,16,23,23,23],"damage_taken":[{"damage":6,"enemies":"Jaw Worm","floor":1,"turns":4},{"damage":5,"enemies":"2 Louse","floor":3,"turns":3},{"damage":0,"enemies":"Cultist","floor":5,"turns":3},{"damage":19,"enemies":"3 Sentries","floor":6,"turns":11},{"damage":5,"enemies":"Looter","floor":10,"turns":3},{"damage":9,"enemies":"2 Fungi Beasts","floor":13,"turns":3},{"damage":61,"enemies":"The Guardian","floor":16,"turns":11},{"damage":3,"enemies":"Spheric Guardian","floor":18,"turns":5},{"damage":12,"enemies":"Chosen","floor":21,"turns":3},{"damage":19,"enemies":"Snake Plant","floor":22,"turns":2},{"damage":76,"enemies":"Gremlin Leader","floor":23,"turns":7}],"seed_played":"-8843593512317028216","potions_obtained":[{"floor":3,"key":"AttackPotion"},{"floor":12,"key":"Block Potion"},{"floor":12,"key":"SneckoOil"},{"floor":13,"key":"SpeedPotion"},{"floor":22,"key":"Energy Potion"}],"is_trial":false,"path_per_floor":["M","?","M","$","M","E","R","?","T","M","R","?","M","?","R","B",null,"M","$","?","M","M","E"],"character_chosen":"IRONCLAD","items_purchased":["Dramatic Entrance","Double Tap","Inflame","Strength Potion"],"campfire_rested":1,"item_purchase_floors":[4,19,19,19],"current_hp_per_floor":[88,88,88,88,88,75,75,72,72,73,73,73,70,70,88,33,88,88,88,88,82,69,0],"gold":44,"neow_bonus":"TEN_PERCENT_HP_BONUS","is_prod":false,"is_daily":false,"chose_seed":false,"campfire_upgraded":2,"win_rate":0.0,"timestamp":1548195673,"path_taken":["M","?","M","$","M","E","R","?","T","M","R","?","?","?","R","BOSS","M","$","?","?","M","E"],"build_version":"2019-01-17v2","purchased_purges":0,"victory":false,"max_hp_per_floor":[88,88,88,88,88,88,88,88,88,88,88,88,88,88,88,88,88,88,88,88,88,88,88],"card_choices":[{"not_picked":["Seeing Red","Warcry"],"picked":"Shrug It Off","floor":1},{"not_picked":["Twin Strike","Wild Strike"],"picked":"Armaments","floor":3},{"not_picked":["Seeing Red","Burning Pact"],"picked":"Armaments","floor":5},{"not_picked":["Searing Blow","Pummel"],"picked":"Spot Weakness","floor":6},{"not_picked":["Clothesline","Entrench"],"picked":"True Grit","floor":10},{"not_picked":["Clash","Warcry"],"picked":"Dual Wield","floor":13},{"not_picked":["Barricade","Bludgeon"],"picked":"Impervious","floor":16},{"not_picked":["Disarm","Dropkick"],"picked":"Headbutt+1","floor":18},{"not_picked":["Cleave","Clothesline"],"picked":"Metallicize","floor":21},{"not_picked":["Carnage","Havoc+1"],"picked":"Cleave+1","floor":22}],"player_experience":271919,"relics_obtained":[{"floor":6,"key":"Pen Nib"},{"floor":9,"key":"Whetstone"}],"event_choices":[{"damage_healed":0,"gold_gain":0,"cards_transformed":["Strike_R"],"player_choice":"Change","damage_taken":0,"max_hp_gain":0,"max_hp_loss":0,"event_name":"Living Wall","floor":2,"gold_loss":0,"cards_obtained":["Perfected Strike"]},{"damage_healed":0,"gold_gain":0,"player_choice":"Fled","damage_taken":3,"max_hp_gain":0,"max_hp_loss":0,"event_name":"Scrap Ooze","floor":8,"gold_loss":0},{"damage_healed":0,"gold_gain":0,"player_choice":"Bought 2 Potions","damage_taken":0,"max_hp_gain":0,"max_hp_loss":0,"event_name":"The Woman in Blue","floor":12,"gold_loss":0},{"damage_healed":0,"gold_gain":0,"player_choice":"Leave","damage_taken":0,"max_hp_gain":0,"max_hp_loss":0,"event_name":"The Cleric","floor":14,"gold_loss":0},{"damage_healed":0,"gold_gain":0,"player_choice":"Copied","damage_taken":0,"max_hp_gain":0,"max_hp_loss":0,"event_name":"Duplicator","floor":20,"gold_loss":0,"cards_obtained":["Shrug It Off"]}],"is_beta":false,"boss_relics":[{"not_picked":["Fusion Hammer","Busted Crown"],"picked":"Philosopher\u0027s Stone"}],"items_purged_floors":[],"is_endless":false,"potions_floor_spawned":[3,13,21,22],"killed_by":"Gremlin Leader","ascension_level":0}