{"path_per_floor":["M","M","M","?","M","E","R","M","T","?","E","$","M","?","R","B",null,"M","M","$","M","?","R","E","R","T","M","?","M","R","M","R","B",null,"M","M","$","M","M","E","R","E","T","R","M","?","R","$","R","B"],"character_chosen":"DEFECT","items_purchased":["Regal Pillow","Defragment","Runic Capacitor","Cold Snap","DataDisk"],"gold_per_floor":[119,135,150,150,168,200,200,216,242,242,271,47,64,64,64,137,137,156,166,87,100,100,100,130,130,130,150,65,84,84,97,97,176,176,196,208,6,24,40,69,69,103,175,175,193,193,193,18,18,18],"floor_reached":51,"campfire_rested":5,"playtime":1592,"item_purchase_floors":[12,20,37,48,48],"current_hp_per_floor":[68,62,56,61,44,30,30,22,22,22,12,12,12,12,51,39,71,48,37,37,19,19,60,26,26,26,28,38,31,31,8,54,30,87,81,78,78,74,64,50,99,72,72,72,70,70,70,70,116,101],"items_purged":["Strike_B"],"gold":18,"score":1237,"play_id":"e6598c54-f5ce-4a0c-ba8f-bf3a950c7b43","local_time":"20180610162824","is_prod":false,"is_daily":false,"chose_seed":false,"is_ascension_mode":true,"campfire_upgraded":5,"win_rate":0,"timestamp":1528640904,"campfire_choices":[{"data":"Defragment","floor":7.0,"key":"SMITH"},{"floor":15,"key":"REST"},{"floor":23,"key":"REST"},{"data":"Defragment","floor":25,"key":"SMITH"},{"data":"Rainbow","floor":30,"key":"SMITH"},{"floor":32,"key":"REST"},{"floor":41,"key":"REST"},{"data":"Seek","floor":44,"key":"SMITH"},{"data":"Defragment","floor":47,"key":"SMITH"},{"floor":49,"key":"REST"}],"path_taken":["M","M","M","?","M","E","R","M","T","?","E","$","?","?","R","BOSS","M","M","$","M","?","R","E","R","T","M","?","M","R","M","R","BOSS","M","M","$","M","M","E","R","E","T","R","M","?","R","$","R","BOSS"],"build_version":"2018-06-07v3","seed_source_timestamp":0,"purchased_purges":1,"victory":true,"master_deck":["Strike_B","Strike_B","Strike_B","Defend_B","Defend_B","Defend_B","Zap+1","Dualcast","AscendersBane","Compile Driver","Barrage","Coolheaded","Barrage","Biased Cognition","Defragment+1","Blizzard","Loop+1","Rainbow+1","Defragment+1","Parasite","Seek+1","Defragment+1","Decay","Coolheaded","Cold Snap"],"max_hp_per_floor":[75,75,75,80,80,80,80,80,80,80,82,82,82,82,82,82,82,84,86,86,88,88,88,90,90,90,92,102,104,104,106,106,106,106,108,108,108,110,112,114,114,116,116,116,116,116,116,116,116,116],"relics":["Cracked Core","Symbiotic Virus","Singing Bowl","Boot","Regal Pillow","Cursed Key","Pen Nib","Bottled Lightning","Pear","Velvet Choker","Runic Capacitor","Du-Vu Doll","Meat on the Bone","Centennial Puzzle","DataDisk"],"card_choices":[{"not_picked":["Tempest","Sweeping Beam"],"picked":"Compile Driver","floor":0.0},{"not_picked":["Gash","Go for the Eyes"],"picked":"Barrage","floor":1.0},{"not_picked":["Turbo","Beam Cell"],"picked":"Coolheaded","floor":2.0},{"not_picked":["Redo","Turbo"],"picked":"Barrage","floor":3.0},{"not_picked":["Hologram","Streamline"],"picked":"Biased Cognition","floor":5.0},{"not_picked":["Skim","Streamline"],"picked":"Defragment","floor":6.0},{"not_picked":["Tempest","Self Repair"],"picked":"Blizzard","floor":8.0},{"not_picked":["Gash","Sweeping Beam","Go for the Eyes"],"picked":"Singing Bowl","floor":11},{"not_picked":["Steam","Barrage"],"picked":"Loop","floor":13},{"not_picked":["Hyperbeam","All For One"],"picked":"Rainbow","floor":16},{"not_picked":["Barrage","Reprogram","Rebound"],"picked":"Singing Bowl","floor":18},{"not_picked":["Steam","Sweeping Beam","Scrape"],"picked":"Singing Bowl","floor":19},{"not_picked":["Tempest","Conserve Battery","Self Repair"],"picked":"Singing Bowl","floor":21},{"not_picked":["Genetic Algorithm","Double Energy","Steam Power+1"],"picked":"Singing Bowl","floor":24},{"not_picked":["Redo","Hello World","Chaos"],"picked":"Singing Bowl","floor":27},{"not_picked":["Leap","Darkness","Stack"],"picked":"Singing Bowl","floor":29},{"not_picked":["Beam Cell","Recycle+1","Skim"],"picked":"Singing Bowl","floor":31},{"not_picked":["Meteor Strike","Fission"],"picked":"Seek","floor":33},{"not_picked":["Melter+1","Hologram","Steam"],"picked":"Singing Bowl","floor":35},{"not_picked":["Steam","Heatsinks"],"picked":"Defragment","floor":36},{"not_picked":["Static Discharge+1","Sunder+1","Heatsinks+1"],"picked":"Singing Bowl","floor":38},{"not_picked":["Gash","Streamline","Reprogram"],"picked":"Singing Bowl","floor":39},{"not_picked":["Reinforced Body+1","Conserve Battery","Barrage"],"picked":"Singing Bowl","floor":40},{"not_picked":["Fission","Steam","Steam Power"],"picked":"Singing Bowl","floor":42},{"not_picked":["Compile Driver+1","Conserve Battery"],"picked":"Coolheaded","floor":45}],"player_experience":858350,"potions_floor_usage":[11,21,27,33,33],"damage_taken":[{"damage":0.0,"enemies":"Small Slimes","floor":1.0,"turns":3.0},{"damage":6.0,"enemies":"2 Louse","floor":2.0,"turns":3.0},{"damage":6.0,"enemies":"Jaw Worm","floor":3.0,"turns":4.0},{"damage":17.0,"enemies":"Blue Slaver","floor":5.0,"turns":4.0},{"damage":14.0,"enemies":"Lagavulin","floor":6.0,"turns":4.0},{"damage":8.0,"enemies":"Red Slaver","floor":8.0,"turns":3.0},{"damage":12,"enemies":"Gremlin Nob","floor":11,"turns":3},{"damage":0,"enemies":"Large Slime","floor":13,"turns":4},{"damage":12,"enemies":"The Guardian","floor":16,"turns":8},{"damage":25,"enemies":"Spheric Guardian","floor":18,"turns":4},{"damage":13,"enemies":"Shell Parasite","floor":19,"turns":4},{"damage":20,"enemies":"Sentry and Sphere","floor":21,"turns":3},{"damage":36,"enemies":"Book of Stabbing","floor":24,"turns":4},{"damage":0,"enemies":"Centurion and Healer","floor":27,"turns":4},{"damage":9,"enemies":"Snecko","floor":29,"turns":4},{"damage":25,"enemies":"Cultist and Chosen","floor":31,"turns":5},{"damage":24,"enemies":"Champ","floor":33,"turns":7},{"damage":8,"enemies":"3 Darklings","floor":35,"turns":5},{"damage":3,"enemies":"3 Shapes","floor":36,"turns":5},{"damage":6,"enemies":"Sphere and 2 Shapes","floor":38,"turns":4},{"damage":12,"enemies":"Maw","floor":39,"turns":4},{"damage":16,"enemies":"2 Orb Walkers","floor":40,"turns":5},{"damage":29,"enemies":"Nemesis","floor":42,"turns":6},{"damage":14,"enemies":"3 Darklings","floor":45,"turns":3},{"damage":15,"enemies":"Donu and Deca","floor":50,"turns":6}],"relics_obtained":[{"floor":6.0,"key":"Symbiotic Virus"},{"floor":9.0,"key":"Singing Bowl"},{"floor":11,"key":"Boot"},{"floor":24,"key":"Pen Nib"},{"floor":26,"key":"Bottled Lightning"},{"floor":40,"key":"Du-Vu Doll"},{"floor":42,"key":"Meat on the Bone"},{"floor":43,"key":"Centennial Puzzle"}],"event_choices":[{"event_name":"Big Fish","player_choice":"Donut","floor":4.0,"damage_taken":0.0},{"event_name":"Upgrade Shrine","player_choice":"Upgraded","floor":10.0,"damage_taken":0.0},{"event_name":"Living Wall","player_choice":"Grow","floor":14,"damage_taken":0},{"event_name":"Drug Dealer","player_choice":"Ignored","floor":22,"damage_taken":0},{"event_name":"Addict","player_choice":"Obtained Relic","floor":28,"damage_taken":0},{"event_name":"Falling","player_choice":"Removed Skill","floor":46,"damage_taken":0}],"boss_relics":[{"not_picked":["Nuclear Battery","Philosopher\u0027s Stone"],"picked":"Cursed Key"},{"not_picked":["Tiny House","Orrery"],"picked":"Velvet Choker"}],"items_purged_floors":[12],"potions_floor_spawned":[3,5,8,16,21,24,29,31,33,40],"seed_played":"-862481789008233055","ascension_level":13,"potions_obtained":[{"floor":3.0,"key":"SteroidPotion"},{"floor":5.0,"key":"Swift Potion"},{"floor":8.0,"key":"Explosive Potion"},{"floor":16,"key":"Block Potion"},{"floor":21,"key":"Strength Potion"},{"floor":29,"key":"Weak Potion"},{"floor":33,"key":"Fire Potion"},{"floor":40,"key":"AttackPotion"}],"is_trial":false}