{"gold_per_floor":[117,117,117,130,55,55,88,88,88,88,3,17,36,54,54,54],"floor_reached":16,"playtime":247,"items_purged":[],"score":250,"play_id":"9ef50cd6-608e-45f9-8205-5e181ac67599","local_time":"20190908104940","is_ascension_mode":true,"campfire_choices":[{"data":"Shrug It Off","floor":6.0,"key":"SMITH"},{"data":"Burning Pact","floor":8,"key":"SMITH"},{"data":"True Grit","floor":15,"key":"SMITH"}],"neow_cost":"NONE","seed_source_timestamp":2067320636112300,"circlet_count":0,"master_deck":["AscendersBane","Strike_R","Strike_R","Strike_R+1","Defend_R","Defend_R","Defend_R","Defend_R+1","Bash","Shrug It Off+1","Burning Pact+1","Offering","True Grit+1"],"special_seed":0,"relics":["Burning Blood","NeowsBlessing","Bottled Lightning","Paper Frog"],"potions_floor_usage":[],"damage_taken":[{"damage":0.0,"enemies":"Small Slimes","floor":1.0,"turns":1.0},{"damage":0.0,"enemies":"2 Louse","floor":4.0,"turns":1.0},{"damage":0.0,"enemies":"Lagavulin","floor":7.0,"turns":1.0},{"damage":0,"enemies":"Jaw Worm","floor":12,"turns":5},{"damage":6,"enemies":"Red Slaver","floor":13,"turns":5},{"damage":16,"enemies":"Exordium Thugs","floor":14,"turns":5},{"damage":6,"enemies":"Slime Boss","floor":16,"turns":1}],"seed_played":"-2271657677442822983","potions_obtained":[{"floor":1.0,"key":"Strength Potion"},{"floor":12,"key":"SteroidPotion"},{"floor":14,"key":"SpeedPotion"}],"is_trial":false,"path_per_floor":["M","?","?","M","?","R","E","R","T","?","$","M","M","M","R","B"],"character_chosen":"IRONCLAD","items_purchased":["Offering"],"campfire_rested":0,"item_purchase_floors":[11],"current_hp_per_floor":[74,67,44,50,50,50,56,56,56,56,56,62,62,52,52,46],"gold":54,"neow_bonus":"THREE_ENEMY_KILL","is_prod":false,"is_daily":false,"chose_seed":false,"campfire_upgraded":3,"win_rate":0,"timestamp":1567910980,"path_taken":["M","?","?","M","?","R","E","R","T","?","$","M","?","M","R","BOSS"],"build_version":"2019-08-26","purchased_purges":0,"victory":false,"max_hp_per_floor":[75,75,75,75,75,75,75,75,75,75,75,75,75,75,75,75],"card_choices":[{"not_picked":["Blood for Blood","Clothesline"],"picked":"Shrug It Off","floor":1.0},{"not_picked":["Havoc","Shrug It Off"],"picked":"Burning Pact","floor":4.0},{"not_picked":["Searing Blow","Clothesline","Corruption"],"picked":"SKIP","floor":7},{"not_picked":["Warcry","Anger","Wild Strike"],"picked":"SKIP","floor":12},{"not_picked":["Cleave","Havoc"],"picked":"True Grit","floor":13},{"not_picked":["Headbutt","Anger","Warcry"],"picked":"SKIP","floor":14}],"player_experience":3202878,"relics_obtained":[{"floor":7,"key":"Bottled Lightning"},{"floor":9,"key":"Paper Frog"}],"event_choices":[{"cards_removed":["Strike_R"],"damage_healed":0.0,"max_hp_gain":0.0,"max_hp_loss":0.0,"gold_gain":0.0,"event_name":"Golden Wing","player_choice":"Card Removal","floor":2.0,"gold_loss":0.0,"damage_taken":7.0},{"damage_healed":0.0,"max_hp_gain":0.0,"max_hp_loss":0.0,"gold_gain":0.0,"event_name":"Shining Light","player_choice":"Entered Light","floor":3.0,"gold_loss":0.0,"damage_taken":23.0,"cards_upgraded":["Strike_R","Defend_R"]},{"cards_removed":["Strike_R"],"damage_healed":0.0,"max_hp_gain":0.0,"max_hp_loss":0.0,"gold_gain":0.0,"event_name":"The Cleric","player_choice":"Card Removal","floor":5.0,"gold_loss":75.0,"damage_taken":0.0},{"damage_healed":0,"gold_gain":0,"player_choice":"Ignored","damage_taken":0,"max_hp_gain":0,"max_hp_loss":0,"event_name":"Liars Game","floor":10,"gold_loss":0}],"is_beta":true,"boss_relics":[],"items_purged_floors":[],"is_endless":false,"potions_floor_spawned":[1,12,13,14],"killed_by":"Slime Boss","ascension_level":20}