{"gold_per_floor":[114,114,114,127,52,52,64,64,64,22,48,48,65,94,94,171,171,151,162,162,180,105,105,5,5,85,100,100,23,36,48,48,122,122,133,133,149,149,24,24,44,44,44,74,74,74,103,103,103,103],"floor_reached":50,"playtime":1921,"items_purged":["Decay","Strike_G","Decay"],"score":1256,"play_id":"9b92331c-553c-4cce-9e6a-0e07e3856524","local_time":"20190817135446","is_ascension_mode":true,"campfire_choices":[{"data":"Neutralize","floor":6.0,"key":"SMITH"},{"data":"Deadly Poison","floor":8.0,"key":"SMITH"},{"data":"Skewer","floor":15.0,"key":"SMITH"},{"data":"Tactician","floor":23.0,"key":"SMITH"},{"data":"Well Laid Plans","floor":32.0,"key":"SMITH"},{"data":"Reflex","floor":40.0,"key":"SMITH"},{"floor":42.0,"key":"RECALL"},{"floor":49,"key":"REST"}],"neow_cost":"PERCENT_DAMAGE","seed_source_timestamp":207962148156881,"circlet_count":0,"master_deck":["AscendersBane","Strike_G","Defend_G","Defend_G","Defend_G","Defend_G","Defend_G","Survivor","Neutralize+1","Masterful Stab+1","Deadly Poison+1","Skewer+1","Adrenaline","Tactician+1","PiercingWail","After Image","Prepared+1","Deflect+1","Backflip","Well Laid Plans+1","Finisher","Grand Finale","Reflex+1","Adrenaline","Apotheosis"],"special_seed":0,"relics":["Ring of the Snake","Incense Burner","Unceasing Top","Ornamental Fan","Kunai","HoveringKite","Meat on the Bone","Enchiridion","Empty Cage","Question Card","Blood Vial"],"potions_floor_usage":[48],"damage_taken":[{"damage":0.0,"enemies":"2 Louse","floor":1.0,"turns":4.0},{"damage":0.0,"enemies":"Cultist","floor":4.0,"turns":3.0},{"damage":0.0,"enemies":"Jaw Worm","floor":7.0,"turns":3.0},{"damage":7.0,"enemies":"Lagavulin","floor":11.0,"turns":5.0},{"damage":13.0,"enemies":"Exordium Thugs","floor":13.0,"turns":7.0},{"damage":0.0,"enemies":"Gremlin Nob","floor":14.0,"turns":3.0},{"damage":10.0,"enemies":"Hexaghost","floor":16.0,"turns":12.0},{"damage":5.0,"enemies":"2 Thieves","floor":18.0,"turns":4.0},{"damage":21.0,"enemies":"Spheric Guardian","floor":19.0,"turns":4.0},{"damage":0.0,"enemies":"Centurion and Healer","floor":21.0,"turns":10.0},{"damage":0.0,"enemies":"Slavers","floor":25.0,"turns":1.0},{"damage":8.0,"enemies":"Snecko","floor":27.0,"turns":4.0},{"damage":0.0,"enemies":"3 Cultists","floor":30.0,"turns":4.0},{"damage":2.0,"enemies":"Sentry and Sphere","floor":31.0,"turns":6.0},{"damage":0.0,"enemies":"Collector","floor":33.0,"turns":10.0},{"damage":0.0,"enemies":"3 Darklings","floor":35.0,"turns":4.0},{"damage":0.0,"enemies":"Orb Walker","floor":37.0,"turns":4.0},{"damage":0.0,"enemies":"Sphere and 2 Shapes","floor":41.0,"turns":7.0},{"damage":23.0,"enemies":"Giant Head","floor":44.0,"turns":11.0},{"damage":0,"enemies":"Reptomancer","floor":47,"turns":5},{"damage":0,"enemies":"Transient","floor":48,"turns":5},{"damage":1,"enemies":"Donu and Deca","floor":50,"turns":2}],"seed_played":"-7760365281625182540","potions_obtained":[{"floor":1.0,"key":"SteroidPotion"},{"floor":11.0,"key":"SmokeBomb"},{"floor":14.0,"key":"Weak Potion"},{"floor":21.0,"key":"Explosive Potion"},{"floor":30.0,"key":"Energy Potion"},{"floor":31.0,"key":"Fire Potion"},{"floor":41.0,"key":"Strength Potion"},{"floor":47,"key":"SmokeBomb"}],"is_trial":false,"path_per_floor":["M","?","?","M","?","R","M","R","T","$","E","$","M","E","R","B",null,"M","M","?","M","$","R","$","E","T","M","?","$","M","M","R","B",null,"M","?","M","?","$","R","M","R","T","E","$","?","E","M","R","B"],"character_chosen":"THE_SILENT","items_purchased":["Skewer","Well Laid Plans"],"campfire_rested":1,"item_purchase_floors":[10,29],"current_hp_per_floor":[44,44,44,44,44,44,44,44,44,44,37,37,24,24,24,14,53,48,27,27,27,27,27,27,27,27,31,10,10,22,32,32,44,61,61,61,61,61,61,61,61,61,61,38,38,33,33,35,53,54],"gold":103,"neow_bonus":"ONE_RARE_RELIC","is_prod":false,"is_daily":false,"chose_seed":false,"campfire_upgraded":6,"win_rate":0,"timestamp":1566017686,"path_taken":["M","?","?","?","?","R","M","R","T","$","E","?","M","E","R","BOSS","M","M","?","?","?","R","$","E","T","?","?","$","M","M","R","BOSS","M","?","?","?","$","R","M","R","T","E","$","?","E","M","R","BOSS"],"build_version":"2019-07-17","purchased_purges":3,"victory":false,"max_hp_per_floor":[66,66,66,66,66,66,66,66,66,66,66,66,66,66,66,66,66,66,66,66,66,66,66,66,66,66,66,66,66,66,66,66,66,66,66,66,66,63,63,63,63,63,63,63,63,63,63,63,63,63],"card_choices":[{"not_picked":["Finisher","Cloak And Dagger"],"picked":"Masterful Stab","floor":1.0},{"not_picked":["Distraction","Poisoned Stab","Reflex"],"picked":"SKIP","floor":4.0},{"not_picked":["Dagger Throw","Sucker Punch"],"picked":"Deadly Poison","floor":7.0},{"not_picked":["All Out Attack","Dagger Throw"],"picked":"Adrenaline","floor":11.0},{"not_picked":["Concentrate","Underhanded Strike"],"picked":"Tactician","floor":13.0},{"not_picked":["Quick Slash","Underhanded Strike"],"picked":"PiercingWail","floor":14.0},{"not_picked":["Phantasmal Killer","Unload"],"picked":"After Image","floor":16.0},{"not_picked":["Concentrate","Deflect"],"picked":"Prepared+1","floor":18.0},{"not_picked":["Deadly Poison","Deflect+1","Dodge and Roll"],"picked":"SKIP","floor":19.0},{"not_picked":["Deadly Poison","Dodge and Roll"],"picked":"Deflect+1","floor":19.0},{"not_picked":["Noxious Fumes","Bane","Dagger Throw+1"],"picked":"SKIP","floor":21.0},{"not_picked":["Riddle With Holes","Dash"],"picked":"Backflip","floor":27.0},{"not_picked":["Sucker Punch+1","Dodge and Roll"],"picked":"Finisher","floor":30.0},{"not_picked":["Dagger Spray","Masterful Stab","Underhanded Strike"],"picked":"SKIP","floor":31.0},{"not_picked":["Die Die Die","Tools of the Trade"],"picked":"Grand Finale","floor":33.0},{"not_picked":["Infinite Blades","Dagger Throw+1","Bane"],"picked":"SKIP","floor":35.0},{"not_picked":["Slice","Heel Hook"],"picked":"Reflex","floor":37.0},{"not_picked":["Underhanded Strike","PiercingWail"],"picked":"Adrenaline","floor":41.0},{"not_picked":["Heel Hook","Tactician","Quick Slash+1"],"picked":"SKIP","floor":44.0},{"not_picked":["Madness","Master of Strategy","Mind Blast"],"picked":"Apotheosis","floor":46.0},{"not_picked":["Choke","Deadly Poison+1","Bane","Bouncing Flask"],"picked":"SKIP","floor":47}],"player_experience":916533,"relics_obtained":[{"floor":9.0,"key":"Unceasing Top"},{"floor":11.0,"key":"Ornamental Fan"},{"floor":14.0,"key":"Kunai"},{"floor":26.0,"key":"Meat on the Bone"},{"floor":28.0,"key":"Enchiridion"},{"floor":44.0,"key":"Question Card"},{"floor":47,"key":"Blood Vial"}],"event_choices":[{"damage_healed":0.0,"max_hp_gain":0.0,"max_hp_loss":0.0,"gold_gain":0.0,"event_name":"Liars Game","player_choice":"Ignored","floor":2.0,"gold_loss":0.0,"damage_taken":0.0},{"damage_healed":0.0,"max_hp_gain":0.0,"max_hp_loss":0.0,"gold_gain":0.0,"event_name":"Accursed Blacksmith","player_choice":"Forge","floor":3.0,"gold_loss":0.0,"damage_taken":0.0,"cards_upgraded":["Masterful Stab"]},{"cards_removed":["Strike_G"],"damage_healed":0.0,"max_hp_gain":0.0,"max_hp_loss":0.0,"gold_gain":0.0,"event_name":"The Cleric","player_choice":"Card Removal","floor":5.0,"gold_loss":75.0,"damage_taken":0.0},{"damage_healed":0.0,"max_hp_gain":0.0,"max_hp_loss":0.0,"gold_gain":0.0,"event_name":"Wheel of Change","player_choice":"Cursed","floor":20.0,"gold_loss":0.0,"damage_taken":0.0,"cards_obtained":["Decay"]},{"damage_healed":0.0,"max_hp_gain":0.0,"max_hp_loss":0.0,"gold_gain":0.0,"event_name":"Cursed Tome","player_choice":"Obtained Book","floor":28.0,"gold_loss":0.0,"damage_taken":21.0},{"damage_healed":0.0,"max_hp_gain":0.0,"max_hp_loss":0.0,"gold_gain":0.0,"event_name":"Wheel of Change","player_choice":"Cursed","floor":36.0,"gold_loss":0.0,"damage_taken":0.0,"cards_obtained":["Decay"]},{"damage_healed":0.0,"max_hp_gain":0.0,"max_hp_loss":3.0,"gold_gain":0.0,"event_name":"Winding Halls","player_choice":"Max HP","floor":38.0,"gold_loss":0.0,"damage_taken":0.0},{"damage_healed":0.0,"max_hp_gain":0.0,"max_hp_loss":0.0,"gold_gain":0.0,"event_name":"SensoryStone","player_choice":"Memory 2","floor":46.0,"gold_loss":0.0,"damage_taken":5.0}],"is_beta":false,"boss_relics":[{"not_picked":["Velvet Choker","Calling Bell"],"picked":"HoveringKite"},{"not_picked":["WristBlade","Eternal Feather"],"picked":"Empty Cage"}],"items_purged_floors":[22,24,39],"is_endless":false,"potions_floor_spawned":[1,11,13,14,21,30,31,41,47,48],"killed_by":"Donu and Deca","ascension_level":20}