{"gold_per_floor":[117,127,39,51,51,51,67,67,90,107,107,141,121,134,134,211,261,278,54,69,83,100,100],"floor_reached":23,"playtime":622,"items_purged":[],"score":390,"play_id":"52b79525-cde3-4b4f-aee6-08c13dce29d3","local_time":"20190920163704","is_ascension_mode":true,"campfire_choices":[{"data":"Darkness","floor":6,"key":"SMITH"},{"data":"Zap","floor":8,"key":"SMITH"},{"data":"Dualcast","floor":11,"key":"SMITH"},{"data":"Defragment","floor":15,"key":"SMITH"}],"neow_cost":"TEN_PERCENT_HP_LOSS","seed_source_timestamp":860053588100186,"circlet_count":0,"master_deck":["AscendersBane","Strike_B","Strike_B","Defend_B","Defend_B","Defend_B","Defend_B","Zap+1","Dualcast+1","White Noise","Compile Driver","Melter","Ball Lightning","Defragment+1","Darkness+1","Compile Driver","Cold Snap","Steam+1","Amplify","Hologram","Conserve Battery","Sunder","Apotheosis","Steam Power+1","Cold Snap","Defragment"],"relics":["Cracked Core","Anchor","Orichalcum","Tiny House"],"potions_floor_usage":[16,20,22,23],"damage_taken":[{"damage":3,"enemies":"2 Louse","floor":1,"turns":2},{"damage":7,"enemies":"Jaw Worm","floor":2,"turns":3},{"damage":6,"enemies":"Cultist","floor":4,"turns":3},{"damage":14,"enemies":"Red Slaver","floor":7,"turns":3},{"damage":0,"enemies":"2 Fungi Beasts","floor":10,"turns":2},{"damage":6,"enemies":"Gremlin Nob","floor":12,"turns":3},{"damage":0,"enemies":"Large Slime","floor":14,"turns":3},{"damage":12,"enemies":"Hexaghost","floor":16,"turns":6},{"damage":13,"enemies":"Shell Parasite","floor":18,"turns":3},{"damage":9,"enemies":"3 Byrds","floor":20,"turns":5},{"damage":13,"enemies":"3 Cultists","floor":21,"turns":5},{"damage":19,"enemies":"Shelled Parasite and Fungi","floor":22,"turns":5},{"damage":4,"enemies":"Book of Stabbing","floor":23,"turns":3}],"seed_played":"5452011039683499347","potions_obtained":[{"floor":4,"key":"SmokeBomb"},{"floor":12,"key":"PowerPotion"},{"floor":14,"key":"Fire Potion"},{"floor":17,"key":"SpeedPotion"},{"floor":20,"key":"PotionOfCapacity"},{"floor":22,"key":"Weak Potion"}],"is_trial":false,"path_per_floor":["M","M","$","M","?","R","M","R","T","M","R","E","?","M","R","B",null,"M","$","M","M","M","E"],"character_chosen":"DEFECT","items_purchased":["Defragment","Sunder","Apotheosis"],"campfire_rested":0,"item_purchase_floors":[3,19,19],"current_hp_per_floor":[61,54,54,48,48,48,34,34,34,34,34,28,28,28,28,16,57,44,44,35,22,3,0],"gold":100,"neow_bonus":"TRANSFORM_TWO_CARDS","is_prod":false,"is_daily":false,"chose_seed":false,"campfire_upgraded":4,"win_rate":0,"timestamp":1568968624,"path_taken":["M","M","$","M","?","R","M","R","T","M","R","E","?","?","R","BOSS","M","$","M","M","M","E"],"build_version":"2019-09-19","purchased_purges":0,"victory":false,"max_hp_per_floor":[64,64,64,64,64,64,64,64,64,64,64,64,64,64,64,64,69,69,69,69,69,69,69],"card_choices":[{"not_picked":["Go for the Eyes","Scrape"],"picked":"Melter","floor":1},{"not_picked":["BootSequence","Sweeping Beam"],"picked":"Ball Lightning","floor":2},{"not_picked":["Double Energy","Redo"],"picked":"Darkness","floor":4},{"not_picked":["Steam","Scrape"],"picked":"Compile Driver","floor":7},{"not_picked":["Streamline","Self Repair"],"picked":"Cold Snap","floor":10},{"not_picked":["Tempest","Rebound"],"picked":"Steam","floor":12},{"not_picked":["Tempest","Leap","Force Field"],"picked":"SKIP","floor":14},{"not_picked":["Rainbow","Core Surge"],"picked":"Amplify","floor":16},{"not_picked":["Reinforced Body","Beam Cell"],"picked":"Hologram","floor":17},{"not_picked":["Compile Driver","Sweeping Beam"],"picked":"Conserve Battery","floor":18},{"not_picked":["Static Discharge","Hologram"],"picked":"Steam Power+1","floor":20},{"not_picked":["Compile Driver+1","Force Field"],"picked":"Cold Snap","floor":21},{"not_picked":["Rebound","Static Discharge"],"picked":"Defragment","floor":22}],"player_experience":888989,"relics_obtained":[{"floor":9,"key":"Anchor"},{"floor":12,"key":"Orichalcum"}],"event_choices":[{"damage_healed":0,"gold_gain":0,"player_choice":"Leave","damage_taken":0,"max_hp_gain":0,"max_hp_loss":0,"event_name":"The Cleric","floor":5,"gold_loss":0},{"damage_healed":0,"gold_gain":0,"player_choice":"Bought 1 Potion","damage_taken":0,"max_hp_gain":0,"max_hp_loss":0,"event_name":"The Woman in Blue","floor":13,"gold_loss":0}],"is_beta":true,"boss_relics":[{"not_picked":["Snecko Eye","Ectoplasm"],"picked":"Tiny House"}],"items_purged_floors":[],"is_endless":false,"potions_floor_spawned":[4,12,14,20,22],"killed_by":"Book of Stabbing","ascension_level":20}