{"gold_per_floor":[114,264,264,136,10,42,42,60,142,177,189,215,271,288,288,364,364,377,377,196,196,179,179,211,211,264,264,264,284,284,92,92,165,165,175,175,175,25,75,105,105,116,116,116,116,116,116,130,130,130],"floor_reached":51,"playtime":1645,"items_purged":["Defend_B","Strike_B","Strike_B","Strike_B"],"score":1343,"play_id":"9db4e804-4b54-4ed1-8c5a-a6d127de974b","local_time":"20190130042040","is_ascension_mode":true,"campfire_choices":[{"data":"Defragment","floor":7.0,"key":"SMITH"},{"data":"Defragment","floor":15.0,"key":"SMITH"},{"data":"Defragment","floor":23.0,"key":"SMITH"},{"data":"Biased Cognition","floor":25.0,"key":"SMITH"},{"floor":28.0,"key":"REST"},{"data":"Loop","floor":30.0,"key":"SMITH"},{"data":"Defragment","floor":32.0,"key":"SMITH"},{"floor":41.0,"key":"REST"},{"data":"Loop","floor":47,"key":"SMITH"},{"floor":49,"key":"REST"}],"neow_cost":"NONE","seed_source_timestamp":136889300272924,"circlet_count":0,"master_deck":["AscendersBane","Defend_B","Defend_B","Defend_B+1","Zap","Dualcast","Ball Lightning","Sweeping Beam","Defragment+1","Cold Snap","Defragment+1","Loop+1","Go for the Eyes","Reboot","Biased Cognition+1","Loop+1","Defragment+1","Coolheaded+1","Clumsy","Conserve Battery","Defragment+1","Biased Cognition","Finesse+1","Electrodynamics"],"special_seed":0,"relics":["Cracked Core","NeowsBlessing","Meat on the Bone","Tiny Chest","Vajra","Pocketwatch","Kunai","Cursed Key","Red Mask","DataDisk","Busted Crown","War Paint"],"potions_floor_usage":[50,50],"damage_taken":[{"damage":0.0,"enemies":"Small Slimes","floor":1.0,"turns":1.0},{"damage":0.0,"enemies":"Lagavulin","floor":6.0,"turns":1.0},{"damage":0.0,"enemies":"Jaw Worm","floor":8.0,"turns":1.0},{"damage":12.0,"enemies":"Gremlin Nob","floor":10.0,"turns":4.0},{"damage":9.0,"enemies":"2 Louse","floor":11.0,"turns":2.0},{"damage":23.0,"enemies":"3 Sentries","floor":12.0,"turns":7.0},{"damage":4.0,"enemies":"3 Sentries","floor":13.0,"turns":4.0},{"damage":0.0,"enemies":"Large Slime","floor":14.0,"turns":4.0},{"damage":0.0,"enemies":"Slime Boss","floor":16.0,"turns":8.0},{"damage":15.0,"enemies":"Shell Parasite","floor":18.0,"turns":5.0},{"damage":18.0,"enemies":"2 Thieves","floor":22.0,"turns":4.0},{"damage":4.0,"enemies":"Masked Bandits","floor":24.0,"turns":4.0},{"damage":0.0,"enemies":"Snecko","floor":29.0,"turns":5.0},{"damage":33.0,"enemies":"Automaton","floor":33.0,"turns":7.0},{"damage":14.0,"enemies":"3 Shapes","floor":35.0,"turns":5.0},{"damage":31.0,"enemies":"Reptomancer","floor":40.0,"turns":7.0},{"damage":0.0,"enemies":"Orb Walker","floor":42.0,"turns":2.0},{"damage":3,"enemies":"Sphere and 2 Shapes","floor":48,"turns":3},{"damage":42,"enemies":"Awakened One","floor":50,"turns":12}],"seed_played":"8292672002940709663","potions_obtained":[{"floor":1.0,"key":"Fire Potion"},{"floor":11.0,"key":"SkillPotion"},{"floor":13.0,"key":"EssenceOfSteel"},{"floor":14.0,"key":"Strength Potion"},{"floor":22.0,"key":"Fire Potion"},{"floor":29.0,"key":"LiquidBronze"},{"floor":33.0,"key":"EssenceOfSteel"},{"floor":42.0,"key":"Weak Potion"}],"is_trial":false,"path_per_floor":["M","?","?","$","$","E","R","M","T","E","M","E","?","M","R","B",null,"M","?","$","?","M","R","?","R","T","?","R","M","R","$","R","B",null,"M","?","?","$","?","E","R","M","T","?","$","$","R","M","R","B",null],"character_chosen":"DEFECT","items_purchased":["Sweeping Beam","Defragment","Cold Snap","Loop","Defragment"],"campfire_rested":3,"item_purchase_floors":[4,5,5,20,31],"current_hp_per_floor":[64,64,64,64,64,64,64,64,64,52,43,32,40,40,40,40,63,48,48,48,48,42,42,38,38,38,18,40,40,40,40,40,19,62,48,48,48,48,48,29,50,50,50,50,50,50,50,47,68,38],"gold":130,"neow_bonus":"THREE_ENEMY_KILL","is_prod":false,"is_daily":false,"chose_seed":false,"campfire_upgraded":7,"win_rate":0,"timestamp":1548818440,"path_taken":["M","?","?","?","$","E","R","?","T","E","M","E","?","M","R","BOSS","M","?","$","?","M","R","?","R","T","?","R","?","R","$","R","BOSS","M","?","?","$","?","E","R","?","T","?","?","?","R","M","R","BOSS"],"build_version":"2019-01-17v2","purchased_purges":4,"victory":true,"max_hp_per_floor":[71,71,71,71,71,71,71,71,71,71,71,71,71,71,71,71,71,71,71,71,71,71,71,71,71,71,76,76,76,76,76,76,76,76,76,76,72,72,72,72,72,72,72,72,72,72,72,72,72,72],"card_choices":[{"not_picked":["White Noise","Doom and Gloom"],"picked":"Ball Lightning","floor":1.0},{"not_picked":["Rebound","Conserve Battery"],"picked":"Coolheaded","floor":6.0},{"not_picked":["Leap","Stack"],"picked":"Defragment","floor":8.0},{"not_picked":["Ball Lightning","Reprogram"],"picked":"Loop","floor":10.0},{"not_picked":["Compile Driver","Ball Lightning"],"picked":"Go for the Eyes","floor":11.0},{"not_picked":["Sweeping Beam","Compile Driver","Stack"],"picked":"SKIP","floor":12.0},{"not_picked":["Beam Cell","Sweeping Beam"],"picked":"Reboot","floor":13.0},{"not_picked":["Sweeping Beam","Beam Cell","Streamline"],"picked":"SKIP","floor":14.0},{"not_picked":["Core Surge","Creative AI"],"picked":"Biased Cognition","floor":16.0},{"not_picked":["Streamline","Turbo","Consume+1"],"picked":"SKIP","floor":18.0},{"not_picked":["Static Discharge","Genetic Algorithm","Streamline+1"],"picked":"SKIP","floor":22.0},{"not_picked":["Turbo","Steam"],"picked":"Coolheaded+1","floor":24.0},{"not_picked":["Darkness","Steam+1"],"picked":"Conserve Battery","floor":29.0},{"not_picked":["Machine Learning","Seek"],"picked":"Biased Cognition","floor":33.0},{"not_picked":["Rebound"],"picked":"SKIP","floor":35.0},{"not_picked":[],"picked":"Finesse","floor":36.0},{"not_picked":[],"picked":"Electrodynamics","floor":40.0},{"not_picked":["Conserve Battery"],"picked":"SKIP","floor":42.0},{"not_picked":["Turbo+1"],"picked":"SKIP","floor":48}],"player_experience":1189884,"relics_obtained":[{"floor":6.0,"key":"Meat on the Bone"},{"floor":9.0,"key":"Tiny Chest"},{"floor":10.0,"key":"Vajra"},{"floor":12.0,"key":"Pocketwatch"},{"floor":24.0,"key":"Red Mask"},{"floor":26.0,"key":"DataDisk"},{"floor":40.0,"key":"War Paint"}],"event_choices":[{"damage_healed":0.0,"max_hp_gain":0.0,"max_hp_loss":0.0,"gold_gain":150.0,"event_name":"Liars Game","player_choice":"AGREE","floor":2.0,"gold_loss":0.0,"damage_taken":0.0,"cards_obtained":["Doubt"]},{"cards_removed":["Doubt"],"damage_healed":0.0,"max_hp_gain":0.0,"max_hp_loss":0.0,"gold_gain":0.0,"event_name":"Living Wall","player_choice":"Forget","floor":3.0,"gold_loss":0.0,"damage_taken":0.0},{"damage_healed":0.0,"max_hp_gain":0.0,"max_hp_loss":0.0,"gold_gain":0.0,"event_name":"Dead Adventurer","player_choice":"Searched \u00272\u0027 times","floor":13.0,"gold_loss":0.0,"damage_taken":0.0,"relics_obtained":["Kunai"]},{"cards_removed":["Strike_B"],"damage_healed":0.0,"max_hp_gain":0.0,"max_hp_loss":0.0,"gold_gain":0.0,"event_name":"Back to Basics","player_choice":"Elegance","floor":19.0,"gold_loss":0.0,"damage_taken":0.0},{"damage_healed":0.0,"max_hp_gain":0.0,"max_hp_loss":0.0,"gold_gain":0.0,"event_name":"The Library","player_choice":"Read","floor":21.0,"gold_loss":0.0,"damage_taken":0.0,"cards_obtained":["Defragment"]},{"damage_healed":0.0,"max_hp_gain":0.0,"max_hp_loss":0.0,"gold_gain":0.0,"event_name":"Masked Bandits","player_choice":"Fought Bandits","floor":24.0,"gold_loss":0.0,"damage_taken":0.0},{"damage_healed":0.0,"max_hp_gain":5.0,"max_hp_loss":0.0,"gold_gain":0.0,"event_name":"Forgotten Altar","player_choice":"Shed Blood","floor":27.0,"gold_loss":0.0,"damage_taken":25.0},{"damage_healed":0.0,"max_hp_gain":0.0,"max_hp_loss":0.0,"gold_gain":0.0,"event_name":"SensoryStone","player_choice":"Memory 1","floor":36.0,"gold_loss":0.0,"damage_taken":0.0},{"damage_healed":0.0,"max_hp_gain":0.0,"max_hp_loss":4.0,"gold_gain":0.0,"event_name":"Winding Halls","player_choice":"Max HP","floor":37.0,"gold_loss":0.0,"damage_taken":0.0},{"damage_healed":0.0,"max_hp_gain":0.0,"max_hp_loss":0.0,"gold_gain":50.0,"event_name":"Golden Shrine","player_choice":"Pray","floor":39.0,"gold_loss":0.0,"damage_taken":0.0},{"cards_removed":["Coolheaded"],"damage_healed":0.0,"max_hp_gain":0.0,"max_hp_loss":0.0,"gold_gain":0.0,"event_name":"Falling","player_choice":"Removed Skill","floor":44.0,"gold_loss":0.0,"damage_taken":0.0}],"is_beta":false,"boss_relics":[{"not_picked":["Tiny House","Runic Dome"],"picked":"Cursed Key"},{"not_picked":["Empty Cage","Runic Pyramid"],"picked":"Busted Crown"}],"items_purged_floors":[4,20,31,38],"is_endless":false,"potions_floor_spawned":[1,11,12,13,14,22,29,33,42,48],"ascension_level":15}