{"gold_per_floor":[115,126,103,103,28,28,58,58,58,58,85,99,99,134,134,211,211,224,224,224,224],"floor_reached":21,"playtime":692,"items_purged":["Defend_B"],"score":382,"play_id":"80c07a45-96a9-4ca9-8a73-d821fa2ec85e","local_time":"20190128201520","is_ascension_mode":true,"campfire_choices":[{"data":"Zap","floor":6.0,"key":"SMITH"},{"data":"Sweeping Beam","floor":8.0,"key":"SMITH"},{"data":"Dualcast","floor":10.0,"key":"SMITH"},{"data":"Genetic Algorithm","floor":13.0,"key":"SMITH"},{"data":"Capacitor","floor":15.0,"key":"SMITH"}],"neow_cost":"NONE","seed_source_timestamp":23523930941245,"circlet_count":0,"master_deck":["AscendersBane","Strike_B+1","Strike_B+1","Defend_B","Defend_B","Defend_B","Zap+1","Dualcast+1","Coolheaded","Sweeping Beam+1","Self Repair","Capacitor+1","Genetic Algorithm+1","Echo Form","Loop"],"special_seed":0,"relics":["Cracked Core","NeowsBlessing","Cables","Whetstone","Juzu Bracelet","Velvet Choker"],"potions_floor_usage":[],"damage_taken":[{"damage":0.0,"enemies":"Jaw Worm","floor":1.0,"turns":1.0},{"damage":0.0,"enemies":"Small Slimes","floor":2.0,"turns":1.0},{"damage":0.0,"enemies":"3 Sentries","floor":7.0,"turns":1.0},{"damage":18.0,"enemies":"Gremlin Nob","floor":11.0,"turns":3.0},{"damage":0.0,"enemies":"Cultist","floor":12.0,"turns":2.0},{"damage":16.0,"enemies":"3 Sentries","floor":14.0,"turns":5.0},{"damage":20.0,"enemies":"The Guardian","floor":16.0,"turns":12.0},{"damage":19.0,"enemies":"3 Byrds","floor":18.0,"turns":4.0},{"damage":32,"enemies":"Colosseum Slavers","floor":21,"turns":2}],"seed_played":"9088389916658145015","potions_obtained":[{"floor":2.0,"key":"EntropicBrew"},{"floor":7.0,"key":"Energy Potion"}],"is_trial":false,"path_per_floor":["M","M","$","?","$","R","E","R","T","R","E","M","R","E","R","B",null,"M","?","?","?"],"character_chosen":"DEFECT","items_purchased":["Sweeping Beam"],"campfire_rested":0,"item_purchase_floors":[3],"current_hp_per_floor":[64,64,64,57,57,57,57,57,57,57,39,46,46,37,37,24,59,47,47,27,0],"gold":224,"neow_bonus":"THREE_ENEMY_KILL","is_prod":false,"is_daily":false,"chose_seed":false,"campfire_upgraded":5,"win_rate":0,"timestamp":1548702920,"path_taken":["M","M","$","?","$","R","E","R","T","R","E","M","R","E","R","BOSS","M","?","?","?"],"build_version":"2019-01-17v2","purchased_purges":1,"victory":false,"max_hp_per_floor":[71,71,71,71,71,71,71,71,71,71,71,71,71,71,71,71,71,71,71,76,76],"card_choices":[{"not_picked":["Steam","Hologram"],"picked":"Coolheaded","floor":1.0},{"not_picked":["Steam Power","Steam","Turbo"],"picked":"SKIP","floor":2.0},{"not_picked":["Lockon","White Noise"],"picked":"Self Repair","floor":7.0},{"not_picked":["Skim","Redo"],"picked":"Capacitor","floor":11.0},{"not_picked":["Leap","Coolheaded"],"picked":"Genetic Algorithm","floor":12.0},{"not_picked":["Rebound","Static Discharge","Steam"],"picked":"SKIP","floor":14.0},{"not_picked":["Thunder Strike","Amplify"],"picked":"Echo Form","floor":16.0},{"not_picked":["Sweeping Beam+1","Streamline"],"picked":"Loop","floor":18.0}],"player_experience":1177478,"relics_obtained":[{"floor":7.0,"key":"Cables"},{"floor":9.0,"key":"Whetstone"},{"floor":14.0,"key":"Juzu Bracelet"}],"event_choices":[{"cards_removed":["Strike_B"],"damage_healed":0.0,"max_hp_gain":0.0,"max_hp_loss":0.0,"gold_gain":0.0,"event_name":"Golden Wing","player_choice":"Card Removal","floor":4.0,"gold_loss":0.0,"damage_taken":7.0},{"cards_removed":["Strike_B"],"damage_healed":0.0,"max_hp_gain":0.0,"max_hp_loss":0.0,"gold_gain":0.0,"event_name":"Back to Basics","player_choice":"Elegance","floor":19.0,"gold_loss":0.0,"damage_taken":0.0},{"damage_healed":0.0,"max_hp_gain":5.0,"max_hp_loss":0.0,"gold_gain":0.0,"event_name":"Forgotten Altar","player_choice":"Shed Blood","floor":20.0,"gold_loss":0.0,"damage_taken":25.0},{"damage_healed":0,"gold_gain":0,"player_choice":"Fight","damage_taken":0,"max_hp_gain":0,"max_hp_loss":0,"event_name":"Colosseum","floor":21,"gold_loss":0}],"is_beta":false,"boss_relics":[{"not_picked":["Philosopher\u0027s Stone","Pandora\u0027s Box"],"picked":"Velvet Choker"}],"items_purged_floors":[5],"is_endless":false,"potions_floor_spawned":[2,7],"killed_by":"Colosseum Slavers","ascension_level":15}