{"gold_per_floor":[118,118,18,18,68,98,112,130,130,145,175,175,191,221,221,298,298,318,329,229,144,144,479,479,479,503,290,317,337,337,337,337,410,410,420,437,448,465,482,517,517,547,572,156,156,256,287,306,306,306,306,306,306,51,79,79],"floor_reached":57,"playtime":3154,"items_purged":["Phantasmal Killer","Underhanded Strike","Night Terror","Masterful Stab","Venomology"],"score":3796,"play_id":"bd28bffc-20d8-47b5-971e-f2bcc60849bf","local_time":"20190407171854","is_ascension_mode":true,"campfire_choices":[{"data":"Tactician","floor":12.0,"key":"SMITH"},{"data":"Concentrate","floor":15.0,"key":"SMITH"},{"data":"Expertise","floor":25.0,"key":"SMITH"},{"data":"Calculated Gamble","floor":32.0,"key":"SMITH"},{"data":"Backflip","floor":45.0,"key":"SMITH"},{"floor":49,"key":"RECALL"},{"data":"Footwork","floor":53,"key":"SMITH"}],"neow_cost":"NONE","seed_source_timestamp":0,"circlet_count":0,"master_deck":["AscendersBane","Survivor","Neutralize","Catalyst","Crippling Poison+1","Expertise+1","Concentrate+1","Deadly Poison","Acrobatics+1","Tactician+1","Backflip+1","Calculated Gamble+1","Footwork+1","Reflex+1","Flash of Steel+1","Flechettes+1"],"special_seed":0,"relics":["Pandora\u0027s Box","Question Card","Shuriken","Omamori","Mango","Eternal Feather","PreservedInsect","Old Coin","Molten Egg 2","Pantograph","Coffee Dripper","Sundial","Art of War","Snake Skull","Paper Crane","Du-Vu Doll","Boot","Incense Burner"],"potions_floor_usage":[47,48,51,51,51,56],"damage_taken":[{"damage":0.0,"enemies":"2 Louse","floor":1.0,"turns":2.0},{"damage":0.0,"enemies":"Gremlin Nob","floor":6.0,"turns":2.0},{"damage":0.0,"enemies":"Small Slimes","floor":7.0,"turns":2.0},{"damage":0.0,"enemies":"Cultist","floor":8.0,"turns":2.0},{"damage":0.0,"enemies":"Lots of Slimes","floor":10.0,"turns":2.0},{"damage":0.0,"enemies":"Lagavulin","floor":11.0,"turns":4.0},{"damage":0.0,"enemies":"Large Slime","floor":13.0,"turns":3.0},{"damage":23.0,"enemies":"3 Sentries","floor":14.0,"turns":9.0},{"damage":0.0,"enemies":"Slime Boss","floor":16.0,"turns":4.0},{"damage":14.0,"enemies":"3 Byrds","floor":18.0,"turns":3.0},{"damage":8.0,"enemies":"Spheric Guardian","floor":19.0,"turns":3.0},{"damage":2.0,"enemies":"Book of Stabbing","floor":23.0,"turns":4.0},{"damage":0.0,"enemies":"Slavers","floor":28.0,"turns":1.0},{"damage":0.0,"enemies":"Centurion and Healer","floor":29.0,"turns":2.0},{"damage":0.0,"enemies":"Automaton","floor":33.0,"turns":2.0},{"damage":12.0,"enemies":"Orb Walker","floor":35.0,"turns":2.0},{"damage":0.0,"enemies":"3 Darklings","floor":36.0,"turns":5.0},{"damage":0.0,"enemies":"Sphere and 2 Shapes","floor":37.0,"turns":1.0},{"damage":0.0,"enemies":"Writhing Mass","floor":38.0,"turns":2.0},{"damage":3.0,"enemies":"4 Shapes","floor":39.0,"turns":2.0},{"damage":0.0,"enemies":"Reptomancer","floor":40.0,"turns":1.0},{"damage":0.0,"enemies":"Giant Head","floor":42.0,"turns":3.0},{"damage":0.0,"enemies":"Mind Bloom Boss Battle","floor":46.0,"turns":2.0},{"damage":0,"enemies":"Nemesis","floor":47,"turns":3},{"damage":0,"enemies":"3 Darklings","floor":48,"turns":1},{"damage":0,"enemies":"Donu and Deca","floor":50,"turns":3},{"damage":4,"enemies":"Time Eater","floor":51,"turns":6},{"damage":0,"enemies":"Shield and Spear","floor":55,"turns":1},{"damage":49,"enemies":"The Heart","floor":56,"turns":6}],"seed_played":"-1140100878323901527","potions_obtained":[{"floor":6.0,"key":"SkillPotion"},{"floor":28.0,"key":"PowerPotion"},{"floor":36.0,"key":"Weak Potion"},{"floor":42.0,"key":"GhostInAJar"}],"is_trial":false,"path_per_floor":["M","?","$","?","?","E","M","M","T","M","E","R","M","E","R","B",null,"M","M","$","?","?","E","?","R","T","$","E","M","?","?","R","B",null,"M","M","M","M","M","E","?","E","T","$","R","?","E","M","R","B","B",null,"R","$","E","B",null],"character_chosen":"THE_SILENT","items_purchased":["Acrobatics","Calculated Gamble","Paper Crane","EssenceOfSteel"],"campfire_rested":0,"item_purchase_floors":[3,27,44,54],"current_hp_per_floor":[59,64,64,43,43,43,43,43,43,43,43,43,43,34,34,34,72,58,50,50,50,50,48,48,54,54,54,54,54,54,42,48,73,82,70,85,85,85,82,82,82,82,82,82,85,85,85,85,85,85,84,85,85,85,85,36],"gold":79,"neow_bonus":"BOSS_RELIC","is_prod":false,"is_daily":false,"chose_seed":true,"campfire_upgraded":6,"win_rate":0,"timestamp":1554628734,"path_taken":["M","?","$","?","?","E","M","?","T","M","E","R","?","E","R","BOSS","M","?","$","?","?","E","?","R","T","$","E","?","?","?","R","BOSS","M","?","M","M","M","E","?","E","T","$","R","?","E","?","R","BOSS","BOSS","R","$","E","BOSS"],"build_version":"2019-04-04","purchased_purges":5,"victory":true,"max_hp_per_floor":[66,71,71,71,71,71,71,71,71,71,71,71,71,85,85,85,85,85,85,85,85,85,85,85,85,85,85,85,85,85,85,85,85,85,85,85,85,85,85,85,85,85,85,85,85,85,85,85,85,85,85,85,85,85,85,85],"card_choices":[{"not_picked":["Prepared","Distraction","Blade Dance"],"picked":"SKIP","floor":1.0},{"not_picked":["Slice","Endless Agony","Heel Hook"],"picked":"SKIP","floor":6.0},{"not_picked":["Slice","Endless Agony","Heel Hook"],"picked":"SKIP","floor":6.0},{"not_picked":["Dagger Spray","Deflect","Sucker Punch","Masterful Stab"],"picked":"SKIP","floor":7.0},{"not_picked":["Envenom","Well Laid Plans","Outmaneuver"],"picked":"Tactician","floor":8.0},{"not_picked":["Accuracy","Dodge and Roll","Terror","Quick Slash"],"picked":"SKIP","floor":10.0},{"not_picked":["Footwork","Flechettes","Underhanded Strike","Quick Slash"],"picked":"SKIP","floor":11.0},{"not_picked":["Slice","Quick Slash","Deflect","Dagger Spray"],"picked":"SKIP","floor":13.0},{"not_picked":["Poisoned Stab","Tactician","Infinite Blades","Deflect"],"picked":"SKIP","floor":14.0},{"not_picked":["Prepared","Poisoned Stab","Dagger Throw","Cloak And Dagger"],"picked":"SKIP","floor":18.0},{"not_picked":["Endless Agony","Outmaneuver","Skewer","Leg Sweep+1"],"picked":"SKIP","floor":19.0},{"not_picked":["Venomology","Dagger Spray","Prepared"],"picked":"Backflip","floor":23.0},{"not_picked":["Finisher","Setup","Sucker Punch","Outmaneuver+1"],"picked":"SKIP","floor":28.0},{"not_picked":["Sucker Punch+1","Blade Dance","Backstab+1","Acrobatics+1"],"picked":"SKIP","floor":29.0},{"not_picked":["Crippling Poison","Poisoned Stab+1","Blade Dance","Backflip"],"picked":"SKIP","floor":35.0},{"not_picked":["Finisher+1","Blade Dance","Caltrops","Deflect"],"picked":"SKIP","floor":36.0},{"not_picked":["Noxious Fumes+1","Poisoned Stab+1","Dagger Spray+1","PiercingWail"],"picked":"SKIP","floor":37.0},{"not_picked":["Noxious Fumes+1","Poisoned Stab+1","Dagger Spray+1","PiercingWail"],"picked":"SKIP","floor":37.0},{"not_picked":["Finisher+1","Backflip","Caltrops+1","Terror"],"picked":"SKIP","floor":38.0},{"not_picked":["Cloak And Dagger","Setup","Dagger Spray+1"],"picked":"Footwork","floor":39.0},{"not_picked":["Bane+1","PiercingWail+1","Finisher+1"],"picked":"Reflex+1","floor":40.0},{"not_picked":["Enlightenment","Jack Of All Trades","PanicButton"],"picked":"Flash of Steel+1","floor":41.0},{"not_picked":["Dagger Spray+1","Outmaneuver","All Out Attack+1"],"picked":"Flechettes+1","floor":42.0},{"not_picked":["Tactician","A Thousand Cuts","Sucker Punch+1","Poisoned Stab+1"],"picked":"SKIP","floor":47},{"not_picked":["Backflip","Infinite Blades","Quick Slash+1","Outmaneuver"],"picked":"SKIP","floor":48},{"not_picked":["Tactician","Infinite Blades","Blade Dance","Sucker Punch+1"],"picked":"SKIP","floor":55}],"player_experience":3005484,"relics_obtained":[{"floor":6.0,"key":"Question Card"},{"floor":9.0,"key":"Shuriken"},{"floor":11.0,"key":"Omamori"},{"floor":14.0,"key":"Mango"},{"floor":23.0,"key":"Old Coin"},{"floor":28.0,"key":"Molten Egg 2"},{"floor":40.0,"key":"Sundial"},{"floor":42.0,"key":"Art of War"},{"floor":43.0,"key":"Snake Skull"},{"floor":46.0,"key":"Du-Vu Doll"},{"floor":47,"key":"Boot"},{"floor":55,"key":"Incense Burner"}],"event_choices":[{"damage_healed":0.0,"max_hp_gain":5.0,"max_hp_loss":0.0,"gold_gain":0.0,"event_name":"Big Fish","player_choice":"Donut","floor":2.0,"gold_loss":0.0,"damage_taken":0.0},{"damage_healed":0.0,"max_hp_gain":0.0,"max_hp_loss":0.0,"gold_gain":0.0,"event_name":"Shining Light","player_choice":"Entered Light","floor":4.0,"gold_loss":0.0,"damage_taken":21.0,"cards_upgraded":["Acrobatics","Crippling Poison"]},{"damage_healed":0.0,"max_hp_gain":0.0,"max_hp_loss":0.0,"gold_gain":50.0,"event_name":"Golden Shrine","player_choice":"Pray","floor":5.0,"gold_loss":0.0,"damage_taken":0.0},{"damage_healed":0.0,"max_hp_gain":0.0,"max_hp_loss":0.0,"gold_gain":0.0,"event_name":"Addict","player_choice":"Obtained Relic","floor":21.0,"gold_loss":85.0,"damage_taken":0.0,"relics_obtained":["PreservedInsect"]},{"damage_healed":0.0,"max_hp_gain":0.0,"max_hp_loss":0.0,"gold_gain":0.0,"event_name":"Vampires","player_choice":"Ignored","floor":22.0,"gold_loss":0.0,"damage_taken":0.0},{"damage_healed":0.0,"max_hp_gain":0.0,"max_hp_loss":0.0,"gold_gain":0.0,"event_name":"N\u0027loth","player_choice":"Ignored","floor":24.0,"gold_loss":0.0,"damage_taken":0.0},{"damage_healed":0.0,"max_hp_gain":0.0,"max_hp_loss":0.0,"gold_gain":0.0,"event_name":"The Mausoleum","player_choice":"Opened","floor":30.0,"gold_loss":0.0,"damage_taken":0.0,"relics_obtained":["Pantograph"],"cards_obtained":["Writhe"]},{"damage_healed":0.0,"max_hp_gain":0.0,"max_hp_loss":0.0,"gold_gain":0.0,"event_name":"Wheel of Change","player_choice":"Damaged","floor":31.0,"gold_loss":0.0,"damage_taken":12.0},{"damage_healed":0.0,"max_hp_gain":0.0,"max_hp_loss":0.0,"gold_gain":0.0,"event_name":"SensoryStone","player_choice":"Memory 1","floor":41.0,"gold_loss":0.0,"damage_taken":0.0},{"damage_healed":0.0,"max_hp_gain":0.0,"max_hp_loss":0.0,"gold_gain":0.0,"event_name":"MindBloom","player_choice":"Fight","floor":46.0,"gold_loss":0.0,"damage_taken":0.0}],"is_beta":true,"boss_relics":[{"not_picked":["Snecko Eye","Sozu"],"picked":"Eternal Feather"},{"not_picked":["White Beast Statue","Tiny House"],"picked":"Coffee Dripper"}],"items_purged_floors":[3,20,27,44,54],"is_endless":false,"potions_floor_spawned":[6,7,11,16,28,36,39,42,46,47,48],"ascension_level":20}