{"gold_per_floor":[109,60,80,92,108,143,143,159,185,205,221,221,252,266,266,365,365,381,346,346,3,3,3,3],"floor_reached":24,"playtime":3815,"items_purged":[],"score":210,"play_id":"3ce9dde8-293d-49da-9d3f-35722dde6b9a","local_time":"20190102100523","is_ascension_mode":false,"campfire_choices":[{"floor":12,"key":"REST"},{"floor":15,"key":"REST"},{"floor":23,"key":"REST"}],"neow_cost":"NONE","seed_source_timestamp":208941481471698,"circlet_count":0,"master_deck":["Strike_R","Strike_R","Strike_R","Strike_R","Strike_R","Defend_R","Defend_R","Defend_R","Defend_R","Shrug It Off","Wild Strike","Armaments","Pommel Strike","Dual Wield","Shrug It Off","Rampage","Carnage","Thunderclap","Flame Barrier","Rage","Feed","Shrug It Off","Disarm","Ghostly Armor","Immolate","Finesse"],"relics":["Burning Blood","Bird Faced Urn","Happy Flower","Lantern","Eternal Feather"],"potions_floor_usage":[6,8,16,16,16],"damage_taken":[{"damage":0,"enemies":"2 Louse","floor":1,"turns":4},{"damage":2,"enemies":"Jaw Worm","floor":3,"turns":4},{"damage":0,"enemies":"Small Slimes","floor":4,"turns":3},{"damage":5,"enemies":"2 Fungi Beasts","floor":5,"turns":4},{"damage":23,"enemies":"3 Sentries","floor":6,"turns":12},{"damage":12,"enemies":"Large Slime","floor":8,"turns":8},{"damage":7,"enemies":"Looter","floor":10,"turns":3},{"damage":1,"enemies":"2 Fungi Beasts","floor":11,"turns":4},{"damage":37,"enemies":"Lagavulin","floor":13,"turns":7},{"damage":8,"enemies":"Red Slaver","floor":14,"turns":2},{"damage":49,"enemies":"Slime Boss","floor":16,"turns":19},{"damage":38,"enemies":"Spheric Guardian","floor":18,"turns":6},{"damage":19,"enemies":"2 Thieves","floor":19,"turns":5},{"damage":20,"enemies":"Colosseum Slavers","floor":20,"turns":6},{"damage":69,"enemies":"Centurion and Healer","floor":24,"turns":12}],"seed_played":"8697248648109880750","potions_obtained":[{"floor":6,"key":"PowerPotion"},{"floor":8,"key":"Dexterity Potion"},{"floor":11,"key":"PowerPotion"},{"floor":13,"key":"Energy Potion"},{"floor":18,"key":"Strength Potion"}],"is_trial":false,"path_per_floor":["M","$","M","M","M","E","?","M","T","M","M","R","E","M","R","B",null,"M","M","?","$","?","R","M"],"character_chosen":"IRONCLAD","items_purchased":["Fire Potion","Ghostly Armor","Immolate","Finesse","Explosive Potion"],"campfire_rested":3,"item_purchase_floors":[2,21,21,21,21],"current_hp_per_floor":[80,80,80,80,80,63,63,59,59,58,63,80,49,47,71,30,80,48,35,21,21,21,60,0],"gold":3,"neow_bonus":"TRANSFORM_CARD","is_prod":false,"is_daily":false,"chose_seed":false,"campfire_upgraded":0,"win_rate":0.0,"timestamp":1546452323,"path_taken":["M","$","M","M","M","E","?","M","T","M","M","R","E","M","R","BOSS","M","M","?","$","?","R","M"],"build_version":"2018-12-20","purchased_purges":0,"victory":false,"max_hp_per_floor":[80,80,80,80,80,80,80,80,80,80,80,80,80,80,80,80,80,80,80,80,80,80,80,83],"card_choices":[{"not_picked":["Warcry","Feel No Pain"],"picked":"Wild Strike","floor":1},{"not_picked":["Dropkick","Inflame"],"picked":"Armaments","floor":3},{"not_picked":["Clash","Intimidate"],"picked":"Pommel Strike","floor":4},{"not_picked":["Battle Trance","Reckless Charge"],"picked":"Dual Wield","floor":5},{"not_picked":["Sever Soul","Immolate"],"picked":"Shrug It Off","floor":6},{"not_picked":["Feel No Pain","True Grit"],"picked":"Rampage","floor":8},{"not_picked":["Body Slam","Clash"],"picked":"Carnage","floor":10},{"not_picked":["Rupture","Hemokinesis"],"picked":"Thunderclap","floor":11},{"not_picked":["Inflame","Reaper"],"picked":"Flame Barrier","floor":13},{"not_picked":["Headbutt","Dropkick"],"picked":"Rage","floor":14},{"not_picked":["Brutality","Demon Form"],"picked":"Feed","floor":16},{"not_picked":["Pommel Strike+1","Heavy Blade"],"picked":"Shrug It Off","floor":18},{"not_picked":["Uppercut+1","Second Wind"],"picked":"Disarm","floor":19}],"player_experience":86653,"relics_obtained":[{"floor":6,"key":"Bird Faced Urn"},{"floor":9,"key":"Happy Flower"},{"floor":13,"key":"Lantern"}],"event_choices":[{"damage_healed":0,"gold_gain":0,"player_choice":"Searched \u00271\u0027 times","damage_taken":0,"max_hp_gain":0,"max_hp_loss":0,"event_name":"Dead Adventurer","floor":7,"gold_loss":0},{"damage_healed":0,"gold_gain":0,"player_choice":"Fight","damage_taken":0,"max_hp_gain":0,"max_hp_loss":0,"event_name":"Colosseum","floor":20,"gold_loss":0},{"damage_healed":0,"gold_gain":0,"player_choice":"Fled From Nobs","damage_taken":0,"max_hp_gain":0,"max_hp_loss":0,"event_name":"Colosseum","floor":20,"gold_loss":0},{"damage_healed":0,"gold_gain":0,"player_choice":"Ignored","damage_taken":0,"max_hp_gain":0,"max_hp_loss":0,"event_name":"Beggar","floor":22,"gold_loss":0}],"is_beta":false,"boss_relics":[{"not_picked":["Tiny House","White Beast Statue"],"picked":"Eternal Feather"}],"items_purged_floors":[],"is_endless":false,"potions_floor_spawned":[6,8,11,13,14,18],"killed_by":"Centurion and Healer","ascension_level":0}