{"gold_per_floor":[15,15,15,15,28,44,78,95,95,65,65,85,73,91,91,91],"floor_reached":16,"playtime":1598,"items_purged":[],"score":104,"play_id":"5f6cae0a-df40-40b7-ba11-0d35c967083e","local_time":"20181228210217","is_ascension_mode":false,"campfire_choices":[{"floor":11,"key":"REST"},{"floor":15,"key":"REST"}],"neow_cost":"NO_GOLD","seed_source_timestamp":0,"circlet_count":0,"master_deck":["Defend_G","Defend_G","Defend_G","Defend_G","Defend_G","Strike_G","Strike_G","Strike_G","Strike_G","Strike_G","Survivor+1","Neutralize","Flying Knee","Caltrops","All Out Attack","Quick Slash","Flechettes","Blur","Skewer","Poisoned Stab"],"special_seed":0,"relics":["Ring of the Snake","Ice Cream","Letter Opener","Bottled Lightning"],"potions_floor_usage":[13,13],"damage_taken":[{"damage":2.0,"enemies":"Cultist","floor":1.0,"turns":4.0},{"damage":1.0,"enemies":"2 Louse","floor":5.0,"turns":3.0},{"damage":5.0,"enemies":"Small Slimes","floor":6.0,"turns":3.0},{"damage":26.0,"enemies":"3 Sentries","floor":7.0,"turns":5.0},{"damage":3,"enemies":"Blue Slaver","floor":8,"turns":5},{"damage":15,"enemies":"Lots of Slimes","floor":12,"turns":3},{"damage":0,"enemies":"Exordium Thugs","floor":13,"turns":4},{"damage":9,"enemies":"Exordium Wildlife","floor":14,"turns":4},{"damage":56,"enemies":"Hexaghost","floor":16,"turns":12}],"seed_played":"-1819897201048600377","potions_obtained":[{"floor":5.0,"key":"Explosive Potion"},{"floor":7.0,"key":"Block Potion"},{"floor":8,"key":"Ancient Potion"},{"floor":10,"key":"FearPotion"},{"floor":13,"key":"Strength Potion"}],"is_trial":false,"path_per_floor":["M","?","?","$","M","M","E","M","T","?","R","M","M","M","R","B"],"character_chosen":"THE_SILENT","items_purchased":[],"campfire_rested":2,"item_purchase_floors":[],"current_hp_per_floor":[68,68,68,68,67,62,36,33,33,33,54,39,39,30,51,0],"gold":91,"neow_bonus":"ONE_RARE_RELIC","is_prod":false,"is_daily":false,"chose_seed":false,"campfire_upgraded":0,"win_rate":0.0,"timestamp":1546059737,"path_taken":["M","?","?","$","M","M","E","M","T","?","R","?","M","M","R","BOSS"],"build_version":"2018-12-20","purchased_purges":0,"victory":false,"max_hp_per_floor":[70,70,70,70,70,70,70,70,70,70,70,70,70,70,70,70],"card_choices":[{"not_picked":["Sucker Punch","Prepared"],"picked":"Flying Knee","floor":1.0},{"not_picked":["Outmaneuver","Tactician"],"picked":"Caltrops","floor":5.0},{"not_picked":["Outmaneuver","Backflip"],"picked":"All Out Attack","floor":6.0},{"not_picked":["Escape Plan","Slice"],"picked":"Quick Slash","floor":7.0},{"not_picked":["Heel Hook","Distraction"],"picked":"Flechettes","floor":8},{"not_picked":["Prepared","PiercingWail"],"picked":"Blur","floor":12},{"not_picked":["Tactician","Sucker Punch"],"picked":"Skewer","floor":13},{"not_picked":["Tactician","Flying Knee"],"picked":"Poisoned Stab","floor":14}],"player_experience":53838,"relics_obtained":[{"floor":7.0,"key":"Letter Opener"},{"floor":9,"key":"Bottled Lightning"}],"event_choices":[{"damage_healed":0.0,"max_hp_gain":0.0,"max_hp_loss":0.0,"gold_gain":0.0,"event_name":"Living Wall","player_choice":"Grow","floor":2.0,"gold_loss":0.0,"damage_taken":0.0,"cards_upgraded":["Survivor"]},{"damage_healed":0.0,"max_hp_gain":0.0,"max_hp_loss":0.0,"gold_gain":0.0,"event_name":"The Cleric","player_choice":"Leave","floor":3.0,"gold_loss":0.0,"damage_taken":0.0},{"damage_healed":0,"gold_gain":0,"player_choice":"Bought 2 Potions","damage_taken":0,"max_hp_gain":0,"max_hp_loss":0,"event_name":"The Woman in Blue","floor":10,"gold_loss":0}],"is_beta":false,"boss_relics":[],"items_purged_floors":[],"is_endless":false,"potions_floor_spawned":[5,7,8,13],"killed_by":"Hexaghost","ascension_level":0}