{"gold_per_floor":[213,61,76,76,101,101,137,97,97,111,111,111,131,90,90,184,184,198,14,32,32,82,82,118,144,156,168,214,249,24,65,65,156,156,179,104,120,178,178,178,213,213,213,213,263,287,620,307,307,307,307,307,307,132,162,162],"floor_reached":57,"playtime":1981,"items_purged":["Strike_R","Bash","Defend_R","Defend_R","Defend_R"],"score":2953,"play_id":"eae695a7-5de3-4c78-a09f-1b0c77472c3d","local_time":"20190920003005","is_ascension_mode":true,"campfire_choices":[{"data":"Fire Breathing","floor":6.0,"key":"SMITH"},{"data":"Disarm","floor":11.0,"key":"SMITH"},{"data":"Second Wind","floor":15.0,"key":"SMITH"},{"data":"Barricade","floor":23.0,"key":"SMITH"},{"floor":27.0,"key":"REST"},{"data":"Body Slam","floor":32.0,"key":"SMITH"},{"data":"Evolve","floor":40.0,"key":"SMITH"},{"data":"Feel No Pain","floor":42.0,"key":"SMITH"},{"data":"Berserk","floor":44.0,"key":"SMITH"},{"floor":49.0,"key":"RECALL"},{"floor":53.0,"key":"DIG"}],"neow_cost":"NONE","seed_source_timestamp":800331230842930,"circlet_count":0,"master_deck":["AscendersBane","Disarm+1","Fire Breathing+1","Second Wind+1","Shrug It Off","Evolve+1","Barricade+1","Power Through+1","Flex+1","Inflame+1","Body Slam+1","Feel No Pain+1","Berserk+1","Battle Trance+1","Entrench+1"],"special_seed":0,"relics":["Burning Blood","Dodecahedron","Orichalcum","Astrolabe","Nilry\u0027s Codex","MawBank","Self Forming Clay","Ginger","Cursed Key","CaptainsWheel","Shovel","CeramicFish","Bag of Preparation","Bottled Tornado","Nunchaku"],"potions_floor_usage":[56,56],"damage_taken":[{"damage":17.0,"enemies":"Small Slimes","floor":1.0,"turns":4.0},{"damage":0.0,"enemies":"Jaw Worm","floor":3.0,"turns":7.0},{"damage":4.0,"enemies":"Cultist","floor":5.0,"turns":3.0},{"damage":21.0,"enemies":"3 Sentries","floor":7.0,"turns":3.0},{"damage":2.0,"enemies":"Looter","floor":8.0,"turns":4.0},{"damage":17.0,"enemies":"Gremlin Gang","floor":10.0,"turns":8.0},{"damage":10.0,"enemies":"Red Slaver","floor":13.0,"turns":5.0},{"damage":16.0,"enemies":"Hexaghost","floor":16.0,"turns":9.0},{"damage":10.0,"enemies":"Spheric Guardian","floor":18.0,"turns":11.0},{"damage":10.0,"enemies":"3 Byrds","floor":20.0,"turns":6.0},{"damage":19.0,"enemies":"Book of Stabbing","floor":24.0,"turns":6.0},{"damage":5.0,"enemies":"Snake Plant","floor":25.0,"turns":6.0},{"damage":32.0,"enemies":"Slavers","floor":28.0,"turns":5.0},{"damage":0.0,"enemies":"3 Cultists","floor":29.0,"turns":6.0},{"damage":6.0,"enemies":"Book of Stabbing","floor":31.0,"turns":7.0},{"damage":10.0,"enemies":"Automaton","floor":33.0,"turns":8.0},{"damage":10.0,"enemies":"Orb Walker","floor":35.0,"turns":4.0},{"damage":0.0,"enemies":"3 Shapes","floor":37.0,"turns":5.0},{"damage":17.0,"enemies":"2 Orb Walkers","floor":38.0,"turns":5.0},{"damage":1.0,"enemies":"Giant Head","floor":41.0,"turns":6.0},{"damage":4.0,"enemies":"Nemesis","floor":45.0,"turns":3.0},{"damage":17.0,"enemies":"Jaw Worm Horde","floor":46.0,"turns":5.0},{"damage":18.0,"enemies":"Donu and Deca","floor":50.0,"turns":6.0},{"damage":10.0,"enemies":"Awakened One","floor":51.0,"turns":7.0},{"damage":0.0,"enemies":"Shield and Spear","floor":55.0,"turns":4.0},{"damage":19,"enemies":"The Heart","floor":56,"turns":7}],"seed_played":"-4768215538215710687","potions_obtained":[{"floor":1.0,"key":"SkillPotion"},{"floor":10.0,"key":"PowerPotion"},{"floor":18.0,"key":"SkillPotion"},{"floor":20.0,"key":"SpeedPotion"},{"floor":31.0,"key":"Ancient Potion"},{"floor":33.0,"key":"DuplicationPotion"}],"is_trial":false,"path_per_floor":["M","$","M","?","M","R","E","M","T","M","R","?","M","$","R","B",null,"M","$","M","?","?","R","E","M","T","R","E","M","$","E","R","B",null,"M","?","M","?","?","R","E","R","T","R","E","M","?","$","R","B","B",null,"R","$","E","B",null],"character_chosen":"IRONCLAD","items_purchased":["Disarm","Evolve","Feel No Pain","SkillPotion","Weak Potion","Bag of Preparation"],"campfire_rested":1,"item_purchase_floors":[2,14,19,30,30,48],"current_hp_per_floor":[57,57,63,63,65,65,50,54,54,43,43,43,39,39,39,29,58,54,54,50,29,29,29,16,17,17,37,11,17,17,17,17,13,54,50,50,56,45,45,45,50,50,50,50,52,41,41,41,41,29,25,55,55,55,61,48],"gold":162,"neow_bonus":"HUNDRED_GOLD","is_prod":false,"is_daily":false,"chose_seed":false,"campfire_upgraded":8,"win_rate":0,"timestamp":1568910605,"path_taken":["M","$","M","?","M","R","E","M","T","M","R","?","M","?","R","BOSS","M","$","M","?","?","R","E","?","T","R","E","M","?","E","R","BOSS","M","?","?","?","?","R","E","R","T","R","E","M","?","$","R","BOSS","BOSS","R","$","E","BOSS"],"build_version":"2019-09-18","purchased_purges":5,"victory":true,"max_hp_per_floor":[75,75,75,68,68,68,68,68,68,68,68,68,68,68,68,68,68,68,68,68,68,68,68,68,68,68,68,68,68,68,68,68,68,68,68,68,68,68,65,65,65,65,65,65,65,65,65,65,65,65,65,65,65,65,65,65],"card_choices":[{"not_picked":["Spot Weakness","Wild Strike","Sentinel"],"picked":"SKIP","floor":1.0},{"not_picked":["Sword Boomerang","Anger","Clothesline"],"picked":"SKIP","floor":3.0},{"not_picked":["Twin Strike","Body Slam"],"picked":"Fire Breathing","floor":5.0},{"not_picked":["Demon Form","Blood for Blood"],"picked":"Second Wind","floor":7.0},{"not_picked":["Perfected Strike","Twin Strike","Dual Wield"],"picked":"SKIP","floor":8.0},{"not_picked":["Heavy Blade","Rupture"],"picked":"Shrug It Off","floor":10.0},{"not_picked":["Pommel Strike","Shrug It Off","Warcry"],"picked":"SKIP","floor":13.0},{"not_picked":["Berserk","Limit Break"],"picked":"Barricade","floor":16.0},{"not_picked":["Carnage","Warcry"],"picked":"Body Slam","floor":18.0},{"not_picked":["Headbutt","Evolve","Pommel Strike"],"picked":"SKIP","floor":20.0},{"not_picked":["Carnage","True Grit","Demon Form"],"picked":"SKIP","floor":24.0},{"not_picked":["Rupture","Clash","True Grit"],"picked":"SKIP","floor":25.0},{"not_picked":["Perfected Strike","Spot Weakness","Wild Strike"],"picked":"SKIP","floor":28.0},{"not_picked":["Anger","Cleave","Reckless Charge"],"picked":"SKIP","floor":29.0},{"not_picked":["Dual Wield","Whirlwind","Carnage"],"picked":"SKIP","floor":31.0},{"not_picked":["Juggernaut","Bludgeon"],"picked":"Berserk","floor":33.0},{"not_picked":["Combust","Anger"],"picked":"Battle Trance+1","floor":35.0},{"not_picked":["Twin Strike","True Grit","Havoc+1"],"picked":"SKIP","floor":37.0},{"not_picked":["Battle Trance","Heavy Blade+1","Havoc"],"picked":"SKIP","floor":41.0},{"not_picked":["True Grit","Infernal Blade+1"],"picked":"Entrench+1","floor":45.0},{"not_picked":["Shrug It Off","Perfected Strike","Hemokinesis"],"picked":"SKIP","floor":46.0},{"not_picked":["Pommel Strike","Shrug It Off","Headbutt+1"],"picked":"SKIP","floor":55.0}],"player_experience":872522,"relics_obtained":[{"floor":7.0,"key":"Dodecahedron"},{"floor":9.0,"key":"Orichalcum"},{"floor":21.0,"key":"Nilry\u0027s Codex"},{"floor":24.0,"key":"MawBank"},{"floor":28.0,"key":"Self Forming Clay"},{"floor":31.0,"key":"Ginger"},{"floor":38.0,"key":"CaptainsWheel"},{"floor":41.0,"key":"Shovel"},{"floor":45.0,"key":"CeramicFish"},{"floor":53.0,"key":"Bottled Tornado"},{"floor":55.0,"key":"Nunchaku"}],"event_choices":[{"damage_healed":0.0,"max_hp_gain":0.0,"max_hp_loss":7.0,"gold_gain":0.0,"event_name":"Golden Idol","player_choice":"Lose Max HP","floor":4.0,"gold_loss":0.0,"damage_taken":0.0,"relics_obtained":["Golden Idol"]},{"cards_removed":["Strike_R"],"damage_healed":0.0,"max_hp_gain":0.0,"max_hp_loss":0.0,"gold_gain":0.0,"event_name":"Living Wall","player_choice":"Forget","floor":12.0,"gold_loss":0.0,"damage_taken":0.0},{"damage_healed":0.0,"max_hp_gain":0.0,"max_hp_loss":0.0,"gold_gain":0.0,"event_name":"Cursed Tome","player_choice":"Obtained Book","floor":21.0,"gold_loss":0.0,"damage_taken":21.0},{"damage_healed":0.0,"max_hp_gain":0.0,"max_hp_loss":0.0,"gold_gain":50.0,"event_name":"Golden Shrine","player_choice":"Pray","floor":22.0,"gold_loss":0.0,"damage_taken":0.0},{"cards_removed":["Defend_R"],"damage_healed":0.0,"max_hp_gain":0.0,"max_hp_loss":0.0,"gold_gain":0.0,"event_name":"Designer","player_choice":"Single Remove","floor":36.0,"gold_loss":75.0,"damage_taken":0.0},{"damage_healed":0.0,"max_hp_gain":0.0,"max_hp_loss":0.0,"gold_gain":0.0,"event_name":"Mysterious Sphere","player_choice":"Fight","floor":38.0,"gold_loss":0.0,"damage_taken":0.0},{"damage_healed":0.0,"max_hp_gain":0.0,"max_hp_loss":3.0,"gold_gain":0.0,"event_name":"Winding Halls","player_choice":"Max HP","floor":39.0,"gold_loss":0.0,"damage_taken":0.0},{"damage_healed":0.0,"max_hp_gain":0.0,"max_hp_loss":0.0,"gold_gain":333.0,"event_name":"The Moai Head","player_choice":"Gave Idol","floor":47.0,"relics_lost":["Golden Idol"],"gold_loss":0.0,"damage_taken":0.0}],"is_beta":true,"boss_relics":[{"not_picked":["Runic Dome","Calling Bell"],"picked":"Astrolabe"},{"not_picked":["SacredBark","Empty Cage"],"picked":"Cursed Key"}],"items_purged_floors":[2,19,30,48,54],"is_endless":false,"potions_floor_spawned":[1,10,18,20,31,33,38,45,46],"ascension_level":20}