{"gold_per_floor":[118,136,155,29,47,73,73,73,73,73,98,98,117,132,132,234,234,159,37,53,53,53,84,84,101,147,161,261,277,277,293,293,293],"floor_reached":33,"playtime":5469,"items_purged":[],"score":277,"play_id":"7b7bc194-4aef-47cc-9ae3-037cce97960e","local_time":"20190104113029","is_ascension_mode":false,"campfire_choices":[{"floor":7,"key":"REST"},{"floor":10,"key":"REST"},{"data":"Entrench","floor":12,"key":"SMITH"},{"data":"Bash","floor":15,"key":"SMITH"},{"floor":24,"key":"REST"},{"floor":30,"key":"REST"},{"floor":32,"key":"REST"}],"neow_cost":"NONE","seed_source_timestamp":32917377214262,"circlet_count":0,"master_deck":["Strike_R","Strike_R","Strike_R+1","Strike_R","Strike_R","Defend_R","Defend_R","Defend_R","Defend_R","Bash+1","Inflame","Ghostly Armor","Anger","Armaments","Shrug It Off","Pommel Strike+1","Entrench","Entrench+1","Metallicize","Reaper","Burning Pact","Impervious","Cleave","Disarm","Panacea","Shrug It Off+1","Necronomicurse","Feel No Pain+1","Headbutt","Flex","Shockwave+1","Flame Barrier"],"relics":["Burning Blood","Pen Nib","Ornamental Fan","Oddly Smooth Stone","Whetstone","Necronomicon","Sundial","Omamori","Vajra"],"potions_floor_usage":[11,16,16,23,33,33,33],"damage_taken":[{"damage":3,"enemies":"Small Slimes","floor":1,"turns":3},{"damage":6,"enemies":"Jaw Worm","floor":2,"turns":5},{"damage":5,"enemies":"Cultist","floor":3,"turns":4},{"damage":12,"enemies":"Blue Slaver","floor":5,"turns":4},{"damage":46,"enemies":"Gremlin Nob","floor":6,"turns":6},{"damage":15,"enemies":"3 Sentries","floor":11,"turns":8},{"damage":7,"enemies":"Exordium Thugs","floor":13,"turns":7},{"damage":1,"enemies":"Exordium Wildlife","floor":14,"turns":5},{"damage":40,"enemies":"Slime Boss","floor":16,"turns":17},{"damage":7,"enemies":"2 Thieves","floor":18,"turns":5},{"damage":49,"enemies":"3 Byrds","floor":20,"turns":9},{"damage":50,"enemies":"Slavers","floor":23,"turns":10},{"damage":15,"enemies":"Snecko","floor":25,"turns":10},{"damage":16,"enemies":"Centurion and Healer","floor":27,"turns":9},{"damage":26,"enemies":"Snake Plant","floor":29,"turns":7},{"damage":29,"enemies":"Shelled Parasite and Fungi","floor":31,"turns":6},{"damage":81,"enemies":"Automaton","floor":33,"turns":12}],"seed_played":"-7058867197692251278","potions_obtained":[{"floor":1,"key":"PowerPotion"},{"floor":5,"key":"Strength Potion"},{"floor":6,"key":"Regen Potion"},{"floor":16,"key":"Fire Potion"},{"floor":25,"key":"Block Potion"},{"floor":29,"key":"Explosive Potion"},{"floor":31,"key":"SkillPotion"}],"is_trial":false,"path_per_floor":["M","M","M","$","M","E","R","?","T","R","E","R","M","M","R","B",null,"M","$","M","?","?","E","R","M","T","M","?","M","R","M","R","B"],"character_chosen":"IRONCLAD","items_purchased":["Armaments","Shrug It Off","Pommel Strike","Disarm","Panacea"],"campfire_rested":5,"item_purchase_floors":[4,4,4,19,19],"current_hp_per_floor":[88,88,88,88,82,42,68,65,65,88,79,79,78,88,88,73,88,87,87,50,34,34,14,40,37,37,46,46,29,55,54,80,0],"gold":293,"neow_bonus":"TEN_PERCENT_HP_BONUS","is_prod":false,"is_daily":false,"chose_seed":false,"campfire_upgraded":2,"win_rate":0.0,"timestamp":1546630229,"path_taken":["M","M","M","$","M","E","R","?","T","R","E","R","M","M","R","BOSS","M","$","M","?","?","E","R","M","T","M","?","?","R","M","R","BOSS"],"build_version":"2019-01-03v3","purchased_purges":0,"victory":false,"max_hp_per_floor":[88,88,88,88,88,88,88,88,88,88,88,88,88,88,88,88,88,88,88,88,88,88,88,88,88,88,88,88,88,88,88,88,88],"card_choices":[{"not_picked":["Sword Boomerang","Twin Strike"],"picked":"Inflame","floor":1},{"not_picked":["Clothesline","Sword Boomerang"],"picked":"Ghostly Armor","floor":2},{"not_picked":["Body Slam","Pommel Strike"],"picked":"Anger","floor":3},{"not_picked":["Anger","Thunderclap"],"picked":"Entrench","floor":5},{"not_picked":["Warcry","Headbutt"],"picked":"Entrench","floor":6},{"not_picked":["Burning Pact","Warcry"],"picked":"Metallicize","floor":11},{"not_picked":["Sword Boomerang","Pummel"],"picked":"Reaper","floor":13},{"not_picked":["Flex","Heavy Blade"],"picked":"Burning Pact","floor":14},{"not_picked":["Barricade","Juggernaut"],"picked":"Impervious","floor":16},{"not_picked":["Blood for Blood","Sword Boomerang"],"picked":"Cleave","floor":18},{"not_picked":["Entrench","Dual Wield+1"],"picked":"Shrug It Off+1","floor":20},{"not_picked":["Headbutt","Clothesline"],"picked":"Feel No Pain+1","floor":23},{"not_picked":["Blood for Blood","Body Slam"],"picked":"Headbutt","floor":25},{"not_picked":["Perfected Strike","Wild Strike"],"picked":"Flex","floor":27},{"not_picked":["Pummel","Second Wind"],"picked":"Shockwave+1","floor":29},{"not_picked":["Clash","Entrench"],"picked":"Flame Barrier","floor":31}],"player_experience":98169,"relics_obtained":[{"floor":6,"key":"Pen Nib"},{"floor":9,"key":"Oddly Smooth Stone"},{"floor":11,"key":"Whetstone"},{"floor":21,"key":"Necronomicon"},{"floor":23,"key":"Omamori"},{"floor":26,"key":"Vajra"}],"event_choices":[{"damage_healed":0,"gold_gain":0,"player_choice":"Success","damage_taken":3,"relics_obtained":["Ornamental Fan"],"max_hp_gain":0,"max_hp_loss":0,"event_name":"Scrap Ooze","floor":8,"gold_loss":0},{"damage_healed":0,"gold_gain":0,"player_choice":"Obtained Book","damage_taken":16,"max_hp_gain":0,"max_hp_loss":0,"event_name":"Cursed Tome","floor":21,"gold_loss":0},{"damage_healed":0,"gold_gain":0,"player_choice":"Opened","damage_taken":0,"relics_obtained":["Sundial"],"max_hp_gain":0,"max_hp_loss":0,"event_name":"The Mausoleum","floor":22,"gold_loss":0},{"damage_healed":0,"gold_gain":100,"player_choice":"Pray","damage_taken":0,"max_hp_gain":0,"max_hp_loss":0,"event_name":"Golden Shrine","floor":28,"gold_loss":0}],"is_beta":false,"boss_relics":[{"not_picked":["Busted Crown","Cursed Key","Sozu"]}],"items_purged_floors":[],"is_endless":false,"potions_floor_spawned":[1,5,6,16,25,29,31],"killed_by":"Automaton","ascension_level":0}