{"gold_per_floor":[117,117,61,78,95,126,126,161,187,187,59,72,72,92,92,169,169,188,103,114,164,164],"floor_reached":22,"playtime":13338,"items_purged":["Defend_B"],"score":359,"play_id":"f95b5511-0bdc-4a1c-862a-c0085aa8cf42","local_time":"20190131040708","is_ascension_mode":true,"campfire_choices":[{"floor":7.0,"key":"REST"},{"data":"Go for the Eyes","floor":10.0,"key":"SMITH"},{"data":"Cold Snap","floor":15.0,"key":"SMITH"}],"neow_cost":"NONE","seed_source_timestamp":207471836914210,"circlet_count":0,"master_deck":["AscendersBane","Strike_B","Strike_B","Strike_B","Defend_B","Defend_B","Defend_B+1","Zap+1","Dualcast+1","Sweeping Beam","Go for the Eyes+1","Coolheaded","Compile Driver","Cold Snap+1","Conserve Battery","All For One"],"special_seed":0,"relics":["Cracked Core","War Paint","Art of War","Strawberry","Eternal Feather","Juzu Bracelet"],"potions_floor_usage":[16,16,18],"damage_taken":[{"damage":0.0,"enemies":"2 Louse","floor":1.0,"turns":3.0},{"damage":2.0,"enemies":"Jaw Worm","floor":4.0,"turns":3.0},{"damage":0.0,"enemies":"Cultist","floor":5.0,"turns":3.0},{"damage":52.0,"enemies":"Gremlin Nob","floor":6.0,"turns":5.0},{"damage":21.0,"enemies":"Lagavulin","floor":8.0,"turns":8.0},{"damage":2.0,"enemies":"Lots of Slimes","floor":12.0,"turns":2.0},{"damage":0.0,"enemies":"Looter","floor":14.0,"turns":3.0},{"damage":5,"enemies":"Hexaghost","floor":16,"turns":8},{"damage":11,"enemies":"2 Thieves","floor":18,"turns":3},{"damage":33,"enemies":"3 Byrds","floor":20,"turns":5},{"damage":27,"enemies":"Snake Plant","floor":22,"turns":5}],"seed_played":"8060407620314861189","potions_obtained":[{"floor":5.0,"key":"Ancient Potion"},{"floor":8.0,"key":"Strength Potion"},{"floor":14.0,"key":"FearPotion"},{"floor":16,"key":"Fire Potion"}],"is_trial":false,"path_per_floor":["M","?","$","M","M","E","R","E","T","R","$","M","?","M","R","B",null,"M","?","M","?","M"],"character_chosen":"DEFECT","items_purchased":["Go for the Eyes","Cold Snap"],"campfire_rested":1,"item_purchase_floors":[3,11],"current_hp_per_floor":[71,64,64,62,62,10,33,12,19,19,19,17,17,17,17,12,67,56,56,23,23,0],"gold":164,"neow_bonus":"TEN_PERCENT_HP_BONUS","is_prod":false,"is_daily":false,"chose_seed":false,"campfire_upgraded":2,"win_rate":0,"timestamp":1548904028,"path_taken":["M","?","?","M","?","E","R","E","T","R","?","?","?","M","R","BOSS","M","?","M","?","M"],"build_version":"2019-01-17v2","purchased_purges":1,"victory":false,"max_hp_per_floor":[78,78,78,78,78,78,78,78,85,85,85,85,85,85,85,85,85,85,85,85,85,85],"card_choices":[{"not_picked":["Glacier","Steam Power"],"picked":"Sweeping Beam","floor":1.0},{"not_picked":["Hologram","Stack"],"picked":"Coolheaded","floor":4.0},{"not_picked":["Double Energy","Recycle"],"picked":"Compile Driver","floor":5.0},{"not_picked":["Go for the Eyes","Double Energy","All For One"],"picked":"SKIP","floor":6.0},{"not_picked":["Go for the Eyes","Double Energy","All For One"],"picked":"SKIP","floor":6.0},{"not_picked":["Streamline","Force Field","Double Energy"],"picked":"SKIP","floor":8.0},{"not_picked":["Barrage","Skim"],"picked":"Conserve Battery","floor":12.0},{"not_picked":["Tempest","Redo","Compile Driver"],"picked":"SKIP","floor":14.0},{"not_picked":["Multi-Cast","Creative AI"],"picked":"All For One","floor":16},{"not_picked":["Lockon","Tempest","Blizzard+1"],"picked":"SKIP","floor":18},{"not_picked":["Barrage","Conserve Battery","Auto Shields"],"picked":"SKIP","floor":20}],"player_experience":1217599,"relics_obtained":[{"floor":6.0,"key":"War Paint"},{"floor":8.0,"key":"Art of War"},{"floor":9.0,"key":"Strawberry"}],"event_choices":[{"cards_removed":["Strike_B"],"damage_healed":0.0,"max_hp_gain":0.0,"max_hp_loss":0.0,"gold_gain":0.0,"event_name":"Golden Wing","player_choice":"Card Removal","floor":2.0,"gold_loss":0.0,"damage_taken":7.0},{"damage_healed":0.0,"max_hp_gain":0.0,"max_hp_loss":0.0,"gold_gain":0.0,"event_name":"Living Wall","player_choice":"Grow","floor":13.0,"gold_loss":0.0,"damage_taken":0.0,"cards_upgraded":["Zap"]},{"damage_healed":0,"gold_gain":0,"player_choice":"Obtained Relic","damage_taken":0,"relics_obtained":["Juzu Bracelet"],"max_hp_gain":0,"max_hp_loss":0,"event_name":"Addict","floor":19,"gold_loss":85},{"damage_healed":0,"gold_gain":50,"player_choice":"Stole From Cult","damage_taken":0,"max_hp_gain":0,"max_hp_loss":0,"event_name":"Nest","floor":21,"gold_loss":0}],"is_beta":false,"boss_relics":[{"not_picked":["Calling Bell","FrozenCore"],"picked":"Eternal Feather"}],"items_purged_floors":[11],"is_endless":false,"potions_floor_spawned":[5,8,14,16],"killed_by":"Snake Plant","ascension_level":17}