{"gold_per_floor":[116,116,36,36,49,49,74,374,374,395,425,78,78,91,91,165,165,184,171,184,27,27,27],"floor_reached":23,"playtime":1219,"items_purged":["Strike_P","Strike_P"],"score":355,"play_id":"17923c9c-3480-408e-bd7e-ba78cf2793a9","local_time":"20190911223013","is_ascension_mode":true,"campfire_choices":[{"data":"Eruption","floor":6.0,"key":"SMITH"},{"floor":8.0,"key":"DIG"},{"data":"Pray","floor":13.0,"key":"SMITH"},{"data":"MentalFortress","floor":15.0,"key":"SMITH"}],"neow_cost":"NONE","seed_source_timestamp":2367145311641200,"circlet_count":0,"master_deck":["AscendersBane","Defend_P+1","Defend_P+1","Eruption+1","Vigilance","EmptyBody","FearNoEvil","Establishment","ClearTheMind","Pray+1","MentalFortress+1","EmptyFist","Meditate","FearNoEvil+1","Consecrate+1","Blasphemy","Sanctity"],"special_seed":0,"relics":["SlaversCollar","Shovel","Old Coin","Eternal Feather","Odd Mushroom","Centennial Puzzle","Astrolabe"],"potions_floor_usage":[23,23],"damage_taken":[{"damage":2.0,"enemies":"Jaw Worm","floor":1.0,"turns":5.0},{"damage":0.0,"enemies":"2 Louse","floor":5.0,"turns":3.0},{"damage":4.0,"enemies":"Lagavulin","floor":7.0,"turns":7.0},{"damage":28.0,"enemies":"The Mushroom Lair","floor":10.0,"turns":6.0},{"damage":18.0,"enemies":"3 Sentries","floor":11.0,"turns":11.0},{"damage":1.0,"enemies":"Cultist","floor":14.0,"turns":3.0},{"damage":3.0,"enemies":"The Guardian","floor":16.0,"turns":12.0},{"damage":11.0,"enemies":"Spheric Guardian","floor":18.0,"turns":4.0},{"damage":9.0,"enemies":"2 Thieves","floor":19.0,"turns":4.0},{"damage":21.0,"enemies":"Cultist and Chosen","floor":20.0,"turns":9.0},{"damage":15,"enemies":"Slavers","floor":23,"turns":1}],"seed_played":"2823856083418826609","potions_obtained":[{"floor":5.0,"key":"Poison Potion"},{"floor":11.0,"key":"Swift Potion"},{"floor":16.0,"key":"Dexterity Potion"},{"floor":19.0,"key":"Fire Potion"}],"is_trial":false,"path_per_floor":["M","?","$","?","M","R","E","R","T","?","E","$","R","M","R","B",null,"M","M","M","$","?","E"],"character_chosen":"WATCHER","items_purchased":["FearNoEvil","MentalFortress","EmptyFist","Centennial Puzzle","PowerPotion"],"campfire_rested":0,"item_purchase_floors":[3,12,12,12,21],"current_hp_per_floor":[53,35,35,55,55,55,51,51,51,23,5,5,14,13,22,19,51,40,31,10,10,10,0],"gold":27,"neow_bonus":"BOSS_RELIC","is_prod":false,"is_daily":false,"chose_seed":false,"campfire_upgraded":3,"win_rate":0,"timestamp":1568212213,"path_taken":["M","?","$","?","M","R","E","R","T","?","E","?","R","M","R","BOSS","M","M","M","$","?","E"],"build_version":"2019-09-10","purchased_purges":2,"victory":false,"max_hp_per_floor":[61,61,61,61,61,61,61,61,61,61,61,61,61,61,61,61,61,61,61,61,61,61,61],"card_choices":[{"not_picked":["ClearTheMind","SpiritShield"],"picked":"EmptyBody","floor":1.0},{"not_picked":["Consecrate","Crescendo","Wireheading"],"picked":"SKIP","floor":5.0},{"not_picked":["Wish","Crescendo"],"picked":"Establishment","floor":7.0},{"not_picked":["CrushJoints","Consecrate"],"picked":"ClearTheMind","floor":10.0},{"not_picked":["WreathOfFlame","InnerPeace"],"picked":"Pray","floor":11.0},{"not_picked":["BowlingBash","FlyingSleeves"],"picked":"Meditate","floor":14.0},{"not_picked":["JustLucky","EmptyBody+1","Halt"],"picked":"SKIP","floor":18.0},{"not_picked":["WindmillStrike","JustLucky+1","ThirdEye"],"picked":"SKIP","floor":19.0},{"not_picked":["CarveReality","PathToVictory","Consecrate"],"picked":"SKIP","floor":20.0}],"player_experience":3279922,"relics_obtained":[{"floor":7.0,"key":"Shovel"},{"floor":8.0,"key":"Old Coin"},{"floor":9.0,"key":"Eternal Feather"},{"floor":10.0,"key":"Odd Mushroom"}],"event_choices":[{"damage_healed":0.0,"max_hp_gain":0.0,"max_hp_loss":0.0,"gold_gain":0.0,"event_name":"Shining Light","player_choice":"Entered Light","floor":2.0,"gold_loss":0.0,"damage_taken":18.0,"cards_upgraded":["Defend_P","Defend_P"]},{"damage_healed":20.0,"max_hp_gain":0.0,"max_hp_loss":0.0,"gold_gain":0.0,"event_name":"Big Fish","player_choice":"Banana","floor":4.0,"gold_loss":0.0,"damage_taken":0.0},{"damage_healed":0.0,"max_hp_gain":0.0,"max_hp_loss":0.0,"gold_gain":0.0,"event_name":"Mushrooms","player_choice":"Fought Mushrooms","floor":10.0,"gold_loss":0.0,"damage_taken":0.0},{"damage_healed":0.0,"max_hp_gain":0.0,"max_hp_loss":0.0,"gold_gain":0.0,"cards_transformed":["Defend_P","Halt"],"event_name":"Drug Dealer","player_choice":"Became Test Subject","floor":22.0,"gold_loss":0.0,"damage_taken":0.0,"cards_obtained":["Blasphemy","Sanctity"]}],"is_beta":true,"boss_relics":[{"not_picked":["Velvet Choker","Busted Crown"],"picked":"Astrolabe"}],"items_purged_floors":[12,21],"is_endless":false,"potions_floor_spawned":[5,11,16,19],"killed_by":"Slavers","ascension_level":16}