{"gold_per_floor":[117,117,130,143,153,153,188,188,188,203,203,203,218,231,231,335,335,349,349,44,0,18,18,35,35,35,35,55,55,55,154,154,154],"floor_reached":33,"playtime":1699,"items_purged":["Bash"],"score":247,"play_id":"58cff047-051d-4e0e-ad0e-d43a40504dae","local_time":"20190910214836","is_ascension_mode":false,"campfire_choices":[{"data":"Bash","floor":6,"key":"SMITH"},{"floor":8,"key":"REST"},{"floor":15,"key":"REST"},{"floor":23,"key":"REST"},{"floor":25,"key":"REST"},{"floor":27,"key":"DIG"},{"floor":32,"key":"REST"}],"neow_cost":"NONE","seed_source_timestamp":0,"circlet_count":0,"master_deck":["Strike_R","Strike_R","Strike_R","Strike_R","Strike_R","Defend_R","Defend_R","Defend_R","Defend_R","Rupture","Rage","Panacea","Bash+1","Flex","Sentinel","Shrug It Off","Armaments","Power Through","True Grit","Fiend Fire","Twin Strike","Feed","Iron Wave+1","J.A.X.","Flame Barrier","Warcry","Infernal Blade","Wild Strike+1","Havoc+1"],"special_seed":0,"relics":["Burning Blood","Dream Catcher","Potion Belt","Blue Candle","Mark of Pain","Anchor","Shovel","Molten Egg 2"],"potions_floor_usage":[16,16,24],"damage_taken":[{"damage":5,"enemies":"Small Slimes","floor":1,"turns":3},{"damage":1,"enemies":"Cultist","floor":3,"turns":3},{"damage":7,"enemies":"2 Louse","floor":4,"turns":2},{"damage":9,"enemies":"Blue Slaver","floor":5,"turns":4},{"damage":57,"enemies":"Gremlin Nob","floor":7,"turns":6},{"damage":2,"enemies":"Looter","floor":10,"turns":2},{"damage":18,"enemies":"Exordium Wildlife","floor":13,"turns":7},{"damage":7,"enemies":"2 Fungi Beasts","floor":14,"turns":3},{"damage":62,"enemies":"The Guardian","floor":16,"turns":16},{"damage":46,"enemies":"Chosen","floor":18,"turns":9},{"damage":25,"enemies":"Shell Parasite","floor":22,"turns":9},{"damage":13,"enemies":"Snecko","floor":24,"turns":7},{"damage":33,"enemies":"Cultist and Chosen","floor":28,"turns":10},{"damage":55,"enemies":"Collector","floor":33,"turns":5}],"seed_played":"-1241410381660045543","potions_obtained":[{"floor":4,"key":"GamblersBrew"},{"floor":14,"key":"Regen Potion"},{"floor":22,"key":"PowerPotion"}],"is_trial":false,"path_per_floor":["M","?","M","M","M","R","E","R","T","M","?","?","M","M","R","B",null,"M","?","$","?","M","R","M","R","T","R","M","$","?","?","R","B"],"character_chosen":"IRONCLAD","items_purchased":["Flame Barrier","Anchor"],"campfire_rested":5,"item_purchase_floors":[20,20],"current_hp_per_floor":[80,80,80,79,76,76,25,49,49,53,53,53,41,40,64,23,80,44,44,44,44,25,50,43,68,68,68,41,41,25,25,51,0],"gold":154,"neow_bonus":"RANDOM_COMMON_RELIC","is_prod":false,"is_daily":false,"chose_seed":false,"campfire_upgraded":1,"win_rate":0,"timestamp":1568123316,"path_taken":["M","?","?","M","M","R","E","R","T","M","?","?","M","M","R","BOSS","M","?","$","?","M","R","M","R","T","R","M","$","?","?","R","BOSS"],"build_version":"2019-07-17","purchased_purges":1,"victory":false,"max_hp_per_floor":[80,80,80,80,80,80,80,80,80,80,80,80,80,80,80,80,80,84,84,84,84,84,84,84,84,84,84,84,84,89,89,89,89],"card_choices":[{"not_picked":["Twin Strike","Rage"],"picked":"Rupture","floor":1},{"not_picked":["Havoc","Perfected Strike"],"picked":"Flex","floor":3},{"not_picked":["Blood for Blood","Burning Pact"],"picked":"Sentinel","floor":4},{"not_picked":["Sword Boomerang","Flex"],"picked":"Shrug It Off","floor":5},{"not_picked":["Dark Embrace","Clash"],"picked":"Armaments","floor":7},{"not_picked":["Blood for Blood","Twin Strike"],"picked":"Power Through","floor":8},{"not_picked":["Cleave","Shrug It Off"],"picked":"True Grit","floor":10},{"not_picked":["Clash","Sentinel"],"picked":"Fiend Fire","floor":13},{"not_picked":["Armaments","Havoc","Sentinel"],"picked":"SKIP","floor":14},{"not_picked":["Feel No Pain","Pommel Strike"],"picked":"Twin Strike","floor":15},{"not_picked":["Limit Break","Double Tap"],"picked":"Feed","floor":16},{"not_picked":["Power Through","Second Wind"],"picked":"Iron Wave+1","floor":18},{"not_picked":["Perfected Strike","Sentinel","Flame Barrier"],"picked":"SKIP","floor":22},{"not_picked":["Perfected Strike","Sword Boomerang"],"picked":"Warcry","floor":23},{"not_picked":["Warcry+1","Corruption"],"picked":"Infernal Blade","floor":24},{"not_picked":["Clash+1","Pommel Strike+1"],"picked":"Wild Strike+1","floor":28},{"not_picked":["Berserk","Wild Strike+1"],"picked":"Havoc+1","floor":32}],"player_experience":344536,"relics_obtained":[{"floor":7,"key":"Potion Belt"},{"floor":9,"key":"Blue Candle"},{"floor":26,"key":"Shovel"},{"floor":27,"key":"Molten Egg 2"}],"event_choices":[{"damage_healed":0,"gold_gain":0,"player_choice":"3 cards matched","damage_taken":0,"max_hp_gain":0,"max_hp_loss":0,"event_name":"Match and Keep!","floor":2,"gold_loss":0,"cards_obtained":["Rage","Panacea","Bash"]},{"damage_healed":0,"gold_gain":0,"player_choice":"Ignored","damage_taken":0,"max_hp_gain":0,"max_hp_loss":0,"event_name":"Shining Light","floor":11,"gold_loss":0},{"damage_healed":0,"gold_gain":0,"player_choice":"Ignored","damage_taken":0,"max_hp_gain":0,"max_hp_loss":0,"event_name":"Liars Game","floor":12,"gold_loss":0},{"damage_healed":0,"gold_gain":0,"player_choice":"Obtain J.A.X.","damage_taken":0,"max_hp_gain":0,"max_hp_loss":0,"event_name":"Drug Dealer","floor":19,"gold_loss":0,"cards_obtained":["J.A.X."]},{"damage_healed":0,"gold_gain":0,"player_choice":"Paid Fearfully","damage_taken":0,"max_hp_gain":0,"max_hp_loss":0,"event_name":"Masked Bandits","floor":21,"gold_loss":44},{"damage_healed":0,"gold_gain":0,"player_choice":"Shed Blood","damage_taken":21,"max_hp_gain":5,"max_hp_loss":0,"event_name":"Forgotten Altar","floor":30,"gold_loss":0},{"damage_healed":0,"gold_gain":99,"player_choice":"Stole From Cult","damage_taken":0,"max_hp_gain":0,"max_hp_loss":0,"event_name":"Nest","floor":31,"gold_loss":0}],"is_beta":false,"boss_relics":[{"not_picked":["Astrolabe","Fusion Hammer"],"picked":"Mark of Pain"}],"items_purged_floors":[20],"is_endless":false,"potions_floor_spawned":[4,14,22],"killed_by":"Collector","ascension_level":0}