{"gold_per_floor":[361,374,385,310,328,328,345,345,345,345,358,376,66,125,125,198,198,213,213,113,124,174,200,200,231,231,231,250,250,270,195,195,271,271,289,289,303,403,283,316,316,348,375,395,425,332,366,382,382,382,382,382,382,82,116,116],"floor_reached":57,"playtime":2939,"items_purged":["Strike_R","Strike_R","Strike_R","Strike_R","Strike_R","Defend_R"],"score":3720,"play_id":"2db6d521-f3e3-43af-bfd1-09d973b90c63","local_time":"20190917133400","is_ascension_mode":true,"campfire_choices":[{"data":"True Grit","floor":6.0,"key":"SMITH"},{"data":"Battle Trance","floor":8.0,"key":"SMITH"},{"data":"Bash","floor":10.0,"key":"SMITH"},{"data":"Body Slam","floor":15.0,"key":"SMITH"},{"data":"Burning Pact","floor":24.0,"key":"SMITH"},{"data":"Shrug It Off","floor":27.0,"key":"SMITH"},{"floor":29.0,"key":"RECALL"},{"data":"Second Wind","floor":32.0,"key":"SMITH"},{"data":"Evolve","floor":41.0,"key":"SMITH"},{"data":"Feel No Pain","floor":49.0,"key":"SMITH"},{"data":"Defend_R","floor":53.0,"key":"SMITH"}],"neow_cost":"PERCENT_DAMAGE","seed_source_timestamp":2851564491301100,"circlet_count":0,"master_deck":["AscendersBane","Defend_R","Defend_R","Defend_R+1","Battle Trance+1","True Grit+1","Shrug It Off+1","Burning Pact+1","Body Slam+1","Second Wind+1","Evolve+1","Warcry+1","Feel No Pain+1"],"special_seed":0,"relics":["Burning Blood","The Courier","Sundial","Tiny Chest","Runic Cube","Enchiridion","Incense Burner","Pen Nib","SlaversCollar","Charon\u0027s Ashes","Bottled Tornado","Bag of Preparation","Ancient Tea Set","Smiling Mask","Darkstone Periapt","InkBottle","Oddly Smooth Stone","Strawberry"],"potions_floor_usage":[56,56],"damage_taken":[{"damage":1.0,"enemies":"Cultist","floor":1.0,"turns":4.0},{"damage":11.0,"enemies":"Jaw Worm","floor":2.0,"turns":5.0},{"damage":7.0,"enemies":"Small Slimes","floor":3.0,"turns":4.0},{"damage":1.0,"enemies":"2 Fungi Beasts","floor":5.0,"turns":5.0},{"damage":19.0,"enemies":"Exordium Wildlife","floor":7.0,"turns":9.0},{"damage":17.0,"enemies":"3 Louse","floor":11.0,"turns":4.0},{"damage":9.0,"enemies":"Looter","floor":12.0,"turns":5.0},{"damage":3.0,"enemies":"Lagavulin","floor":14.0,"turns":9.0},{"damage":0.0,"enemies":"The Guardian","floor":16.0,"turns":8.0},{"damage":15.0,"enemies":"Shell Parasite","floor":18.0,"turns":5.0},{"damage":5.0,"enemies":"2 Thieves","floor":21.0,"turns":4.0},{"damage":7.0,"enemies":"Book of Stabbing","floor":23.0,"turns":5.0},{"damage":0.0,"enemies":"Gremlin Leader","floor":25.0,"turns":5.0},{"damage":0.0,"enemies":"Centurion and Healer","floor":28.0,"turns":2.0},{"damage":33.0,"enemies":"Snecko","floor":30.0,"turns":9.0},{"damage":0.0,"enemies":"Automaton","floor":33.0,"turns":2.0},{"damage":0.0,"enemies":"3 Shapes","floor":35.0,"turns":3.0},{"damage":0.0,"enemies":"Orb Walker","floor":37.0,"turns":6.0},{"damage":0.0,"enemies":"Mind Bloom Boss Battle","floor":38.0,"turns":8.0},{"damage":0.0,"enemies":"Reptomancer","floor":40.0,"turns":3.0},{"damage":0.0,"enemies":"Nemesis","floor":42.0,"turns":5.0},{"damage":0.0,"enemies":"Transient","floor":44.0,"turns":4.0},{"damage":0.0,"enemies":"Giant Head","floor":45.0,"turns":5.0},{"damage":0.0,"enemies":"Reptomancer","floor":47.0,"turns":5.0},{"damage":0.0,"enemies":"4 Shapes","floor":48.0,"turns":2.0},{"damage":0.0,"enemies":"Awakened One","floor":50.0,"turns":5.0},{"damage":0.0,"enemies":"Donu and Deca","floor":51.0,"turns":5.0},{"damage":0.0,"enemies":"Shield and Spear","floor":55.0,"turns":1.0},{"damage":2,"enemies":"The Heart","floor":56,"turns":5}],"seed_played":"7160283565998802876","potions_obtained":[{"floor":2.0,"key":"Strength Potion"},{"floor":3.0,"key":"Ancient Potion"},{"floor":14.0,"key":"Explosive Potion"},{"floor":21.0,"key":"GamblersBrew"},{"floor":30.0,"key":"PowerPotion"},{"floor":37.0,"key":"SmokeBomb"},{"floor":44.0,"key":"Fire Potion"}],"is_trial":false,"path_per_floor":["M","M","M","$","M","R","M","R","T","R","M","M","$","E","R","B",null,"M","?","$","M","?","E","R","E","T","R","M","R","M","?","R","B",null,"M","?","M","?","$","E","R","E","T","M","E","$","E","M","R","B","B",null,"R","$","E","B",null],"character_chosen":"IRONCLAD","items_purchased":["Sundial","Swift Potion","InkBottle","Oddly Smooth Stone"],"campfire_rested":0,"item_purchase_floors":[13,46,54,54],"current_hp_per_floor":[55,50,49,49,54,54,41,41,41,41,30,27,27,30,30,36,65,56,35,35,36,36,35,35,41,41,41,47,47,20,20,20,26,63,69,69,71,71,71,71,71,71,71,71,71,71,71,71,71,71,71,71,71,71,78,78],"gold":116,"neow_bonus":"TWO_FIFTY_GOLD","is_prod":false,"is_daily":false,"chose_seed":false,"campfire_upgraded":10,"win_rate":0,"timestamp":1568698440,"path_taken":["M","?","M","$","M","R","M","R","T","R","M","M","$","E","R","BOSS","M","?","$","M","?","E","R","E","T","R","M","R","M","?","R","BOSS","M","?","M","?","?","E","R","E","T","M","E","$","E","M","R","BOSS","BOSS","R","$","E","BOSS"],"build_version":"2019-09-16","purchased_purges":6,"victory":true,"max_hp_per_floor":[75,75,75,75,75,75,75,75,75,75,75,75,75,75,75,75,75,75,75,75,75,75,75,75,75,75,75,75,75,75,75,75,75,75,75,71,71,71,71,71,71,71,71,71,71,71,71,71,71,71,71,71,71,71,78,78],"card_choices":[{"not_picked":["Warcry","Sever Soul"],"picked":"Battle Trance","floor":1.0},{"not_picked":["Intimidate","Headbutt","Iron Wave"],"picked":"SKIP","floor":2.0},{"not_picked":["Perfected Strike","Double Tap"],"picked":"True Grit","floor":3.0},{"not_picked":["Perfected Strike","Infernal Blade","Wild Strike"],"picked":"SKIP","floor":5.0},{"not_picked":["Perfected Strike","Infernal Blade","Clothesline"],"picked":"SKIP","floor":7.0},{"not_picked":["True Grit","Havoc"],"picked":"Shrug It Off","floor":11.0},{"not_picked":["Clash","Perfected Strike"],"picked":"Burning Pact","floor":12.0},{"not_picked":["Dual Wield","Anger"],"picked":"Body Slam","floor":14.0},{"not_picked":["Heavy Blade","Wild Strike+1","Cleave"],"picked":"SKIP","floor":18.0},{"not_picked":["Combust","Pummel","Disarm"],"picked":"SKIP","floor":21.0},{"not_picked":["Wild Strike","Cleave","Inflame"],"picked":"SKIP","floor":23.0},{"not_picked":["Thunderclap","Spot Weakness"],"picked":"Second Wind","floor":25.0},{"not_picked":["Thunderclap","Perfected Strike","Sentinel"],"picked":"SKIP","floor":28.0},{"not_picked":["Blood for Blood","Flame Barrier","Pummel"],"picked":"SKIP","floor":30.0},{"not_picked":["Thunderclap+1","Havoc+1"],"picked":"Evolve","floor":35.0},{"not_picked":["Wild Strike","Warcry+1","Flex"],"picked":"SKIP","floor":37.0},{"not_picked":["Wild Strike","Flex"],"picked":"Warcry+1","floor":37.0},{"not_picked":["Perfected Strike+1","Offering"],"picked":"Feel No Pain","floor":40.0},{"not_picked":["Headbutt","Body Slam+1","Anger"],"picked":"SKIP","floor":42.0},{"not_picked":["Clothesline","Flex","Entrench"],"picked":"SKIP","floor":44.0},{"not_picked":["Clothesline","Flex","Entrench"],"picked":"SKIP","floor":44.0},{"not_picked":["Feed","Corruption+1","Wild Strike"],"picked":"SKIP","floor":45.0},{"not_picked":["Warcry","Fire Breathing","Pommel Strike"],"picked":"SKIP","floor":47.0},{"not_picked":["Shrug It Off","Anger","Perfected Strike"],"picked":"SKIP","floor":48.0},{"not_picked":["Sword Boomerang","Headbutt","Corruption"],"picked":"SKIP","floor":55.0}],"player_experience":3306307,"relics_obtained":[{"floor":9.0,"key":"The Courier"},{"floor":14.0,"key":"Tiny Chest"},{"floor":19.0,"key":"Enchiridion"},{"floor":23.0,"key":"Incense Burner"},{"floor":25.0,"key":"Pen Nib"},{"floor":38.0,"key":"Charon\u0027s Ashes"},{"floor":40.0,"key":"Bottled Tornado"},{"floor":42.0,"key":"Bag of Preparation"},{"floor":43.0,"key":"Ancient Tea Set"},{"floor":45.0,"key":"Smiling Mask"},{"floor":47.0,"key":"Darkstone Periapt"},{"floor":55.0,"key":"Strawberry"}],"event_choices":[{"damage_healed":0.0,"max_hp_gain":0.0,"max_hp_loss":0.0,"gold_gain":0.0,"event_name":"Cursed Tome","player_choice":"Obtained Book","floor":19.0,"gold_loss":0.0,"damage_taken":21.0},{"damage_healed":0.0,"max_hp_gain":0.0,"max_hp_loss":0.0,"gold_gain":50.0,"event_name":"Nest","player_choice":"Stole From Cult","floor":22.0,"gold_loss":0.0,"damage_taken":0.0},{"cards_removed":["Bash"],"damage_healed":0.0,"max_hp_gain":0.0,"max_hp_loss":0.0,"gold_gain":0.0,"event_name":"Beggar","player_choice":"Gave Gold","floor":31.0,"gold_loss":75.0,"damage_taken":0.0},{"damage_healed":0.0,"max_hp_gain":0.0,"max_hp_loss":4.0,"gold_gain":0.0,"event_name":"Winding Halls","player_choice":"Max HP","floor":36.0,"gold_loss":0.0,"damage_taken":0.0},{"damage_healed":0.0,"max_hp_gain":0.0,"max_hp_loss":0.0,"gold_gain":0.0,"event_name":"MindBloom","player_choice":"Fight","floor":38.0,"gold_loss":0.0,"damage_taken":0.0}],"is_beta":true,"boss_relics":[{"not_picked":["Ectoplasm","Velvet Choker"],"picked":"Runic Cube"},{"not_picked":["Busted Crown","Sozu"],"picked":"SlaversCollar"}],"items_purged_floors":[4,13,20,39,46,54],"is_endless":false,"potions_floor_spawned":[2,3,14,21,30,37,44,48],"ascension_level":20}