{"gold_per_floor":[109,109,122,137,147,147,172,188,212,212,212,224,224,224,224,318,318,338,263,263,13,13,13,52,68,92,133,133,8,8,23,23,23],"floor_reached":33,"playtime":654,"items_purged":["Strike_R","Strike_R","Strike_R"],"score":566,"play_id":"9230747a-178f-4062-b0ae-71d2b660659e","local_time":"20190918235036","is_ascension_mode":true,"campfire_choices":[{"data":"Armaments","floor":6.0,"key":"SMITH"},{"data":"Searing Blow","floor":10.0,"key":"SMITH"},{"data":"Searing Blow+1","floor":13.0,"key":"SMITH"},{"data":"Searing Blow+2","floor":15.0,"key":"SMITH"},{"data":"Searing Blow+3","floor":23.0,"key":"SMITH"},{"data":"Searing Blow+4","floor":28.0,"key":"SMITH"},{"data":"Searing Blow+5","floor":32,"key":"SMITH"}],"neow_cost":"NONE","seed_source_timestamp":712515360848655,"circlet_count":0,"master_deck":["AscendersBane","Strike_R","Defend_R","Defend_R","Defend_R","Defend_R","Bash","Armaments+1","Feel No Pain","Sword Boomerang","Searing Blow+6","Evolve","Offering","Exhume"],"special_seed":0,"relics":["Burning Blood","NeowsBlessing","Dodecahedron","Centennial Puzzle","Art of War","Golden Idol","Coffee Dripper","Lantern","Omamori","Incense Burner"],"potions_floor_usage":[],"damage_taken":[{"damage":0.0,"enemies":"Small Slimes","floor":1.0,"turns":1.0},{"damage":0.0,"enemies":"Cultist","floor":3.0,"turns":1.0},{"damage":0.0,"enemies":"Jaw Worm","floor":4.0,"turns":1.0},{"damage":11.0,"enemies":"Blue Slaver","floor":5.0,"turns":6.0},{"damage":27.0,"enemies":"3 Sentries","floor":7.0,"turns":14.0},{"damage":28.0,"enemies":"Exordium Wildlife","floor":8.0,"turns":6.0},{"damage":13.0,"enemies":"2 Fungi Beasts","floor":12.0,"turns":4.0},{"damage":32.0,"enemies":"The Guardian","floor":16.0,"turns":9.0},{"damage":15.0,"enemies":"2 Thieves","floor":18.0,"turns":4.0},{"damage":7.0,"enemies":"Gremlin Leader","floor":24.0,"turns":4.0},{"damage":6.0,"enemies":"Chosen","floor":25.0,"turns":3.0},{"damage":41.0,"enemies":"Book of Stabbing","floor":27.0,"turns":4.0},{"damage":6,"enemies":"Snecko","floor":31,"turns":3},{"damage":0,"enemies":"Collector","floor":33,"turns":2}],"seed_played":"-4827860539930907748","potions_obtained":[{"floor":1.0,"key":"Explosive Potion"},{"floor":3.0,"key":"Block Potion"},{"floor":5.0,"key":"DuplicationPotion"},{"floor":25.0,"key":"AttackPotion"},{"floor":31,"key":"Energy Potion"}],"is_trial":false,"path_per_floor":["M","?","M","M","M","R","E","M","T","R","?","M","R","?","R","B",null,"M","$","?","$","?","R","E","M","T","E","R","$","?","M","R","B"],"character_chosen":"IRONCLAD","items_purchased":["Offering"],"campfire_rested":0,"item_purchase_floors":[21],"current_hp_per_floor":[74,74,75,75,70,70,49,27,27,27,52,45,45,45,45,19,56,47,47,47,47,47,47,46,46,46,11,11,11,11,11,11,11],"gold":23,"neow_bonus":"THREE_ENEMY_KILL","is_prod":false,"is_daily":false,"chose_seed":false,"campfire_upgraded":7,"win_rate":0,"timestamp":1568821836,"path_taken":["M","?","M","?","M","R","E","M","T","R","?","M","R","?","R","BOSS","M","$","?","$","?","R","E","M","T","E","R","?","?","?","R","BOSS"],"build_version":"2019-09-17","purchased_purges":3,"victory":false,"max_hp_per_floor":[75,75,75,75,75,75,75,75,75,75,75,75,75,68,68,68,68,68,68,68,68,68,68,68,68,68,68,68,68,68,68,68,68],"card_choices":[{"not_picked":["Inflame","Rupture"],"picked":"Armaments","floor":1.0},{"not_picked":["Searing Blow","Dropkick"],"picked":"Feel No Pain","floor":3.0},{"not_picked":["Clothesline","Warcry","Dropkick"],"picked":"SKIP","floor":4.0},{"not_picked":["Cleave","Havoc"],"picked":"Sword Boomerang","floor":5.0},{"not_picked":["Wild Strike","Cleave"],"picked":"Searing Blow","floor":7.0},{"not_picked":["Shockwave","Armaments","Hemokinesis"],"picked":"SKIP","floor":8.0},{"not_picked":["Anger","Wild Strike","Inflame"],"picked":"SKIP","floor":12.0},{"not_picked":["Rupture","Clash"],"picked":"Evolve","floor":18.0},{"not_picked":["Cleave","Reckless Charge","Armaments"],"picked":"SKIP","floor":24.0},{"not_picked":["Twin Strike","Thunderclap","Hemokinesis+1"],"picked":"SKIP","floor":25.0},{"not_picked":["Sever Soul","Clothesline","True Grit"],"picked":"SKIP","floor":27.0},{"not_picked":["True Grit","Intimidate","Wild Strike"],"picked":"SKIP","floor":31}],"player_experience":851553,"relics_obtained":[{"floor":7.0,"key":"Centennial Puzzle"},{"floor":9.0,"key":"Art of War"},{"floor":24.0,"key":"Lantern"},{"floor":26.0,"key":"Omamori"},{"floor":27.0,"key":"Incense Burner"}],"event_choices":[{"damage_healed":0.0,"max_hp_gain":0.0,"max_hp_loss":0.0,"gold_gain":0.0,"event_name":"WeMeetAgain","player_choice":"Gave Potion","floor":2.0,"gold_loss":0.0,"damage_taken":0.0,"relics_obtained":["Dodecahedron"]},{"damage_healed":25.0,"max_hp_gain":0.0,"max_hp_loss":0.0,"gold_gain":0.0,"event_name":"Big Fish","player_choice":"Banana","floor":11.0,"gold_loss":0.0,"damage_taken":0.0},{"damage_healed":0.0,"max_hp_gain":0.0,"max_hp_loss":7.0,"gold_gain":0.0,"event_name":"Golden Idol","player_choice":"Lose Max HP","floor":14.0,"gold_loss":0.0,"damage_taken":0.0,"relics_obtained":["Golden Idol"]},{"damage_healed":0.0,"max_hp_gain":0.0,"max_hp_loss":0.0,"gold_gain":0.0,"event_name":"Vampires","player_choice":"Ignored","floor":20.0,"gold_loss":0.0,"damage_taken":0.0},{"damage_healed":0,"gold_gain":0,"cards_transformed":["Strike_R"],"player_choice":"Transformed","damage_taken":0,"max_hp_gain":0,"max_hp_loss":0,"event_name":"Transmorgrifier","floor":30,"gold_loss":0,"cards_obtained":["Exhume"]}],"is_beta":true,"boss_relics":[{"not_picked":["Sozu","SlaversCollar"],"picked":"Coffee Dripper"}],"items_purged_floors":[19,21,29],"is_endless":false,"potions_floor_spawned":[1,3,5,8,25,31],"killed_by":"Collector","ascension_level":20}