{"gold_per_floor":[117,117,136,136,136,136,171,171,171,171,96,127,127,27,27,99,99,113,28,43,62,34,61,96,128,199,199,199,214,245,245,245,320,320,330,350,402,502,213,241,241,270,270,299,332,332,350,363,363,363,363,363,363,145,173,173],"floor_reached":57,"playtime":1442,"items_purged":["Strike_G","Strike_G","Distraction"],"score":4000,"play_id":"030fab28-83ae-4dbb-8143-f719d3c48a10","local_time":"20190906192839","is_ascension_mode":true,"campfire_choices":[{"data":"Prepared","floor":6.0,"key":"SMITH"},{"data":"Grand Finale","floor":8.0,"key":"SMITH"},{"data":"Neutralize","floor":10.0,"key":"SMITH"},{"data":"Backflip","floor":13.0,"key":"SMITH"},{"floor":15.0,"key":"RECALL"},{"data":"Acrobatics","floor":28.0,"key":"SMITH"},{"data":"Tactician","floor":32.0,"key":"SMITH"},{"data":"Prepared+1","floor":46.0,"key":"PURGE"},{"data":"Neutralize+1","floor":49.0,"key":"PURGE"},{"floor":53.0,"key":"REST"}],"neow_cost":"TEN_PERCENT_HP_LOSS","seed_source_timestamp":0,"circlet_count":0,"master_deck":["AscendersBane","Grand Finale+1","Backflip+1","Acrobatics+1","Tactician+1"],"special_seed":0,"relics":["Ring of the Snake","Nunchaku","Ice Cream","WingedGreaves","Pandora\u0027s Box","Ancient Tea Set","Calipers","Peace Pipe","Torii","Nilry\u0027s Codex","Molten Egg 2","Empty Cage","Tingsha","Du-Vu Doll","Bronze Scales","Gambling Chip","Blood Vial","Meat on the Bone","Anchor","Bottled Lightning","Bag of Marbles","Shuriken"],"potions_floor_usage":[56,56],"damage_taken":[{"damage":1.0,"enemies":"Jaw Worm","floor":1.0,"turns":3.0},{"damage":4.0,"enemies":"Small Slimes","floor":3.0,"turns":4.0},{"damage":0.0,"enemies":"Gremlin Nob","floor":7.0,"turns":3.0},{"damage":0.0,"enemies":"3 Sentries","floor":12.0,"turns":2.0},{"damage":43.0,"enemies":"Slime Boss","floor":16.0,"turns":9.0},{"damage":0.0,"enemies":"Spheric Guardian","floor":18.0,"turns":1.0},{"damage":0.0,"enemies":"Chosen","floor":20.0,"turns":1.0},{"damage":0.0,"enemies":"Snake Plant","floor":21.0,"turns":1.0},{"damage":0.0,"enemies":"Gremlin Leader","floor":23.0,"turns":1.0},{"damage":0.0,"enemies":"Slavers","floor":24.0,"turns":1.0},{"damage":0.0,"enemies":"Book of Stabbing","floor":25.0,"turns":1.0},{"damage":0.0,"enemies":"Chosen and Byrds","floor":29.0,"turns":1.0},{"damage":0.0,"enemies":"Gremlin Leader","floor":30.0,"turns":1.0},{"damage":0.0,"enemies":"Collector","floor":33.0,"turns":1.0},{"damage":0.0,"enemies":"3 Darklings","floor":35.0,"turns":1.0},{"damage":0.0,"enemies":"Orb Walker","floor":36.0,"turns":1.0},{"damage":0.0,"enemies":"2 Orb Walkers","floor":37.0,"turns":1.0},{"damage":0.0,"enemies":"Mind Bloom Boss Battle","floor":38.0,"turns":1.0},{"damage":0.0,"enemies":"Giant Head","floor":40.0,"turns":1.0},{"damage":0.0,"enemies":"Reptomancer","floor":42.0,"turns":1.0},{"damage":0.0,"enemies":"Giant Head","floor":44.0,"turns":1.0},{"damage":0.0,"enemies":"Reptomancer","floor":45.0,"turns":1.0},{"damage":0.0,"enemies":"3 Darklings","floor":47.0,"turns":1.0},{"damage":0.0,"enemies":"Sphere and 2 Shapes","floor":48.0,"turns":1.0},{"damage":0.0,"enemies":"Time Eater","floor":50.0,"turns":3.0},{"damage":0.0,"enemies":"Donu and Deca","floor":51.0,"turns":1.0},{"damage":0,"enemies":"Shield and Spear","floor":55,"turns":1},{"damage":0,"enemies":"The Heart","floor":56,"turns":4}],"seed_played":"-7520556294646843872","potions_obtained":[{"floor":1.0,"key":"Weak Potion"},{"floor":18.0,"key":"Swift Potion"},{"floor":21.0,"key":"GhostInAJar"}],"is_trial":false,"path_per_floor":["M","?","M","?","?","R","E","R","T","R","$","E","R","$","R","B",null,"M","?","M","M","$","E","E","E","T","?","R","M","E","?","R","B",null,"M","M","?","?","$","E","?","E","T","E","E","R","M","M","R","B","B",null,"R","$","E","B",null],"character_chosen":"THE_SILENT","items_purchased":["Acrobatics","Bronze Scales","Bag of Marbles","SpeedPotion"],"campfire_rested":1,"item_purchase_floors":[22,39,54,54],"current_hp_per_floor":[58,51,47,47,52,52,52,52,52,52,52,52,52,52,52,9,51,51,51,51,51,51,51,51,51,51,30,30,30,30,30,30,30,56,56,56,56,56,56,56,56,56,56,58,60,60,62,62,62,62,62,62,62,62,62,62],"gold":173,"neow_bonus":"TRANSFORM_TWO_CARDS","is_prod":false,"is_daily":false,"chose_seed":false,"campfire_upgraded":6,"win_rate":0,"timestamp":1567769319,"path_taken":["M","?","M","?","?","R","E","R","T","R","$","E","R","$","R","BOSS","M","?","M","M","$","E","E","E","T","?","R","M","E","?","R","BOSS","M","M","?","?","$","E","?","E","T","E","E","R","M","M","R","BOSS","BOSS","R","$","E","BOSS"],"build_version":"2019-08-26","purchased_purges":3,"victory":true,"max_hp_per_floor":[60,60,60,60,65,65,65,65,65,65,65,65,65,65,65,65,65,65,65,65,65,65,65,65,65,65,65,65,65,65,65,65,65,65,65,65,65,65,65,65,62,62,62,62,62,62,62,62,62,62,62,62,62,62,62,62],"card_choices":[{"not_picked":["Endless Agony","Poisoned Stab"],"picked":"Prepared","floor":1.0},{"not_picked":["Dagger Spray","Poisoned Stab","Catalyst"],"picked":"SKIP","floor":3.0},{"not_picked":["Finisher","Leg Sweep","PiercingWail"],"picked":"SKIP","floor":7.0},{"not_picked":["Caltrops","Phantasmal Killer"],"picked":"Backflip","floor":12.0},{"not_picked":["Quick Slash+1","Prepared","Deadly Poison"],"picked":"SKIP","floor":18.0},{"not_picked":["Outmaneuver","Dagger Spray","Cloak And Dagger"],"picked":"SKIP","floor":20.0},{"not_picked":["Cloak And Dagger","Outmaneuver","Flying Knee"],"picked":"SKIP","floor":21.0},{"not_picked":["Quick Slash","Concentrate","Bullet Time"],"picked":"SKIP","floor":23.0},{"not_picked":["PiercingWail","Catalyst","Blade Dance+1"],"picked":"SKIP","floor":24.0},{"not_picked":["Finisher","A Thousand Cuts"],"picked":"Tactician","floor":25.0},{"not_picked":["Slice","Dash","Dodge and Roll"],"picked":"SKIP","floor":29.0},{"not_picked":["Dodge and Roll","Quick Slash","Choke+1"],"picked":"SKIP","floor":30.0},{"not_picked":["Dodge and Roll","Quick Slash","Choke+1"],"picked":"SKIP","floor":30.0},{"not_picked":["Catalyst","Endless Agony+1","Eviscerate+1"],"picked":"SKIP","floor":35.0},{"not_picked":["Sucker Punch+1","Deflect","Deadly Poison"],"picked":"SKIP","floor":36.0},{"not_picked":["Leg Sweep","Setup","Poisoned Stab+1"],"picked":"SKIP","floor":40.0},{"not_picked":["Prepared","Heel Hook+1","Bane+1"],"picked":"SKIP","floor":42.0},{"not_picked":["Escape Plan","Calculated Gamble","Heel Hook+1"],"picked":"SKIP","floor":44.0},{"not_picked":["Dagger Throw+1","Bouncing Flask","Flechettes+1"],"picked":"SKIP","floor":45.0},{"not_picked":["Caltrops+1","Infinite Blades","Die Die Die+1"],"picked":"SKIP","floor":47.0},{"not_picked":["Infinite Blades+1","Deadly Poison","Dagger Throw+1"],"picked":"SKIP","floor":48.0},{"not_picked":["Dagger Throw+1","Poisoned Stab+1","Cloak And Dagger"],"picked":"SKIP","floor":55}],"player_experience":3183826,"relics_obtained":[{"floor":7.0,"key":"Nunchaku"},{"floor":9.0,"key":"Ice Cream"},{"floor":12.0,"key":"WingedGreaves"},{"floor":23.0,"key":"Calipers"},{"floor":24.0,"key":"Peace Pipe"},{"floor":25.0,"key":"Torii"},{"floor":27.0,"key":"Nilry\u0027s Codex"},{"floor":30.0,"key":"Molten Egg 2"},{"floor":37.0,"key":"Tingsha"},{"floor":38.0,"key":"Du-Vu Doll"},{"floor":40.0,"key":"Gambling Chip"},{"floor":42.0,"key":"Blood Vial"},{"floor":43.0,"key":"Meat on the Bone"},{"floor":44.0,"key":"Anchor"},{"floor":45.0,"key":"Bottled Lightning"},{"floor":55,"key":"Shuriken"}],"event_choices":[{"cards_removed":["Strike_G"],"damage_healed":0.0,"max_hp_gain":0.0,"max_hp_loss":0.0,"gold_gain":0.0,"event_name":"Golden Wing","player_choice":"Card Removal","floor":2.0,"gold_loss":0.0,"damage_taken":7.0},{"damage_healed":0.0,"max_hp_gain":0.0,"max_hp_loss":0.0,"gold_gain":0.0,"cards_transformed":["Strike_G"],"event_name":"Living Wall","player_choice":"Change","floor":4.0,"gold_loss":0.0,"damage_taken":0.0,"cards_obtained":["Grand Finale"]},{"damage_healed":0.0,"max_hp_gain":5.0,"max_hp_loss":0.0,"gold_gain":0.0,"event_name":"Big Fish","player_choice":"Donut","floor":5.0,"gold_loss":0.0,"damage_taken":0.0},{"damage_healed":0.0,"max_hp_gain":0.0,"max_hp_loss":0.0,"gold_gain":0.0,"event_name":"Addict","player_choice":"Obtained Relic","floor":19.0,"gold_loss":85.0,"damage_taken":0.0,"relics_obtained":["Ancient Tea Set"]},{"damage_healed":0.0,"max_hp_gain":0.0,"max_hp_loss":0.0,"gold_gain":0.0,"event_name":"Cursed Tome","player_choice":"Obtained Book","floor":27.0,"gold_loss":0.0,"damage_taken":21.0},{"damage_healed":0.0,"max_hp_gain":0.0,"max_hp_loss":0.0,"gold_gain":0.0,"event_name":"Ghosts","player_choice":"Ignored","floor":31.0,"gold_loss":0.0,"damage_taken":0.0},{"damage_healed":0.0,"max_hp_gain":0.0,"max_hp_loss":0.0,"gold_gain":0.0,"event_name":"Mysterious Sphere","player_choice":"Fight","floor":37.0,"gold_loss":0.0,"damage_taken":0.0},{"damage_healed":0.0,"max_hp_gain":0.0,"max_hp_loss":0.0,"gold_gain":0.0,"event_name":"MindBloom","player_choice":"Fight","floor":38.0,"gold_loss":0.0,"damage_taken":0.0},{"damage_healed":0.0,"max_hp_gain":0.0,"max_hp_loss":3.0,"gold_gain":0.0,"event_name":"Winding Halls","player_choice":"Max HP","floor":41.0,"gold_loss":0.0,"damage_taken":0.0}],"is_beta":true,"boss_relics":[{"not_picked":["Lizard Tail","WristBlade"],"picked":"Pandora\u0027s Box"},{"not_picked":["Cursed Key","Velvet Choker"],"picked":"Empty Cage"}],"items_purged_floors":[11,14,39],"is_endless":false,"potions_floor_spawned":[1,18,21,25,30,35,37,44,47,48],"ascension_level":20}