{"gold_per_floor":[116,116,133,133,133,133,163,163,217,237,237,45,76,96,96,193,193,210,16,16,32,32,32,46,64,64,64,95,95],"floor_reached":29,"playtime":1411,"items_purged":[],"score":253,"play_id":"f053f0b4-13bc-4610-9b8b-74dfab9bf1a4","local_time":"20190920140314","is_ascension_mode":true,"campfire_choices":[{"floor":6,"key":"RECALL"},{"data":"Static Discharge","floor":8,"key":"SMITH"},{"data":"Zap","floor":11,"key":"SMITH"},{"data":"Machine Learning","floor":15,"key":"SMITH"},{"floor":23,"key":"REST"},{"floor":27,"key":"REST"}],"neow_cost":"NONE","seed_source_timestamp":314824644377257,"circlet_count":0,"master_deck":["Strike_B","Strike_B","Strike_B","Strike_B","Defend_B","Defend_B","Defend_B","Defend_B","Zap+1","Dualcast","Ball Lightning","Static Discharge+1","Go for the Eyes","Tempest","Machine Learning+1","Ball Lightning","Buffer","Glacier+1","Apotheosis+1","Blizzard","Melter","Conserve Battery+1","Compile Driver"],"relics":["Cracked Core","PreservedInsect","Tiny Chest","Chemical X","Toxic Egg 2","Inserter","Kunai","Anchor"],"potions_floor_usage":[21,25,28],"damage_taken":[{"damage":5,"enemies":"2 Louse","floor":1,"turns":3},{"damage":0,"enemies":"Small Slimes","floor":3,"turns":2},{"damage":1,"enemies":"Jaw Worm","floor":10,"turns":3},{"damage":8,"enemies":"3 Sentries","floor":13,"turns":4},{"damage":2,"enemies":"Blue Slaver","floor":14,"turns":2},{"damage":31,"enemies":"Hexaghost","floor":16,"turns":6},{"damage":32,"enemies":"2 Thieves","floor":18,"turns":4},{"damage":15,"enemies":"3 Byrds","floor":21,"turns":5},{"damage":17,"enemies":"Centurion and Healer","floor":24,"turns":6},{"damage":26,"enemies":"Shelled Parasite and Fungi","floor":25,"turns":4},{"damage":30,"enemies":"Gremlin Leader","floor":28,"turns":8},{"damage":11,"enemies":"Snake Plant","floor":29,"turns":2}],"seed_played":"-5917626354080071435","potions_obtained":[{"floor":3,"key":"SteroidPotion"},{"floor":16,"key":"Weak Potion"},{"floor":24,"key":"Fire Potion"},{"floor":25,"key":"Block Potion"}],"is_trial":false,"path_per_floor":["M","?","M","?","?","R","?","R","T","M","R","$","E","M","R","B",null,"M","$","?","M","$","R","M","M","T","R","E","M"],"character_chosen":"DEFECT","items_purchased":["Chemical X","Tempest","Apotheosis+1"],"campfire_rested":2,"item_purchase_floors":[12,12,19],"current_hp_per_floor":[70,70,70,70,75,75,75,75,75,74,74,74,66,64,64,33,80,48,48,48,33,33,57,40,14,14,38,8,0],"gold":95,"neow_bonus":"RANDOM_COMMON_RELIC","is_prod":false,"is_daily":false,"chose_seed":false,"campfire_upgraded":3,"win_rate":0,"timestamp":1569013394,"path_taken":["M","?","M","?","?","R","?","R","T","?","R","$","E","M","R","BOSS","M","$","?","M","$","R","M","M","T","R","E","M"],"build_version":"2019-09-20","purchased_purges":0,"victory":false,"max_hp_per_floor":[75,75,75,75,80,80,80,80,80,80,80,80,80,80,80,80,80,80,80,80,80,80,80,80,80,80,80,80,80],"card_choices":[{"not_picked":["Hologram","Fusion"],"picked":"Ball Lightning","floor":1},{"not_picked":["Barrage","Leap"],"picked":"Static Discharge","floor":3},{"not_picked":["Turbo","Rebound"],"picked":"Go for the Eyes","floor":10},{"not_picked":["Scrape","Lockon"],"picked":"Machine Learning","floor":13},{"not_picked":["Gash","Hologram+1"],"picked":"Ball Lightning","floor":14},{"not_picked":["Amplify+1","Rainbow+1"],"picked":"Buffer","floor":16},{"not_picked":["Skim+1","Turbo+1"],"picked":"Glacier+1","floor":18},{"not_picked":["Turbo+1","Steam Power+1"],"picked":"Blizzard","floor":21},{"not_picked":["Compile Driver","Hologram+1"],"picked":"Melter","floor":24},{"not_picked":["Compile Driver","Steam+1"],"picked":"Conserve Battery+1","floor":25},{"not_picked":["Beam Cell","Heatsinks"],"picked":"Compile Driver","floor":28}],"player_experience":87775,"relics_obtained":[{"floor":9,"key":"Tiny Chest"},{"floor":13,"key":"Toxic Egg 2"},{"floor":26,"key":"Kunai"},{"floor":28,"key":"Anchor"}],"event_choices":[{"damage_healed":0,"gold_gain":0,"player_choice":"Ignored","damage_taken":0,"max_hp_gain":0,"max_hp_loss":0,"event_name":"Golden Wing","floor":2,"gold_loss":0},{"damage_healed":0,"gold_gain":0,"player_choice":"Ignored","damage_taken":0,"max_hp_gain":0,"max_hp_loss":0,"event_name":"Shining Light","floor":4,"gold_loss":0},{"damage_healed":0,"gold_gain":0,"player_choice":"Donut","damage_taken":0,"max_hp_gain":5,"max_hp_loss":0,"event_name":"Big Fish","floor":5,"gold_loss":0},{"damage_healed":0,"gold_gain":30,"player_choice":"Searched \u00271\u0027 times","damage_taken":0,"max_hp_gain":0,"max_hp_loss":0,"event_name":"Dead Adventurer","floor":7,"gold_loss":0},{"damage_healed":0,"gold_gain":0,"player_choice":"Ignored","damage_taken":0,"max_hp_gain":0,"max_hp_loss":0,"event_name":"Vampires","floor":20,"gold_loss":0}],"is_beta":true,"boss_relics":[{"not_picked":["Runic Dome","Velvet Choker"],"picked":"Inserter"}],"items_purged_floors":[],"is_endless":false,"potions_floor_spawned":[3,16,24,25],"killed_by":"Snake Plant","ascension_level":1}