{"gold_per_floor":[364,384,44,62,62,93,93,104,104,104,104,104,104,124,124,124],"floor_reached":16,"playtime":357,"items_purged":["Strike_B"],"score":200,"play_id":"cdf1f384-c1f5-4827-804f-b5f5256d0b18","local_time":"20190918175535","is_ascension_mode":true,"campfire_choices":[{"data":"Chaos","floor":7.0,"key":"SMITH"},{"data":"Barrage","floor":10.0,"key":"SMITH"},{"data":"Dualcast","floor":13,"key":"SMITH"},{"data":"Ball Lightning","floor":15,"key":"SMITH"}],"neow_cost":"TEN_PERCENT_HP_LOSS","seed_source_timestamp":692142198125849,"circlet_count":0,"master_deck":["AscendersBane","Strike_B","Strike_B","Strike_B","Defend_B","Defend_B+1","Defend_B","Defend_B","Zap+1","Dualcast+1","Chaos+1","Undo+1","Capacitor+1","Barrage+1","Self Repair","Ball Lightning+1"],"special_seed":0,"relics":["Cracked Core","War Paint","Happy Flower","Oddly Smooth Stone"],"potions_floor_usage":[16],"damage_taken":[{"damage":7.0,"enemies":"Jaw Worm","floor":1.0,"turns":3.0},{"damage":3.0,"enemies":"2 Louse","floor":2.0,"turns":4.0},{"damage":3.0,"enemies":"Small Slimes","floor":4.0,"turns":7.0},{"damage":22.0,"enemies":"3 Sentries","floor":6.0,"turns":6.0},{"damage":11.0,"enemies":"Looter","floor":8.0,"turns":3.0},{"damage":2,"enemies":"Blue Slaver","floor":14,"turns":3},{"damage":11,"enemies":"Hexaghost","floor":16,"turns":9}],"seed_played":"-6532786212226247681","potions_obtained":[{"floor":2.0,"key":"FearPotion"},{"floor":4.0,"key":"Block Potion"},{"floor":6.0,"key":"SpeedPotion"}],"is_trial":false,"path_per_floor":["M","M","$","M","?","E","R","M","T","R","?","?","R","M","R","B"],"character_chosen":"DEFECT","items_purchased":["War Paint","Capacitor","Barrage"],"campfire_rested":0,"item_purchase_floors":[3,3,3],"current_hp_per_floor":[57,54,54,51,51,36,36,32,32,32,32,13,13,11,11,0],"gold":124,"neow_bonus":"TWO_FIFTY_GOLD","is_prod":false,"is_daily":false,"chose_seed":false,"campfire_upgraded":4,"win_rate":0,"timestamp":1568800535,"path_taken":["M","M","$","M","?","E","R","M","T","R","?","?","R","?","R","BOSS"],"build_version":"2019-09-17","purchased_purges":1,"victory":false,"max_hp_per_floor":[64,64,64,64,64,64,64,64,64,64,64,64,64,64,64,64],"card_choices":[{"not_picked":["Rebound","Storm"],"picked":"Chaos","floor":1.0},{"not_picked":["Steam","Streamline"],"picked":"Undo","floor":2.0},{"not_picked":["Coolheaded","Barrage"],"picked":"Self Repair","floor":4.0},{"not_picked":["Steam Power","Chaos","Hello World"],"picked":"SKIP","floor":6.0},{"not_picked":["Aggregate","Sweeping Beam"],"picked":"Ball Lightning","floor":8.0},{"not_picked":["Sweeping Beam","Storm","Self Repair"],"picked":"SKIP","floor":14}],"player_experience":836430,"relics_obtained":[{"floor":6.0,"key":"Happy Flower"},{"floor":9.0,"key":"Oddly Smooth Stone"}],"event_choices":[{"damage_healed":0.0,"max_hp_gain":0.0,"max_hp_loss":0.0,"gold_gain":0.0,"event_name":"Liars Game","player_choice":"Ignored","floor":5.0,"gold_loss":0.0,"damage_taken":0.0},{"damage_healed":0,"gold_gain":0,"player_choice":"Fled","damage_taken":0,"max_hp_gain":0,"max_hp_loss":0,"event_name":"Scrap Ooze","floor":11,"gold_loss":0},{"damage_healed":0,"gold_gain":0,"player_choice":"Entered Light","damage_taken":19,"max_hp_gain":0,"max_hp_loss":0,"event_name":"Shining Light","floor":12,"gold_loss":0,"cards_upgraded":["Capacitor","Zap"]}],"is_beta":true,"boss_relics":[],"items_purged_floors":[3],"is_endless":false,"potions_floor_spawned":[2,4,6],"killed_by":"Hexaghost","ascension_level":20}