{"gold_per_floor":[109,109,109,69,87,87,116,126,152,171,171,200,200,31,31,108,108,121,46,59,59,77,77,111,111,135,135,147,147],"floor_reached":29,"playtime":805,"items_purged":["Strike_B"],"score":552,"play_id":"dce0c388-7de3-4a98-bfc9-95dbf258a19f","local_time":"20190320123419","is_ascension_mode":true,"campfire_choices":[{"data":"Coolheaded","floor":6.0,"key":"SMITH"},{"data":"Defragment","floor":11.0,"key":"SMITH"},{"data":"Dualcast","floor":13.0,"key":"SMITH"},{"data":"Recycle","floor":15.0,"key":"SMITH"},{"data":"Consume","floor":23.0,"key":"SMITH"},{"data":"Zap","floor":25.0,"key":"SMITH"}],"neow_cost":"NONE","seed_source_timestamp":594139241125629,"circlet_count":0,"master_deck":["AscendersBane","Strike_B","Strike_B","Strike_B","Defend_B","Defend_B+1","Defend_B","Defend_B+1","Zap+1","Dualcast+1","Self Repair","Recycle+1","Coolheaded+1","Defragment+1","Doom and Gloom","BootSequence","Echo Form","Consume+1","Compile Driver"],"special_seed":0,"relics":["Cracked Core","NeowsBlessing","Boot","Potion Belt","Nunchaku","Bag of Preparation","Busted Crown","Ice Cream"],"potions_floor_usage":[],"damage_taken":[{"damage":0.0,"enemies":"2 Louse","floor":1.0,"turns":1.0},{"damage":0.0,"enemies":"Jaw Worm","floor":5.0,"turns":1.0},{"damage":0.0,"enemies":"Lagavulin","floor":7.0,"turns":1.0},{"damage":9.0,"enemies":"Cultist","floor":8.0,"turns":6.0},{"damage":9.0,"enemies":"Red Slaver","floor":10.0,"turns":4.0},{"damage":65.0,"enemies":"Gremlin Nob","floor":12.0,"turns":5.0},{"damage":12.0,"enemies":"Hexaghost","floor":16.0,"turns":9.0},{"damage":3.0,"enemies":"Spheric Guardian","floor":18.0,"turns":5.0},{"damage":15.0,"enemies":"Shell Parasite","floor":20.0,"turns":4.0},{"damage":0.0,"enemies":"Chosen and Byrds","floor":22.0,"turns":7.0},{"damage":41.0,"enemies":"Slavers","floor":24.0,"turns":6.0},{"damage":25.0,"enemies":"Snake Plant","floor":28.0,"turns":3.0},{"damage":18,"enemies":"Cultist and Chosen","floor":29,"turns":3}],"seed_played":"-3091563857120046790","potions_obtained":[{"floor":7.0,"key":"FairyPotion"},{"floor":8.0,"key":"FairyPotion"},{"floor":12.0,"key":"Strength Potion"},{"floor":22.0,"key":"SteroidPotion"},{"floor":28.0,"key":"SteroidPotion"}],"is_trial":false,"path_per_floor":["M","?","?","$","M","R","E","M","T","M","R","E","R","$","R","B",null,"M","$","M","?","M","R","E","R","T","?","M","M"],"character_chosen":"DEFECT","items_purchased":["Recycle","Bag of Preparation"],"campfire_rested":0,"item_purchase_floors":[4,14],"current_hp_per_floor":[64,64,43,43,43,43,43,41,41,39,39,7,7,7,7,14,57,54,54,46,46,60,60,26,26,26,26,8,0],"gold":147,"neow_bonus":"THREE_ENEMY_KILL","is_prod":false,"is_daily":false,"chose_seed":false,"campfire_upgraded":6,"win_rate":0,"timestamp":1553056459,"path_taken":["M","?","?","?","M","R","E","M","T","M","R","E","R","?","R","BOSS","M","$","M","?","M","R","E","R","T","?","M","M"],"build_version":"2019-03-15","purchased_purges":1,"victory":false,"max_hp_per_floor":[71,71,71,71,71,71,71,71,71,71,71,71,71,71,71,71,71,71,71,71,71,71,71,71,71,71,71,71,71],"card_choices":[{"not_picked":["Compile Driver","Steam"],"picked":"Self Repair","floor":1.0},{"not_picked":["Hello World","Self Repair"],"picked":"Coolheaded","floor":5.0},{"not_picked":["Beam Cell","Reinforced Body"],"picked":"Defragment","floor":7.0},{"not_picked":["Leap","Conserve Battery"],"picked":"Doom and Gloom","floor":8.0},{"not_picked":["Meteor Strike","Darkness"],"picked":"BootSequence","floor":10.0},{"not_picked":["Beam Cell","Steam","Chaos"],"picked":"SKIP","floor":12.0},{"not_picked":["Reboot","Rainbow"],"picked":"Echo Form","floor":16.0},{"not_picked":["Genetic Algorithm"],"picked":"SKIP","floor":18.0},{"not_picked":[],"picked":"Consume","floor":20.0},{"not_picked":["Cold Snap"],"picked":"SKIP","floor":22.0},{"not_picked":[],"picked":"Compile Driver","floor":24.0},{"not_picked":["Recycle"],"picked":"SKIP","floor":28.0}],"player_experience":2958095,"relics_obtained":[{"floor":7.0,"key":"Boot"},{"floor":9.0,"key":"Potion Belt"},{"floor":12.0,"key":"Nunchaku"},{"floor":24.0,"key":"Ice Cream"}],"event_choices":[{"damage_healed":0.0,"max_hp_gain":0.0,"max_hp_loss":0.0,"gold_gain":0.0,"event_name":"Liars Game","player_choice":"Ignored","floor":2.0,"gold_loss":0.0,"damage_taken":0.0},{"damage_healed":0.0,"max_hp_gain":0.0,"max_hp_loss":0.0,"gold_gain":0.0,"event_name":"Shining Light","player_choice":"Entered Light","floor":3.0,"gold_loss":0.0,"damage_taken":21.0,"cards_upgraded":["Defend_B","Defend_B"]},{"damage_healed":0.0,"max_hp_gain":0.0,"max_hp_loss":0.0,"gold_gain":0.0,"event_name":"Beggar","player_choice":"Ignored","floor":21.0,"gold_loss":0.0,"damage_taken":0.0},{"damage_healed":0.0,"max_hp_gain":0.0,"max_hp_loss":0.0,"gold_gain":0.0,"event_name":"Cursed Tome","player_choice":"Ignored","floor":27.0,"gold_loss":0.0,"damage_taken":0.0}],"is_beta":true,"boss_relics":[{"not_picked":["Tiny House","Eternal Feather"],"picked":"Busted Crown"}],"items_purged_floors":[19],"is_endless":false,"potions_floor_spawned":[7,8,12,22,28],"killed_by":"Cultist and Chosen","ascension_level":20}