{"gold_per_floor":[213,40,58,58,75,75,87,87,87,162,175,175],"floor_reached":12,"playtime":421,"items_purged":["Strike_G"],"score":140,"play_id":"36cdc5a7-4da7-4fee-9380-7d991a53bc88","local_time":"20190817082746","is_ascension_mode":true,"campfire_choices":[{"data":"Neutralize","floor":6,"key":"SMITH"},{"data":"Footwork","floor":8,"key":"SMITH"}],"neow_cost":"NONE","seed_source_timestamp":190944196247324,"circlet_count":0,"master_deck":["AscendersBane","Strike_G","Strike_G","Strike_G","Strike_G","Defend_G","Defend_G","Defend_G","Defend_G","Defend_G","Survivor","Neutralize+1","PiercingWail","Footwork","Footwork+1","Dash"],"special_seed":0,"relics":["Ring of the Snake","Matryoshka"],"potions_floor_usage":[11,12,12],"damage_taken":[{"damage":5,"enemies":"Jaw Worm","floor":1,"turns":6},{"damage":3,"enemies":"Small Slimes","floor":3,"turns":5},{"damage":0,"enemies":"2 Louse","floor":5,"turns":7},{"damage":14,"enemies":"Large Slime","floor":7,"turns":12},{"damage":0,"enemies":"Lots of Slimes","floor":11,"turns":2},{"damage":37,"enemies":"Gremlin Nob","floor":12,"turns":4}],"seed_played":"6138540154244336651","potions_obtained":[{"floor":5,"key":"Energy Potion"},{"floor":11,"key":"FearPotion"}],"is_trial":false,"path_per_floor":["M","$","M","?","M","R","M","R","T","?","M","E"],"character_chosen":"THE_SILENT","items_purchased":["Footwork","Explosive Potion"],"campfire_rested":0,"item_purchase_floors":[2,2],"current_hp_per_floor":[54,54,51,56,56,56,42,42,42,31,31,0],"gold":175,"neow_bonus":"HUNDRED_GOLD","is_prod":false,"is_daily":false,"chose_seed":false,"campfire_upgraded":2,"win_rate":0,"timestamp":1565998066,"path_taken":["M","$","M","?","M","R","M","R","T","?","M","E"],"build_version":"2019-07-17","purchased_purges":1,"victory":false,"max_hp_per_floor":[66,66,66,71,71,71,71,71,71,71,71,71],"card_choices":[{"not_picked":["Underhanded Strike","Slice"],"picked":"PiercingWail","floor":1},{"not_picked":["Leg Sweep","Dodge and Roll","Infinite Blades"],"picked":"SKIP","floor":3},{"not_picked":["Cloak And Dagger","Prepared","Bane"],"picked":"SKIP","floor":5},{"not_picked":["Distraction","Prepared"],"picked":"Footwork","floor":7},{"not_picked":["Prepared","Dagger Throw"],"picked":"Dash","floor":11}],"player_experience":910964,"relics_obtained":[{"floor":9,"key":"Matryoshka"}],"event_choices":[{"damage_healed":0,"gold_gain":0,"player_choice":"Donut","damage_taken":0,"max_hp_gain":5,"max_hp_loss":0,"event_name":"Big Fish","floor":4,"gold_loss":0},{"damage_healed":0,"gold_gain":75,"player_choice":"Gather Gold","damage_taken":11,"max_hp_gain":0,"max_hp_loss":0,"event_name":"World of Goop","floor":10,"gold_loss":0}],"is_beta":false,"boss_relics":[],"items_purged_floors":[2],"is_endless":false,"potions_floor_spawned":[5,11],"killed_by":"Gremlin Nob","ascension_level":20}