{"path_per_floor":["M","?","?","?","M","R","$","M","T","R","M","E","?","M","R","B",null,"M","?","$","?","?","R","T","R","T","?","R","$","M","$","R","B",null,"M","M","$","?","M","R","M","R","T","M","M","R","E","M","R","B"],"character_chosen":"DEFECT","items_purchased":["Go for the Eyes","Defragment","Panache","Loop","Leap","Tempest","Block Potion"],"gold_per_floor":[111,111,111,111,121,121,23,34,34,34,45,372,372,392,392,521,521,536,536,461,461,461,461,461,461,461,461,461,170,186,32,32,160,160,176,195,77,410,421,421,441,441,441,456,473,473,502,519,519,519],"floor_reached":51,"campfire_rested":1,"playtime":2718,"item_purchase_floors":[7,7,29,29,31,37,37],"current_hp_per_floor":[74,67,52,52,54,54,54,56,56,56,56,38,38,42,42,30,62,60,60,60,60,60,60,60,60,60,60,60,60,62,62,62,64,71,75,77,77,77,77,77,79,79,79,72,61,61,64,63,85,33],"items_purged":["Strike_B","Defend_B"],"gold":519,"score":891,"play_id":"37c0d08f-b27b-4131-bc16-ee628adb3f57","local_time":"20180607220443","is_prod":false,"is_daily":false,"chose_seed":false,"is_ascension_mode":true,"campfire_upgraded":10,"win_rate":0,"timestamp":1528401883,"campfire_choices":[{"data":"Loop","floor":6,"key":"SMITH"},{"data":"Go for the Eyes","floor":10,"key":"SMITH"},{"data":"Defragment","floor":15,"key":"SMITH"},{"data":"Reboot","floor":23,"key":"SMITH"},{"data":"Skim","floor":25,"key":"SMITH"},{"data":"Turbo","floor":28,"key":"SMITH"},{"data":"Loop","floor":32,"key":"SMITH"},{"data":"Electrodynamics","floor":40,"key":"SMITH"},{"data":"Tempest","floor":42,"key":"SMITH"},{"data":"Leap","floor":46,"key":"SMITH"},{"floor":49,"key":"REST"}],"path_taken":["M","?","?","?","M","R","$","M","T","R","?","E","?","M","R","BOSS","M","?","$","?","?","R","?","R","T","?","R","?","M","$","R","BOSS","M","M","$","?","M","R","M","R","T","M","M","R","E","M","R","BOSS"],"build_version":"2018-05-31","seed_source_timestamp":1556666825552,"purchased_purges":2,"victory":true,"master_deck":["Defend_B+1","Defend_B","Zap+1","Dualcast+1","Loop+1","Skim+1","Go for the Eyes+1","Defragment+1","Biased Cognition+1","Reboot+1","BootSequence+1","Skim+1","All For One+1","Turbo+1","Panache","Loop+1","Leap+1","Leap","Electrodynamics+1","Tempest+1","Steam+1","Doubt","Loop+1"],"max_hp_per_floor":[75,75,75,75,75,75,75,75,75,75,77,77,71,73,73,73,73,73,73,73,73,73,73,73,73,73,73,73,73,73,73,73,73,73,75,77,77,77,77,77,79,79,79,79,81,81,83,85,85,85],"relics":["Cracked Core","Blood Vial","Bronze Scales","Singing Bowl","Old Coin","Astrolabe","Art of War","Ornamental Fan","Dodecahedron","Cursed Key","Turnip","Letter Opener"],"card_choices":[{"not_picked":["Beam Cell","Sweeping Beam"],"picked":"Loop","floor":1},{"not_picked":["Conserve Battery","Redo"],"picked":"Skim","floor":5},{"not_picked":["Cold Snap","Stack","Redo"],"picked":"SKIP","floor":8},{"not_picked":["BootSequence","Compile Driver","Streamline"],"picked":"Singing Bowl","floor":11},{"not_picked":["Lockon","Steam Power"],"picked":"Biased Cognition","floor":12},{"not_picked":["Doom and Gloom","FTL","Go for the Eyes"],"picked":"Singing Bowl","floor":14},{"not_picked":["Fission","All For One"],"picked":"Reboot","floor":16},{"not_picked":["Fusion","Gash"],"picked":"Turbo","floor":18},{"not_picked":["Loop","Force Field"],"picked":"Leap","floor":30},{"not_picked":["Buffer","Hyperbeam"],"picked":"Electrodynamics","floor":33},{"not_picked":["Coolheaded+1","Scrape+1","Melter+1"],"picked":"Singing Bowl","floor":35},{"not_picked":["Glacier","Reprogram","Turbo"],"picked":"Singing Bowl","floor":36},{"not_picked":["Cold Snap","Stack+1"],"picked":"Steam+1","floor":39},{"not_picked":["Gash","Go for the Eyes+1","BootSequence"],"picked":"Singing Bowl","floor":41},{"not_picked":["Stack+1","Hologram"],"picked":"Loop+1","floor":44},{"not_picked":["Aggregate","Lockon+1","Stack"],"picked":"Singing Bowl","floor":45},{"not_picked":["Chaos+1","Aggregate+1","Creative AI"],"picked":"Singing Bowl","floor":47},{"not_picked":["Coolheaded","Stack","Doom and Gloom+1"],"picked":"Singing Bowl","floor":48}],"player_experience":796423,"potions_floor_usage":[16,33,33,41,50,50,50],"damage_taken":[{"damage":1,"enemies":"2 Louse","floor":1,"turns":2},{"damage":0,"enemies":"Cultist","floor":5,"turns":3},{"damage":0,"enemies":"Jaw Worm","floor":8,"turns":3},{"damage":4,"enemies":"Large Slime","floor":11,"turns":3},{"damage":20,"enemies":"Lagavulin","floor":12,"turns":6},{"damage":0,"enemies":"Looter","floor":14,"turns":2},{"damage":14,"enemies":"Hexaghost","floor":16,"turns":6},{"damage":4,"enemies":"3 Byrds","floor":18,"turns":3},{"damage":0,"enemies":"2 Thieves","floor":30,"turns":1},{"damage":0,"enemies":"Champ","floor":33,"turns":7},{"damage":0,"enemies":"3 Shapes","floor":35,"turns":1},{"damage":0,"enemies":"Orb Walker","floor":36,"turns":2},{"damage":0,"enemies":"Sphere and 2 Shapes","floor":39,"turns":1},{"damage":0,"enemies":"4 Shapes","floor":41,"turns":2},{"damage":7,"enemies":"3 Darklings","floor":44,"turns":2},{"damage":15,"enemies":"Sphere and 2 Shapes","floor":45,"turns":4},{"damage":1,"enemies":"Giant Head","floor":47,"turns":4},{"damage":5,"enemies":"Maw","floor":48,"turns":4},{"damage":52,"enemies":"Awakened One","floor":50,"turns":7}],"relics_obtained":[{"floor":9,"key":"Singing Bowl"},{"floor":12,"key":"Old Coin"},{"floor":24,"key":"Ornamental Fan"},{"floor":26,"key":"Dodecahedron"},{"floor":43,"key":"Turnip"},{"floor":47,"key":"Letter Opener"}],"event_choices":[{"event_name":"Scrap Ooze","player_choice":"success","floor":2,"damage_taken":7},{"event_name":"Shining Light","player_choice":"Entered Light","floor":3,"damage_taken":0},{"event_name":"Living Wall","player_choice":"Grow","floor":4,"damage_taken":0},{"event_name":"Golden Idol","player_choice":"Lose Max HP","floor":13,"damage_taken":0},{"event_name":"The Mausoleum","player_choice":"Yes","floor":19,"damage_taken":0},{"event_name":"Accursed Blacksmith","player_choice":"Forge","floor":21,"damage_taken":0},{"event_name":"Ghosts","player_choice":"Ignored","floor":22,"damage_taken":0},{"event_name":"Back to Basics","player_choice":"Elegance","floor":27,"damage_taken":0},{"event_name":"The Moai Head","player_choice":"Gave Idol","floor":38,"damage_taken":0}],"boss_relics":[{"not_picked":["Velvet Choker","Pandora\u0027s Box"],"picked":"Astrolabe"},{"not_picked":["Black Star","Inserter"],"picked":"Cursed Key"}],"items_purged_floors":[20,31],"potions_floor_spawned":[5,14,16,18,30,36,47,48],"seed_played":"3953225675136168070","ascension_level":5,"potions_obtained":[{"floor":5,"key":"SpeedPotion"},{"floor":14,"key":"Energy Potion"},{"floor":16,"key":"SkillPotion"},{"floor":18,"key":"Block Potion"},{"floor":36,"key":"Poison Potion"},{"floor":47,"key":"SneckoOil"},{"floor":48,"key":"Block Potion"}],"is_trial":false}