{"gold_per_floor":[115,115,127,147,17,17,42,42,42,42,42,42,60,75,75,179,179,194,194,194,194,23,23],"floor_reached":23,"playtime":1659,"items_purged":[],"score":187,"play_id":"eea5fe60-b73b-47da-8440-13fb39f5776a","local_time":"20190124083811","is_ascension_mode":false,"campfire_choices":[{"floor":6.0,"key":"REST"},{"data":"White Noise","floor":8.0,"key":"SMITH"},{"data":"Conserve Battery","floor":12.0,"key":"SMITH"},{"floor":15.0,"key":"REST"}],"neow_cost":"NONE","seed_source_timestamp":0,"circlet_count":0,"master_deck":["Defend_B","Defend_B","Defend_B","Defend_B","Zap","Dualcast","Go for the Eyes","Stack","Conserve Battery+1","Doom and Gloom","Cold Snap+1","White Noise+1","Double Energy","Conserve Battery","Chill","Rainbow","Thunder Strike+1","Force Field+1","Reinforced Body","Hologram"],"special_seed":0,"relics":["Cracked Core","Meat on the Bone","Orichalcum","Whetstone","Astrolabe","Dream Catcher"],"potions_floor_usage":[],"damage_taken":[{"damage":9.0,"enemies":"2 Louse","floor":1.0,"turns":3.0},{"damage":8.0,"enemies":"Small Slimes","floor":3.0,"turns":3.0},{"damage":0.0,"enemies":"Jaw Worm","floor":4.0,"turns":4.0},{"damage":7.0,"enemies":"Lagavulin","floor":7.0,"turns":6.0},{"damage":1.0,"enemies":"Exordium Thugs","floor":13.0,"turns":4.0},{"damage":2.0,"enemies":"Red Slaver","floor":14.0,"turns":4.0},{"damage":47.0,"enemies":"Hexaghost","floor":16.0,"turns":9.0},{"damage":13,"enemies":"3 Byrds","floor":18,"turns":6},{"damage":97,"enemies":"Gremlin Leader","floor":23,"turns":12}],"seed_played":"-7145418680279547750","potions_obtained":[{"floor":7.0,"key":"GamblersBrew"},{"floor":13.0,"key":"Fire Potion"},{"floor":14.0,"key":"FairyPotion"}],"is_trial":false,"path_per_floor":["M","?","M","M","$","R","E","R","T","?","T","R","M","M","R","B",null,"M","?","?","?","$","E"],"character_chosen":"DEFECT","items_purchased":["Doom and Gloom","Cold Snap","Dream Catcher","Hologram"],"campfire_rested":2,"item_purchase_floors":[5,5,22,22],"current_hp_per_floor":[73,73,65,65,65,82,75,75,75,75,75,75,74,72,82,47,82,69,69,69,69,69,0],"gold":23,"neow_bonus":"TEN_PERCENT_HP_BONUS","is_prod":false,"is_daily":false,"chose_seed":false,"campfire_upgraded":2,"win_rate":0.0,"timestamp":1548347891,"path_taken":["M","?","M","M","$","R","E","R","T","?","?","R","?","M","R","BOSS","M","?","?","?","$","E"],"build_version":"2019-01-23","purchased_purges":0,"victory":false,"max_hp_per_floor":[82,82,82,82,82,82,82,82,82,82,82,82,82,82,82,82,82,82,82,82,82,82,82],"card_choices":[{"not_picked":["Turbo","Stack"],"picked":"Go for the Eyes","floor":1.0},{"not_picked":["Leap","Blizzard"],"picked":"Stack","floor":3.0},{"not_picked":["Steam Power","Blizzard"],"picked":"Conserve Battery","floor":4.0},{"not_picked":["Recycle","Stack"],"picked":"White Noise","floor":7.0},{"not_picked":["Turbo","Force Field"],"picked":"Conserve Battery","floor":13.0},{"not_picked":["Turbo","Rebound"],"picked":"Chill","floor":14.0},{"not_picked":["Machine Learning","Multi-Cast"],"picked":"Rainbow","floor":16.0},{"not_picked":["Coolheaded","Consume","Scrape"],"picked":"SKIP","floor":18}],"player_experience":277852,"relics_obtained":[{"floor":7.0,"key":"Meat on the Bone"},{"floor":9.0,"key":"Orichalcum"},{"floor":11.0,"key":"Whetstone"}],"event_choices":[{"damage_healed":0.0,"max_hp_gain":0.0,"max_hp_loss":0.0,"gold_gain":0.0,"event_name":"Liars Game","player_choice":"Ignored","floor":2.0,"gold_loss":0.0,"damage_taken":0.0},{"damage_healed":0.0,"max_hp_gain":0.0,"max_hp_loss":0.0,"gold_gain":0.0,"cards_transformed":["Strike_B"],"event_name":"Living Wall","player_choice":"Change","floor":10.0,"gold_loss":0.0,"damage_taken":0.0,"cards_obtained":["Double Energy"]},{"cards_removed":["Reboot"],"damage_healed":0,"gold_gain":0,"player_choice":"Elegance","damage_taken":0,"max_hp_gain":0,"max_hp_loss":0,"event_name":"Back to Basics","floor":19,"gold_loss":0},{"damage_healed":0,"gold_gain":0,"player_choice":"Ignored","damage_taken":0,"max_hp_gain":0,"max_hp_loss":0,"event_name":"Ghosts","floor":20,"gold_loss":0},{"damage_healed":0,"gold_gain":0,"player_choice":"Read","damage_taken":0,"max_hp_gain":0,"max_hp_loss":0,"event_name":"The Library","floor":21,"gold_loss":0,"cards_obtained":["Reinforced Body"]}],"is_beta":false,"boss_relics":[{"not_picked":["Snecko Eye","Calling Bell"],"picked":"Astrolabe"}],"items_purged_floors":[],"is_endless":false,"potions_floor_spawned":[7,13,14],"killed_by":"Gremlin Leader","ascension_level":0}