{"gold_per_floor":[119,119,119,44,44,44,74,74,152,166,201,201,72,110,110,236,236,260,135,163,18,18,18,54,153,153,153,174,0,21,42,42,165,165,179,119,144,157,171,171,204,54,77,77,102,52,52,96,96,96],"floor_reached":51,"playtime":2412,"items_purged":["Strike_P","Strike_P","Strike_P","Eruption"],"score":1424,"play_id":"60e5e37b-9039-44c2-97a7-73946086f347","local_time":"20190911140928","is_ascension_mode":true,"campfire_choices":[{"data":"EmptyFist","floor":6.0,"key":"SMITH"},{"data":"DeceiveReality","floor":8.0,"key":"SMITH"},{"data":"EmptyMind","floor":12.0,"key":"SMITH"},{"data":"Vigilance","floor":15.0,"key":"SMITH"},{"data":"Purity","floor":23.0,"key":"SMITH"},{"data":"Blasphemy","floor":27.0,"key":"SMITH"},{"floor":32.0,"key":"REST"},{"data":"MentalFortress","floor":40.0,"key":"SMITH"},{"data":"SandsOfTime","floor":47.0,"key":"SMITH"},{"data":"Defend_P","floor":49,"key":"SMITH"}],"neow_cost":"NONE","seed_source_timestamp":2335469434717500,"circlet_count":0,"master_deck":["AscendersBane","Defend_P","Defend_P","Defend_P","Defend_P+1","Vigilance+1","EmptyFist+1","DeceiveReality+1","EmptyMind+1","Establishment","Blasphemy+1","SandsOfTime+1","Purity+1","MentalFortress+1"],"special_seed":0,"relics":["Philosopher\u0027s Stone","Golden Idol","CeramicFish","Tiny Chest","Odd Mushroom","Art of War","VioletLotus","Mercury Hourglass","Mummified Hand","SacredBark","Strawberry","Bag of Marbles","Question Card","Blood Vial"],"potions_floor_usage":[50,50],"damage_taken":[{"damage":0.0,"enemies":"Jaw Worm","floor":1.0,"turns":4.0},{"damage":0.0,"enemies":"2 Louse","floor":7.0,"turns":3.0},{"damage":1.0,"enemies":"Small Slimes","floor":10.0,"turns":4.0},{"damage":14.0,"enemies":"The Mushroom Lair","floor":11.0,"turns":4.0},{"damage":6.0,"enemies":"Lagavulin","floor":14.0,"turns":6.0},{"damage":8.0,"enemies":"The Guardian","floor":16.0,"turns":13.0},{"damage":14.0,"enemies":"2 Thieves","floor":18.0,"turns":4.0},{"damage":0.0,"enemies":"Chosen","floor":20.0,"turns":3.0},{"damage":14.0,"enemies":"Slavers","floor":24.0,"turns":9.0},{"damage":15.0,"enemies":"Centurion and Healer","floor":28.0,"turns":4.0},{"damage":0.0,"enemies":"Sentry and Sphere","floor":30.0,"turns":3.0},{"damage":0.0,"enemies":"Shelled Parasite and Fungi","floor":31.0,"turns":1.0},{"damage":0.0,"enemies":"Champ","floor":33.0,"turns":4.0},{"damage":9.0,"enemies":"3 Darklings","floor":35.0,"turns":3.0},{"damage":7.0,"enemies":"Orb Walker","floor":37.0,"turns":2.0},{"damage":3.0,"enemies":"3 Darklings","floor":38.0,"turns":2.0},{"damage":0.0,"enemies":"Spire Growth","floor":39.0,"turns":2.0},{"damage":9.0,"enemies":"Nemesis","floor":41.0,"turns":3.0},{"damage":0.0,"enemies":"Jaw Worm Horde","floor":45.0,"turns":6.0},{"damage":0,"enemies":"Giant Head","floor":48,"turns":4},{"damage":3,"enemies":"Time Eater","floor":50,"turns":7}],"seed_played":"2238098278895171169","potions_obtained":[{"floor":1.0,"key":"FairyPotion"},{"floor":10.0,"key":"SteroidPotion"},{"floor":14.0,"key":"DuplicationPotion"},{"floor":28.0,"key":"Fire Potion"},{"floor":30.0,"key":"Explosive Potion"},{"floor":31.0,"key":"PowerPotion"},{"floor":33.0,"key":"Strength Potion"},{"floor":38.0,"key":"Block Potion"},{"floor":41.0,"key":"Regen Potion"}],"is_trial":false,"path_per_floor":["M","?","?","$","?","R","M","R","T","M","?","R","$","E","R","B",null,"M","$","M","$","?","R","E","?","T","R","M","?","M","M","R","B",null,"M","?","M","M","M","R","E","$","T","T","M","$","R","E","R","B",null],"character_chosen":"WATCHER","items_purchased":["Establishment","Purity","MentalFortress","PowerPotion"],"campfire_rested":1,"item_purchase_floors":[13,21,21,46],"current_hp_per_floor":[59,59,52,52,52,52,52,52,52,51,37,37,37,31,31,23,51,37,37,37,37,37,37,23,23,23,23,8,8,8,8,26,26,52,43,43,36,33,33,33,31,31,31,31,67,67,67,67,67,64],"gold":96,"neow_bonus":"BOSS_RELIC","is_prod":false,"is_daily":false,"chose_seed":false,"campfire_upgraded":9,"win_rate":1,"timestamp":1568182168,"path_taken":["M","?","?","$","?","R","M","R","T","M","?","R","$","E","R","BOSS","M","$","M","$","?","R","E","?","T","R","M","?","M","M","R","BOSS","M","?","M","M","?","R","E","$","T","?","M","$","R","E","R","BOSS"],"build_version":"2019-09-10","purchased_purges":4,"victory":true,"max_hp_per_floor":[65,60,60,60,60,60,60,60,60,60,60,60,60,60,60,60,60,60,60,60,60,60,60,60,60,60,60,60,60,60,60,60,60,60,60,60,60,60,60,60,67,67,67,67,67,67,67,67,67,67],"card_choices":[{"not_picked":["ThirdEye","Wireheading"],"picked":"EmptyFist","floor":1.0},{"not_picked":["Consecrate","Crescendo"],"picked":"DeceiveReality","floor":7.0},{"not_picked":["WreathOfFlame","Sanctity","EmptyFist"],"picked":"SKIP","floor":10.0},{"not_picked":["TalkToTheHand","Evaluate"],"picked":"EmptyMind","floor":11.0},{"not_picked":["WaveOfTheHand","Vengeance","EmptyFist"],"picked":"SKIP","floor":14.0},{"not_picked":["SignatureMove","Wish"],"picked":"Blasphemy","floor":16.0},{"not_picked":["JustLucky+1","ClearTheMind","BowlingBash+1"],"picked":"SKIP","floor":18.0},{"not_picked":["Sanctity+1","JustLucky"],"picked":"SandsOfTime","floor":20.0},{"not_picked":["CrushJoints","MentalFortress","ThirdEye"],"picked":"SKIP","floor":24.0},{"not_picked":["FlyingSleeves","Halt","EmptyMind"],"picked":"SKIP","floor":28.0},{"not_picked":["CrushJoints","FlyingSleeves","TalkToTheHand"],"picked":"SKIP","floor":30.0},{"not_picked":["CleanseEvil","Judgement","ThirdEye"],"picked":"SKIP","floor":31.0},{"not_picked":["StepAndStrike","ThirdEye+1","Consecrate"],"picked":"SKIP","floor":35.0},{"not_picked":["StepAndStrike","ThirdEye+1","Consecrate"],"picked":"SKIP","floor":35.0},{"not_picked":["JustLucky","TalkToTheHand+1","Conclude"],"picked":"SKIP","floor":37.0},{"not_picked":["Sanctity","Evaluate+1","LessonLearned"],"picked":"SKIP","floor":38.0},{"not_picked":["Devotion","BowlingBash","SpiritShield"],"picked":"SKIP","floor":39.0},{"not_picked":["ReachHeaven","StepAndStrike","CarveReality"],"picked":"SKIP","floor":41.0},{"not_picked":["FlurryOfBlows","WreathOfFlame","BowlingBash","Weave"],"picked":"SKIP","floor":45.0},{"not_picked":["ClearTheMind","FlurryOfBlows","Weave","Worship+1"],"picked":"SKIP","floor":48}],"player_experience":3268974,"relics_obtained":[{"floor":9.0,"key":"Tiny Chest"},{"floor":11.0,"key":"Odd Mushroom"},{"floor":14.0,"key":"Art of War"},{"floor":24.0,"key":"Mercury Hourglass"},{"floor":26.0,"key":"Mummified Hand"},{"floor":41.0,"key":"Strawberry"},{"floor":43.0,"key":"Bag of Marbles"},{"floor":44.0,"key":"Question Card"},{"floor":48,"key":"Blood Vial"}],"event_choices":[{"damage_healed":0.0,"max_hp_gain":0.0,"max_hp_loss":5.0,"gold_gain":0.0,"event_name":"Golden Idol","player_choice":"Lose Max HP","floor":2.0,"gold_loss":0.0,"damage_taken":0.0,"relics_obtained":["Golden Idol"]},{"damage_healed":0.0,"max_hp_gain":0.0,"max_hp_loss":0.0,"gold_gain":0.0,"event_name":"Scrap Ooze","player_choice":"Success","floor":3.0,"gold_loss":0.0,"damage_taken":7.0,"relics_obtained":["CeramicFish"]},{"damage_healed":0.0,"max_hp_gain":0.0,"max_hp_loss":0.0,"gold_gain":0.0,"event_name":"Liars Game","player_choice":"Ignored","floor":5.0,"gold_loss":0.0,"damage_taken":0.0},{"damage_healed":0.0,"max_hp_gain":0.0,"max_hp_loss":0.0,"gold_gain":0.0,"event_name":"Mushrooms","player_choice":"Fought Mushrooms","floor":11.0,"gold_loss":0.0,"damage_taken":0.0},{"damage_healed":0.0,"max_hp_gain":0.0,"max_hp_loss":0.0,"gold_gain":0.0,"event_name":"Ghosts","player_choice":"Ignored","floor":22.0,"gold_loss":0.0,"damage_taken":0.0},{"damage_healed":0.0,"max_hp_gain":0.0,"max_hp_loss":0.0,"gold_gain":99.0,"event_name":"Nest","player_choice":"Stole From Cult","floor":25.0,"gold_loss":0.0,"damage_taken":0.0},{"damage_healed":0.0,"max_hp_gain":0.0,"max_hp_loss":0.0,"gold_gain":0.0,"event_name":"Masked Bandits","player_choice":"Paid Fearfully","floor":29.0,"gold_loss":174.0,"damage_taken":0.0},{"cards_removed":["Strike_P"],"damage_healed":0.0,"max_hp_gain":0.0,"max_hp_loss":0.0,"gold_gain":0.0,"event_name":"Designer","player_choice":"Single Remove","floor":36.0,"gold_loss":60.0,"damage_taken":0.0}],"is_beta":true,"boss_relics":[{"not_picked":["Cursed Key","Snecko Eye"],"picked":"VioletLotus"},{"not_picked":["Coffee Dripper","Velvet Choker"],"picked":"SacredBark"}],"items_purged_floors":[4,13,19,42],"is_endless":false,"potions_floor_spawned":[1,10,14,28,30,31,33,38,41],"ascension_level":12}