{"gold_per_floor":[109,125,125,17,31,31,51,51,121,150,162,162,162,187,187,261,261,276,256,267,267,107,107,18,18,18,50,50,50],"floor_reached":29,"playtime":678,"items_purged":["Strike_G"],"score":498,"play_id":"38be275c-1cae-41d4-b632-66b22fac0317","local_time":"20190817122003","is_ascension_mode":true,"campfire_choices":[{"data":"Neutralize","floor":6.0,"key":"SMITH"},{"data":"Impatience","floor":8.0,"key":"SMITH"},{"data":"Predator","floor":13.0,"key":"SMITH"},{"data":"Masterful Stab","floor":15.0,"key":"SMITH"},{"data":"Well Laid Plans","floor":23.0,"key":"SMITH"},{"data":"Flechettes","floor":25,"key":"SMITH"},{"data":"Well Laid Plans","floor":28,"key":"SMITH"}],"neow_cost":"NONE","seed_source_timestamp":204352379661932,"circlet_count":0,"master_deck":["AscendersBane","Strike_G","Strike_G","Defend_G","Defend_G","Defend_G","Defend_G","Defend_G","Survivor","Neutralize+1","Heel Hook","Masterful Stab+1","Impatience+1","Terror","Predator+1","Prepared+1","Well Laid Plans+1","Flechettes+1","Well Laid Plans+1"],"special_seed":0,"relics":["Ring of the Snake","NeowsBlessing","Dream Catcher","Calipers","Runic Dome","StoneCalendar","Oddly Smooth Stone"],"potions_floor_usage":[],"damage_taken":[{"damage":0.0,"enemies":"Small Slimes","floor":1.0,"turns":1.0},{"damage":0.0,"enemies":"Cultist","floor":2.0,"turns":1.0},{"damage":0.0,"enemies":"2 Louse","floor":5.0,"turns":1.0},{"damage":5.0,"enemies":"Gremlin Gang","floor":7.0,"turns":6.0},{"damage":17.0,"enemies":"3 Sentries","floor":10.0,"turns":9.0},{"damage":0.0,"enemies":"2 Fungi Beasts","floor":11.0,"turns":2.0},{"damage":17.0,"enemies":"Lagavulin","floor":14.0,"turns":7.0},{"damage":10.0,"enemies":"Slime Boss","floor":16.0,"turns":7.0},{"damage":0.0,"enemies":"3 Byrds","floor":18.0,"turns":4.0},{"damage":5.0,"enemies":"Shell Parasite","floor":20.0,"turns":5.0},{"damage":30,"enemies":"Gremlin Leader","floor":27,"turns":7},{"damage":15,"enemies":"Centurion and Healer","floor":29,"turns":2}],"seed_played":"-774453831340508125","potions_obtained":[{"floor":1.0,"key":"SteroidPotion"},{"floor":5.0,"key":"Dexterity Potion"},{"floor":10.0,"key":"Strength Potion"},{"floor":11.0,"key":"FearPotion"},{"floor":18.0,"key":"Dexterity Potion"},{"floor":19.0,"key":"LiquidBronze"}],"is_trial":false,"path_per_floor":["M","M","?","$","M","R","M","R","T","E","M","?","R","E","R","B",null,"M","?","M","?","$","R","$","R","T","E","R","M"],"character_chosen":"THE_SILENT","items_purchased":["Impatience","Well Laid Plans","Flechettes"],"campfire_rested":0,"item_purchase_floors":[4,22,24],"current_hp_per_floor":[59,59,59,59,59,59,54,54,54,37,37,30,30,13,13,3,50,50,50,45,45,45,45,45,45,45,15,15,0],"gold":50,"neow_bonus":"THREE_ENEMY_KILL","is_prod":false,"is_daily":false,"chose_seed":false,"campfire_upgraded":7,"win_rate":0,"timestamp":1566012003,"path_taken":["M","M","?","$","?","R","M","R","T","E","M","?","R","E","R","BOSS","M","?","?","?","$","R","$","R","T","E","R","M"],"build_version":"2019-07-17","purchased_purges":1,"victory":false,"max_hp_per_floor":[66,66,66,66,66,66,66,66,66,66,66,66,66,66,66,66,66,66,66,66,66,66,66,66,66,66,66,66,66],"card_choices":[{"not_picked":["Bane","Prepared"],"picked":"Heel Hook","floor":1.0},{"not_picked":["Blade Dance","Reflex","Underhanded Strike"],"picked":"SKIP","floor":2.0},{"not_picked":["Acrobatics","Finisher"],"picked":"Terror","floor":5.0},{"not_picked":["Noxious Fumes","Flying Knee"],"picked":"Predator","floor":7.0},{"not_picked":["Outmaneuver","Deadly Poison","Flying Knee"],"picked":"SKIP","floor":10.0},{"not_picked":["Slice","Infinite Blades","Bane"],"picked":"SKIP","floor":11.0},{"not_picked":["Leg Sweep","Flying Knee","Expertise"],"picked":"SKIP","floor":14.0},{"not_picked":["Slice","Predator"],"picked":"Prepared","floor":18.0},{"not_picked":["Dagger Spray","Eviscerate","Predator"],"picked":"SKIP","floor":20.0},{"not_picked":["Dash+1","Leg Sweep"],"picked":"Well Laid Plans","floor":27}],"player_experience":914811,"relics_obtained":[{"floor":10.0,"key":"Dream Catcher"},{"floor":14.0,"key":"Calipers"},{"floor":26,"key":"StoneCalendar"},{"floor":27,"key":"Oddly Smooth Stone"}],"event_choices":[{"damage_healed":0.0,"max_hp_gain":0.0,"max_hp_loss":0.0,"gold_gain":0.0,"cards_transformed":["Strike_G"],"event_name":"Transmorgrifier","player_choice":"Transformed","floor":3.0,"gold_loss":0.0,"damage_taken":0.0,"cards_obtained":["Masterful Stab"]},{"cards_removed":["Strike_G"],"damage_healed":0.0,"max_hp_gain":0.0,"max_hp_loss":0.0,"gold_gain":0.0,"event_name":"Golden Wing","player_choice":"Card Removal","floor":12.0,"gold_loss":0.0,"damage_taken":7.0},{"damage_healed":0.0,"max_hp_gain":0.0,"max_hp_loss":0.0,"gold_gain":0.0,"event_name":"The Woman in Blue","player_choice":"Bought 1 Potion","floor":19.0,"gold_loss":0.0,"damage_taken":0.0},{"damage_healed":0.0,"max_hp_gain":0.0,"max_hp_loss":0.0,"gold_gain":0.0,"event_name":"Upgrade Shrine","player_choice":"Upgraded","floor":21.0,"gold_loss":0.0,"damage_taken":0.0,"cards_upgraded":["Prepared"]}],"is_beta":false,"boss_relics":[{"not_picked":["Ectoplasm","Lizard Tail"],"picked":"Runic Dome"}],"items_purged_floors":[22],"is_endless":false,"potions_floor_spawned":[1,5,7,10,11,18],"killed_by":"Centurion and Healer","ascension_level":20}