{"gold_per_floor":[117,117,117,42,42,42,74,86,98,142,154,177,223,160,172,263,275,299,331,243,258,133,164,164],"floor_reached":24,"playtime":999,"items_purged":["Regret","Ball Lightning","Compile Driver"],"score":660,"play_id":"da6cdd0e-f0f6-450b-a8d3-06d577ee7232","local_time":"20190828125132","daily_mods":["SealedDeck"],"is_ascension_mode":true,"campfire_choices":[{"data":"Coolheaded","floor":6.0,"key":"SMITH"},{"data":"Consume","floor":8.0,"key":"SMITH"},{"data":"Turbo","floor":11.0,"key":"SMITH"},{"floor":15.0,"key":"RECALL"}],"neow_cost":"","seed_source_timestamp":0,"circlet_count":0,"master_deck":["AscendersBane","Static Discharge","Consume+1","Gash","Coolheaded+1","Double Energy","Turbo+1","Glacier","Meteor Strike","Loop","Reboot"],"special_seed":0,"relics":["Cracked Core","Mummified Hand","MawBank","StoneCalendar","Dream Catcher","Prayer Wheel","Runic Dome","Smiling Mask"],"potions_floor_usage":[23,23,23,23],"damage_taken":[{"damage":6.0,"enemies":"Small Slimes","floor":1.0,"turns":3.0},{"damage":0.0,"enemies":"Gremlin Nob","floor":7.0,"turns":3.0},{"damage":10.0,"enemies":"3 Sentries","floor":10.0,"turns":7.0},{"damage":0.0,"enemies":"2 Louse","floor":12.0,"turns":2.0},{"damage":0.0,"enemies":"Lagavulin","floor":13.0,"turns":5.0},{"damage":0.0,"enemies":"The Guardian","floor":16.0,"turns":6.0},{"damage":0.0,"enemies":"3 Byrds","floor":18.0,"turns":5.0},{"damage":9.0,"enemies":"2 Thieves","floor":19.0,"turns":3.0},{"damage":0.0,"enemies":"Snecko","floor":21.0,"turns":4.0},{"damage":53,"enemies":"Slavers","floor":23,"turns":7},{"damage":7,"enemies":"Snake Plant","floor":24,"turns":1}],"seed_played":"4634653770740206636","potions_obtained":[{"floor":10.0,"key":"EntropicBrew"},{"floor":12.0,"key":"Swift Potion"},{"floor":18.0,"key":"SpeedPotion"},{"floor":21.0,"key":"Dexterity Potion"},{"floor":23,"key":"SteroidPotion"}],"is_trial":true,"path_per_floor":["M","?","?","$","?","R","E","R","T","E","R","M","E","?","R","B",null,"M","M","$","M","$","E","M"],"character_chosen":"DEFECT","items_purchased":[],"campfire_rested":0,"item_purchase_floors":[],"current_hp_per_floor":[58,58,58,58,71,71,71,71,71,61,61,61,61,61,61,61,69,69,60,60,60,60,7,0],"gold":164,"neow_bonus":"","is_prod":false,"is_daily":false,"chose_seed":false,"campfire_upgraded":3,"win_rate":0,"timestamp":1566967892,"path_taken":["M","?","?","$","?","R","E","R","T","E","R","?","E","?","R","BOSS","M","M","$","M","$","E","M"],"build_version":"2019-08-26","purchased_purges":3,"victory":false,"max_hp_per_floor":[71,71,71,71,71,71,71,71,71,71,71,71,71,71,71,71,71,71,71,71,71,71,71,71],"card_choices":[{"not_picked":["Barrage","Turbo","Beam Cell"],"picked":"SKIP","floor":1.0},{"not_picked":["Sweeping Beam","Stack"],"picked":"Glacier","floor":7.0},{"not_picked":["Steam","Steam Power","Conserve Battery"],"picked":"SKIP","floor":10.0},{"not_picked":["Coolheaded","Steam","Go for the Eyes"],"picked":"SKIP","floor":12.0},{"not_picked":["Rip and Tear","Genetic Algorithm"],"picked":"Meteor Strike","floor":13.0},{"not_picked":["Beam Cell+1","Chaos+1","Compile Driver"],"picked":"SKIP","floor":18.0},{"not_picked":["Coolheaded","Turbo","Sweeping Beam"],"picked":"SKIP","floor":18.0},{"not_picked":["Self Repair","Go for the Eyes"],"picked":"Loop","floor":19.0},{"not_picked":["Sunder","Double Energy","Stack+1"],"picked":"SKIP","floor":19.0},{"not_picked":["Scrape","Cold Snap+1"],"picked":"Reboot","floor":21.0},{"not_picked":["Barrage","Gash","Reprogram"],"picked":"SKIP","floor":21.0},{"not_picked":["Go for the Eyes","Sweeping Beam","Aggregate"],"picked":"SKIP","floor":23}],"player_experience":3116441,"relics_obtained":[{"floor":7.0,"key":"MawBank"},{"floor":9.0,"key":"StoneCalendar"},{"floor":10.0,"key":"Dream Catcher"},{"floor":13.0,"key":"Prayer Wheel"},{"floor":23,"key":"Smiling Mask"}],"event_choices":[{"damage_healed":0.0,"max_hp_gain":0.0,"max_hp_loss":0.0,"gold_gain":0.0,"event_name":"Liars Game","player_choice":"Ignored","floor":2.0,"gold_loss":0.0,"damage_taken":0.0},{"damage_healed":0.0,"max_hp_gain":0.0,"max_hp_loss":0.0,"gold_gain":0.0,"event_name":"Big Fish","player_choice":"Box","floor":3.0,"gold_loss":0.0,"damage_taken":0.0,"relics_obtained":["Mummified Hand"],"cards_obtained":["Regret"]},{"cards_removed":["Lockon"],"damage_healed":13.0,"max_hp_gain":0.0,"max_hp_loss":0.0,"gold_gain":0.0,"event_name":"Bonfire Elementals","player_choice":"Offered Uncommon","floor":5.0,"gold_loss":0.0,"damage_taken":0.0},{"cards_removed":["Conserve Battery"],"damage_healed":0.0,"max_hp_gain":0.0,"max_hp_loss":0.0,"gold_gain":0.0,"event_name":"The Cleric","player_choice":"Card Removal","floor":14.0,"gold_loss":75.0,"damage_taken":0.0}],"is_beta":true,"boss_relics":[{"not_picked":["Eternal Feather","Fusion Hammer"],"picked":"Runic Dome"}],"items_purged_floors":[4,20,22],"is_endless":false,"potions_floor_spawned":[10,12,13,18,21,23],"killed_by":"Snake Plant","ascension_level":20}