{"gold_per_floor":[113,113,127,138,63,96,96,114,140,172,172,200,218,232,232,306,306,326,326,241,241,259,314,342,382,394,424,448,460,472,512,524,610,622,654,421,421,434,309,338,350,379,379,379,397,422,477,488,488,488,488,488,488,52,79,79],"floor_reached":57,"playtime":3730,"items_purged":["Shrug It Off","Pummel","True Grit","Shrug It Off"],"score":3819,"play_id":"10fe1bf0-0ce7-47f0-9d0c-8886353d4b97","local_time":"20190831150212","daily_mods":["SealedDeck"],"is_ascension_mode":true,"campfire_choices":[{"data":"Armaments","floor":7.0,"key":"SMITH"},{"data":"Evolve","floor":11.0,"key":"SMITH"},{"data":"Body Slam","floor":15.0,"key":"SMITH"},{"data":"Battle Trance","floor":29.0,"key":"SMITH"},{"floor":32.0,"key":"RECALL"},{"data":"Burning Pact","floor":44.0,"key":"SMITH"},{"data":"Feel No Pain","floor":49.0,"key":"SMITH"},{"data":"Rage","floor":53,"key":"SMITH"}],"neow_cost":"","seed_source_timestamp":1383293608966800,"circlet_count":0,"master_deck":["AscendersBane","Warcry","Evolve+1","Rage+1","Armaments+1","Feel No Pain+1","Body Slam+1","Second Wind","Battle Trance+1","Reckless Charge","Burning Pact+1","Finesse","Shockwave"],"special_seed":0,"relics":["Burning Blood","Ancient Tea Set","Dream Catcher","Darkstone Periapt","Black Star","Strawberry","MawBank","Tiny Chest","Bronze Scales","PreservedInsect","StoneCalendar","Blue Candle","Bottled Tornado","Runic Dome","Mummified Hand","Ornamental Fan","Bottled Lightning","Ginger","Singing Bowl","Paper Frog","Oddly Smooth Stone","Pen Nib","Art of War","Orichalcum"],"potions_floor_usage":[56,56],"damage_taken":[{"damage":7.0,"enemies":"Small Slimes","floor":1.0,"turns":4.0},{"damage":0.0,"enemies":"Cultist","floor":3.0,"turns":4.0},{"damage":0.0,"enemies":"Jaw Worm","floor":4.0,"turns":4.0},{"damage":0.0,"enemies":"Lagavulin","floor":6.0,"turns":9.0},{"damage":5.0,"enemies":"Looter","floor":8.0,"turns":2.0},{"damage":6.0,"enemies":"3 Sentries","floor":10.0,"turns":7.0},{"damage":0.0,"enemies":"Lagavulin","floor":12.0,"turns":7.0},{"damage":4.0,"enemies":"Exordium Wildlife","floor":13.0,"turns":7.0},{"damage":18.0,"enemies":"Lots of Slimes","floor":14.0,"turns":6.0},{"damage":0.0,"enemies":"The Guardian","floor":16.0,"turns":11.0},{"damage":2.0,"enemies":"Spheric Guardian","floor":18.0,"turns":6.0},{"damage":0.0,"enemies":"Shell Parasite","floor":22.0,"turns":4.0},{"damage":0.0,"enemies":"Gremlin Leader","floor":23.0,"turns":7.0},{"damage":0.0,"enemies":"Cultist and Chosen","floor":24.0,"turns":5.0},{"damage":0.0,"enemies":"Book of Stabbing","floor":25.0,"turns":7.0},{"damage":10.0,"enemies":"Snake Plant","floor":27.0,"turns":5.0},{"damage":48.0,"enemies":"Snecko","floor":28.0,"turns":7.0},{"damage":0.0,"enemies":"Gremlin Leader","floor":31.0,"turns":3.0},{"damage":0.0,"enemies":"Collector","floor":33.0,"turns":8.0},{"damage":2.0,"enemies":"3 Shapes","floor":35.0,"turns":4.0},{"damage":1.0,"enemies":"Orb Walker","floor":38.0,"turns":4.0},{"damage":5.0,"enemies":"Nemesis","floor":40.0,"turns":5.0},{"damage":8.0,"enemies":"Writhing Mass","floor":41.0,"turns":3.0},{"damage":0.0,"enemies":"Giant Head","floor":42.0,"turns":3.0},{"damage":0.0,"enemies":"4 Shapes","floor":45.0,"turns":3.0},{"damage":0.0,"enemies":"Nemesis","floor":46.0,"turns":3.0},{"damage":0.0,"enemies":"Maw","floor":48.0,"turns":4.0},{"damage":0.0,"enemies":"Awakened One","floor":50.0,"turns":6.0},{"damage":11,"enemies":"Time Eater","floor":51,"turns":8},{"damage":0,"enemies":"Shield and Spear","floor":55,"turns":3},{"damage":43,"enemies":"The Heart","floor":56,"turns":7}],"seed_played":"6425393220002285604","potions_obtained":[{"floor":1.0,"key":"SpeedPotion"},{"floor":12.0,"key":"Energy Potion"},{"floor":13.0,"key":"Strength Potion"},{"floor":16.0,"key":"PowerPotion"},{"floor":18.0,"key":"Dexterity Potion"},{"floor":22.0,"key":"GamblersBrew"},{"floor":27.0,"key":"PowerPotion"},{"floor":31.0,"key":"SpeedPotion"},{"floor":33.0,"key":"SkillPotion"},{"floor":38.0,"key":"BloodPotion"},{"floor":41.0,"key":"Block Potion"},{"floor":42.0,"key":"SkillPotion"}],"is_trial":true,"path_per_floor":["M","?","M","M","$","E","R","M","T","E","R","E","M","M","R","B",null,"M","?","?","?","M","E","M","E","T","M","M","R","?","E","R","B",null,"M","$","?","M","$","E","M","E","T","R","M","E","T","M","R","B","B",null,"R","$","E","B",null],"character_chosen":"IRONCLAD","items_purchased":["Burning Pact","Finesse","Dexterity Potion","Pen Nib","Shockwave"],"campfire_rested":0,"item_purchase_floors":[36,36,54,54,54],"current_hp_per_floor":[67,67,73,75,75,75,75,75,75,75,75,75,75,63,63,69,74,75,54,61,61,67,73,79,85,85,81,39,39,39,45,45,51,78,82,82,82,87,87,87,85,87,87,87,89,91,91,93,93,93,88,92,92,92,95,58],"gold":79,"neow_bonus":"","is_prod":false,"is_daily":false,"chose_seed":false,"campfire_upgraded":7,"win_rate":0,"timestamp":1567234932,"path_taken":["M","?","M","?","$","E","R","M","T","E","R","E","?","M","R","BOSS","M","?","?","?","?","E","M","E","T","M","M","R","?","E","R","BOSS","M","$","?","?","$","E","M","E","T","R","?","E","?","M","R","BOSS","BOSS","R","$","E","BOSS"],"build_version":"2019-08-26","purchased_purges":4,"victory":true,"max_hp_per_floor":[75,75,75,75,75,75,75,75,75,75,75,75,75,75,75,75,75,75,80,87,87,87,87,87,87,87,87,87,87,87,87,87,87,87,87,87,87,87,87,87,87,87,87,87,89,91,91,93,93,93,93,93,93,93,95,95],"card_choices":[{"not_picked":["Cleave","Fire Breathing"],"picked":"Body Slam","floor":1.0},{"not_picked":["Twin Strike","Uppercut","Bloodletting"],"picked":"SKIP","floor":3.0},{"not_picked":["Flex","Sword Boomerang","Rupture"],"picked":"SKIP","floor":4.0},{"not_picked":["Uppercut","Exhume","Headbutt"],"picked":"SKIP","floor":6.0},{"not_picked":["Clothesline","Shrug It Off"],"picked":"Second Wind","floor":8.0},{"not_picked":["Anger","Shockwave","Metallicize"],"picked":"SKIP","floor":10.0},{"not_picked":["Havoc","Clash","Entrench"],"picked":"SKIP","floor":12.0},{"not_picked":["Clothesline","Whirlwind","Sever Soul"],"picked":"SKIP","floor":13.0},{"not_picked":["Heavy Blade","Offering"],"picked":"True Grit","floor":14.0},{"not_picked":["Heavy Blade","Carnage"],"picked":"Battle Trance","floor":18.0},{"not_picked":["Ghostly Armor","Pommel Strike","Uppercut"],"picked":"SKIP","floor":22.0},{"not_picked":["Cleave","Pommel Strike","Rage"],"picked":"SKIP","floor":23.0},{"not_picked":["Havoc","Iron Wave","Bloodletting"],"picked":"SKIP","floor":24.0},{"not_picked":["Body Slam","Anger","Fire Breathing"],"picked":"SKIP","floor":25.0},{"not_picked":["Sever Soul","Whirlwind+1","Flame Barrier"],"picked":"SKIP","floor":27.0},{"not_picked":["Cleave","Rupture","Pommel Strike"],"picked":"SKIP","floor":28.0},{"not_picked":["Shrug It Off","Pommel Strike","Dual Wield"],"picked":"SKIP","floor":31.0},{"not_picked":["Anger+1","Wild Strike+1","Disarm"],"picked":"SKIP","floor":35.0},{"not_picked":["Iron Wave","Havoc+1","Ghostly Armor"],"picked":"SKIP","floor":38.0},{"not_picked":["Twin Strike","Sever Soul","Rupture"],"picked":"SKIP","floor":40.0},{"not_picked":["Cleave","Heavy Blade+1","Rage"],"picked":"SKIP","floor":41.0},{"not_picked":["Bloodletting+1","Clash+1","Flex"],"picked":"SKIP","floor":42.0},{"not_picked":["Thunderclap+1","Warcry","Armaments+1"],"picked":"Singing Bowl","floor":45.0},{"not_picked":["Dual Wield","Evolve+1","Anger"],"picked":"Singing Bowl","floor":46.0},{"not_picked":["Rage","Pommel Strike","Thunderclap+1"],"picked":"Singing Bowl","floor":48.0},{"not_picked":["Armaments","Anger+1","Twin Strike"],"picked":"Singing Bowl","floor":55}],"player_experience":3141049,"relics_obtained":[{"floor":6.0,"key":"Ancient Tea Set"},{"floor":10.0,"key":"Dream Catcher"},{"floor":12.0,"key":"Darkstone Periapt"},{"floor":23.0,"key":"MawBank"},{"floor":23.0,"key":"Tiny Chest"},{"floor":25.0,"key":"Bronze Scales"},{"floor":25.0,"key":"PreservedInsect"},{"floor":26.0,"key":"StoneCalendar"},{"floor":31.0,"key":"Blue Candle"},{"floor":31.0,"key":"Bottled Tornado"},{"floor":40.0,"key":"Mummified Hand"},{"floor":40.0,"key":"Ornamental Fan"},{"floor":42.0,"key":"Bottled Lightning"},{"floor":42.0,"key":"Ginger"},{"floor":43.0,"key":"Singing Bowl"},{"floor":46.0,"key":"Paper Frog"},{"floor":47.0,"key":"Oddly Smooth Stone"},{"floor":55,"key":"Art of War"},{"floor":55,"key":"Orichalcum"}],"event_choices":[{"cards_removed":["Cleave"],"damage_healed":0.0,"max_hp_gain":0.0,"max_hp_loss":0.0,"gold_gain":0.0,"event_name":"Purifier","player_choice":"Purged","floor":2.0,"gold_loss":0.0,"damage_taken":0.0},{"damage_healed":0.0,"max_hp_gain":5.0,"max_hp_loss":0.0,"gold_gain":0.0,"event_name":"Forgotten Altar","player_choice":"Shed Blood","floor":19.0,"gold_loss":0.0,"damage_taken":26.0},{"damage_healed":0.0,"max_hp_gain":0.0,"max_hp_loss":0.0,"gold_gain":0.0,"event_name":"Addict","player_choice":"Obtained Relic","floor":20.0,"gold_loss":85.0,"damage_taken":0.0,"relics_obtained":["Strawberry"]},{"damage_healed":0.0,"max_hp_gain":0.0,"max_hp_loss":0.0,"gold_gain":0.0,"event_name":"The Library","player_choice":"Read","floor":21.0,"gold_loss":0.0,"damage_taken":0.0,"cards_obtained":["Reckless Charge"]},{"cards_removed":["Inflame"],"damage_healed":0.0,"max_hp_gain":0.0,"max_hp_loss":0.0,"gold_gain":0.0,"event_name":"Back to Basics","player_choice":"Elegance","floor":30.0,"gold_loss":0.0,"damage_taken":0.0},{"damage_healed":0.0,"max_hp_gain":0.0,"max_hp_loss":0.0,"gold_gain":0.0,"event_name":"Match and Keep!","player_choice":"0 cards matched","floor":37.0,"gold_loss":0.0,"damage_taken":0.0,"cards_obtained":[]}],"is_beta":true,"boss_relics":[{"not_picked":["Fusion Hammer","Eternal Feather"],"picked":"Black Star"},{"not_picked":["Busted Crown","Orrery"],"picked":"Runic Dome"}],"items_purged_floors":[5,36,39,54],"is_endless":false,"potions_floor_spawned":[1,12,13,16,18,22,27,31,33,38,41,42,45,46],"ascension_level":20}