{"gold_per_floor":[116,116,128,128,141,141,173,198,198,212,212,226,77,89,89,193,193,213,232,250,128,128,128,143,143,143,143,143,168,188,188,188,188],"floor_reached":33,"playtime":4621,"items_purged":[],"score":267,"play_id":"44d2f467-02e0-493d-a358-7e2ea2782e76","local_time":"20181225125514","is_ascension_mode":false,"campfire_choices":[{"data":"Bash","floor":6,"key":"SMITH"},{"floor":11,"key":"REST"},{"floor":15,"key":"REST"},{"floor":23,"key":"REST"},{"floor":25,"key":"REST"},{"data":"Whirlwind","floor":27,"key":"SMITH"},{"floor":32,"key":"REST"}],"neow_cost":"","seed_source_timestamp":143813320557450,"circlet_count":0,"master_deck":["Strike_R","Strike_R","Strike_R","Strike_R","Strike_R","Defend_R","Defend_R","Defend_R","Defend_R","Bash+1","Sword Boomerang","Ghostly Armor","Thunderclap","Armaments","Shrug It Off","Rage","Battle Trance","Carnage+1","Impervious+1","Cleave+1","Sword Boomerang","Pommel Strike+1","Cleave+1","Whirlwind+1","Panacea","Sword Boomerang+1","Whirlwind","Shockwave"],"relics":["Burning Blood","Vajra","Bag of Marbles","Potion Belt","Astrolabe","Lantern","MutagenicStrength","Bottled Flame","Question Card"],"potions_floor_usage":[7,12,16,33],"damage_taken":[{"damage":15,"enemies":"Jaw Worm","floor":1,"turns":4},{"damage":5,"enemies":"2 Louse","floor":3,"turns":3},{"damage":7,"enemies":"Small Slimes","floor":5,"turns":5},{"damage":52,"enemies":"Gremlin Nob","floor":7,"turns":6},{"damage":11,"enemies":"Exordium Wildlife","floor":10,"turns":4},{"damage":0,"enemies":"Blue Slaver","floor":12,"turns":1},{"damage":1,"enemies":"2 Fungi Beasts","floor":14,"turns":3},{"damage":46,"enemies":"The Guardian","floor":16,"turns":11},{"damage":23,"enemies":"2 Thieves","floor":18,"turns":5},{"damage":10,"enemies":"Chosen","floor":19,"turns":3},{"damage":30,"enemies":"Centurion and Healer","floor":20,"turns":7},{"damage":18,"enemies":"3 Cultists","floor":24,"turns":5},{"damage":31,"enemies":"Book of Stabbing","floor":29,"turns":5},{"damage":0,"enemies":"Snake Plant","floor":30,"turns":2},{"damage":110,"enemies":"Champ","floor":33,"turns":13}],"seed_played":"519717817694479780","potions_obtained":[{"floor":3,"key":"Fruit Juice"},{"floor":10,"key":"Strength Potion"},{"floor":14,"key":"Energy Potion"},{"floor":18,"key":"PowerPotion"},{"floor":19,"key":"SpeedPotion"},{"floor":24,"key":"FearPotion"},{"floor":29,"key":"SteroidPotion"}],"is_trial":false,"path_per_floor":["M","?","M","?","M","R","E","T","T","M","R","M","$","M","R","B",null,"M","M","M","$","?","R","M","R","T","R","?","E","M","T","R","B"],"character_chosen":"IRONCLAD","items_purchased":["Rage","Uppercut","Whirlwind","Panacea"],"campfire_rested":5,"item_purchase_floors":[13,13,21,21],"current_hp_per_floor":[71,71,72,77,76,76,35,35,35,30,57,63,63,68,90,50,90,73,69,45,45,45,72,60,87,87,87,87,62,68,68,90,0],"gold":188,"neow_bonus":"","is_prod":false,"is_daily":false,"chose_seed":false,"campfire_upgraded":2,"win_rate":0.0,"timestamp":1545771314,"path_taken":["M","?","M","?","M","R","E","?","T","M","R","M","?","M","R","BOSS","M","M","M","$","?","R","M","R","T","R","?","E","M","?","R","BOSS"],"build_version":"2018-12-20","purchased_purges":0,"victory":false,"max_hp_per_floor":[80,80,80,85,85,85,90,90,90,90,90,90,90,90,90,90,90,90,90,90,90,90,90,90,90,90,90,90,90,90,90,90,90],"card_choices":[{"not_picked":["Armaments","Hemokinesis"],"picked":"Sword Boomerang","floor":1},{"not_picked":["Dual Wield","Warcry"],"picked":"Ghostly Armor","floor":3},{"not_picked":["Iron Wave","Body Slam"],"picked":"Thunderclap","floor":5},{"not_picked":["Shrug It Off","Thunderclap"],"picked":"Bludgeon","floor":7},{"not_picked":["Offering","Bloodletting"],"picked":"Armaments","floor":10},{"not_picked":["Hemokinesis","Blood for Blood"],"picked":"Shrug It Off","floor":12},{"not_picked":["Twin Strike","Pummel"],"picked":"Battle Trance","floor":14},{"not_picked":["Double Tap","Juggernaut"],"picked":"Feed","floor":16},{"not_picked":["Flex","Reckless Charge"],"picked":"Sword Boomerang","floor":18},{"not_picked":["Clash","Perfected Strike"],"picked":"Pommel Strike+1","floor":19},{"not_picked":["Twin Strike","Juggernaut"],"picked":"Cleave+1","floor":20},{"not_picked":["Body Slam","Warcry"],"picked":"Sword Boomerang+1","floor":24},{"not_picked":["Armaments","Feed"],"picked":"Whirlwind","floor":29},{"not_picked":["Body Slam","Clash+1"],"picked":"Shockwave","floor":30}],"player_experience":0,"relics_obtained":[{"floor":7,"key":"Vajra"},{"floor":8,"key":"Bag of Marbles"},{"floor":9,"key":"Potion Belt"},{"floor":26,"key":"Lantern"},{"floor":29,"key":"Bottled Flame"},{"floor":31,"key":"Question Card"}],"event_choices":[{"damage_healed":0,"gold_gain":0,"player_choice":"Leave","damage_taken":0,"max_hp_gain":0,"max_hp_loss":0,"event_name":"The Cleric","floor":2,"gold_loss":0},{"damage_healed":0,"gold_gain":0,"player_choice":"Donut","damage_taken":0,"max_hp_gain":5,"max_hp_loss":0,"event_name":"Big Fish","floor":4,"gold_loss":0},{"damage_healed":0,"gold_gain":0,"player_choice":"Ignored","damage_taken":0,"max_hp_gain":0,"max_hp_loss":0,"event_name":"The Mausoleum","floor":22,"gold_loss":0},{"damage_healed":0,"gold_gain":0,"player_choice":"Inject Mutagens","damage_taken":0,"relics_obtained":["MutagenicStrength"],"max_hp_gain":0,"max_hp_loss":0,"event_name":"Drug Dealer","floor":28,"gold_loss":0}],"is_beta":false,"boss_relics":[{"not_picked":["White Beast Statue","Runic Pyramid"],"picked":"Astrolabe"}],"items_purged_floors":[],"is_endless":false,"potions_floor_spawned":[3,10,14,18,19,24,29],"killed_by":"Champ","ascension_level":0}