{"gold_per_floor":[119,119,133,147,60,60,71,98,98,98,132,132,154,170,170,170],"floor_reached":16,"playtime":501,"items_purged":[],"score":220,"play_id":"96ae4873-8217-4264-985f-b177955ac6d4","local_time":"20190918215624","is_ascension_mode":true,"campfire_choices":[{"data":"Reckless Charge","floor":6.0,"key":"SMITH"},{"floor":10.0,"key":"REST"},{"data":"Armaments","floor":15.0,"key":"SMITH"}],"neow_cost":"TEN_PERCENT_HP_LOSS","seed_source_timestamp":706203683466396,"circlet_count":0,"master_deck":["AscendersBane","Strike_R","Strike_R","Defend_R","Defend_R","Defend_R","Defend_R+1","Bash","Warcry","Pummel","Power Through","Reckless Charge+1","Second Wind","Spot Weakness","Body Slam+1","Battle Trance","Burning Pact","Armaments+1"],"special_seed":0,"relics":["Burning Blood","Dodecahedron","Sundial","Matryoshka","Odd Mushroom"],"potions_floor_usage":[16],"damage_taken":[{"damage":1.0,"enemies":"Cultist","floor":1.0,"turns":3.0},{"damage":21.0,"enemies":"Jaw Worm","floor":3.0,"turns":5.0},{"damage":4.0,"enemies":"Small Slimes","floor":4.0,"turns":3.0},{"damage":10.0,"enemies":"3 Louse","floor":7.0,"turns":4.0},{"damage":34.0,"enemies":"Lagavulin","floor":8.0,"turns":9.0},{"damage":25.0,"enemies":"3 Sentries","floor":11.0,"turns":9.0},{"damage":2.0,"enemies":"The Mushroom Lair","floor":13.0,"turns":4.0},{"damage":0.0,"enemies":"Looter","floor":14.0,"turns":2.0},{"damage":15,"enemies":"Slime Boss","floor":16,"turns":8}],"seed_played":"-6170932510973378878","potions_obtained":[{"floor":3.0,"key":"Dexterity Potion"},{"floor":4.0,"key":"Block Potion"},{"floor":8.0,"key":"Strength Potion"},{"floor":11.0,"key":"BloodPotion"},{"floor":14.0,"key":"Weak Potion"}],"is_trial":false,"path_per_floor":["M","?","M","M","$","R","M","E","T","R","E","?","?","M","R","B"],"character_chosen":"IRONCLAD","items_purchased":["Spot Weakness"],"campfire_rested":1,"item_purchase_floors":[5],"current_hp_per_floor":[68,61,46,48,48,48,44,16,16,36,17,14,18,24,24,9],"gold":170,"neow_bonus":"TRANSFORM_TWO_CARDS","is_prod":false,"is_daily":false,"chose_seed":false,"campfire_upgraded":2,"win_rate":0,"timestamp":1568814984,"path_taken":["M","?","M","M","$","R","M","E","T","R","E","?","?","M","R","BOSS"],"build_version":"2019-09-17","purchased_purges":0,"victory":false,"max_hp_per_floor":[68,68,68,68,68,68,68,68,68,68,68,68,68,68,68,68],"card_choices":[{"not_picked":["Twin Strike","Sword Boomerang"],"picked":"Power Through","floor":1.0},{"not_picked":["Wild Strike","Sword Boomerang"],"picked":"Reckless Charge","floor":3.0},{"not_picked":["Bloodletting","Evolve"],"picked":"Second Wind","floor":4.0},{"not_picked":["Sever Soul","Cleave"],"picked":"Body Slam","floor":7.0},{"not_picked":["Fire Breathing","Entrench"],"picked":"Battle Trance","floor":8.0},{"not_picked":["Clothesline","Rupture"],"picked":"Burning Pact","floor":11.0},{"not_picked":["Perfected Strike","Burning Pact"],"picked":"Armaments","floor":13.0},{"not_picked":["Havoc","Twin Strike","Cleave"],"picked":"SKIP","floor":14.0}],"player_experience":846532,"relics_obtained":[{"floor":8.0,"key":"Dodecahedron"},{"floor":9.0,"key":"Sundial"},{"floor":11.0,"key":"Matryoshka"},{"floor":13.0,"key":"Odd Mushroom"}],"event_choices":[{"cards_removed":["Strike_R"],"damage_healed":0.0,"max_hp_gain":0.0,"max_hp_loss":0.0,"gold_gain":0.0,"event_name":"Golden Wing","player_choice":"Card Removal","floor":2.0,"gold_loss":0.0,"damage_taken":7.0},{"damage_healed":0.0,"max_hp_gain":0.0,"max_hp_loss":0.0,"gold_gain":0.0,"event_name":"Shining Light","player_choice":"Entered Light","floor":12.0,"gold_loss":0.0,"damage_taken":20.0,"cards_upgraded":["Defend_R","Body Slam"]},{"damage_healed":0.0,"max_hp_gain":0.0,"max_hp_loss":0.0,"gold_gain":0.0,"event_name":"Mushrooms","player_choice":"Fought Mushrooms","floor":13.0,"gold_loss":0.0,"damage_taken":0.0}],"is_beta":true,"boss_relics":[],"items_purged_floors":[],"is_endless":false,"potions_floor_spawned":[3,4,8,11,14],"killed_by":"Slime Boss","ascension_level":20}