{"gold_per_floor":[116,216,236,249,259,293,293,293,320,339,313,326,343,0,0,74,74,84,84,97,108,118,118,118,118,145,156,156,206,224,224],"floor_reached":31,"playtime":6465,"items_purged":["Strike_B"],"score":542,"play_id":"f5e1ca69-90da-4df0-b7bc-890018ea275f","local_time":"20190203040007","is_ascension_mode":true,"campfire_choices":[{"data":"Creative AI","floor":7.0,"key":"SMITH"},{"data":"White Noise","floor":15.0,"key":"SMITH"},{"floor":23.0,"key":"REST"},{"floor":25.0,"key":"REST"}],"neow_cost":"NONE","seed_source_timestamp":0,"circlet_count":0,"master_deck":["AscendersBane","Strike_B","Strike_B","Strike_B","Defend_B","Defend_B","Defend_B","Defend_B","Zap","Dualcast","Creative AI+1","White Noise+1","Loop","Cold Snap","Heatsinks","Reinforced Body","Conserve Battery","Hologram","Machine Learning","Loop","Tempest","Storm","Turbo"],"special_seed":0,"relics":["Cracked Core","Regal Pillow","DataDisk","Symbiotic Virus","Sozu","Strawberry"],"potions_floor_usage":[],"damage_taken":[{"damage":7.0,"enemies":"Cultist","floor":1.0,"turns":4.0},{"damage":12.0,"enemies":"Small Slimes","floor":3.0,"turns":3.0},{"damage":4.0,"enemies":"Jaw Worm","floor":4.0,"turns":5.0},{"damage":0.0,"enemies":"Large Slime","floor":5.0,"turns":3.0},{"damage":19.0,"enemies":"3 Sentries","floor":6.0,"turns":7.0},{"damage":1.0,"enemies":"2 Fungi Beasts","floor":10.0,"turns":3.0},{"damage":1.0,"enemies":"Exordium Thugs","floor":11.0,"turns":4.0},{"damage":0.0,"enemies":"Large Slime","floor":12.0,"turns":6.0},{"damage":13.0,"enemies":"Red Slaver","floor":13.0,"turns":4.0},{"damage":0.0,"enemies":"Hexaghost","floor":16.0,"turns":8.0},{"damage":1.0,"enemies":"2 Thieves","floor":18.0,"turns":4.0},{"damage":13.0,"enemies":"Spheric Guardian","floor":20.0,"turns":4.0},{"damage":16.0,"enemies":"Centurion and Healer","floor":21.0,"turns":8.0},{"damage":24.0,"enemies":"Snake Plant","floor":22.0,"turns":4.0},{"damage":19.0,"enemies":"3 Cultists","floor":27.0,"turns":4.0},{"damage":13,"enemies":"Snecko","floor":30,"turns":5},{"damage":51,"enemies":"Slavers","floor":31,"turns":3}],"seed_played":"-8786164863249073811","potions_obtained":[{"floor":1.0,"key":"Fire Potion"},{"floor":3.0,"key":"PowerPotion"},{"floor":10.0,"key":"SpeedPotion"},{"floor":11.0,"key":"Swift Potion"},{"floor":13.0,"key":"EssenceOfSteel"}],"is_trial":false,"path_per_floor":["M","?","M","M","M","E","R","?","T","M","M","M","M","$","R","B",null,"M","?","M","M","M","R","?","R","T","M","?","?","M","E"],"character_chosen":"DEFECT","items_purchased":["Symbiotic Virus"],"campfire_rested":2,"item_purchase_floors":[14],"current_hp_per_floor":[57,57,45,41,41,22,22,22,22,21,20,20,7,7,7,7,55,54,54,41,25,1,37,37,71,78,59,59,59,46,0],"gold":224,"neow_bonus":"ONE_RANDOM_RARE_CARD","is_prod":false,"is_daily":false,"chose_seed":false,"campfire_upgraded":2,"win_rate":0,"timestamp":1549162807,"path_taken":["M","?","?","M","M","E","R","?","T","M","M","M","M","?","R","BOSS","M","?","M","M","M","R","?","R","T","?","?","?","?","E"],"build_version":"2019-01-17v2","purchased_purges":1,"victory":false,"max_hp_per_floor":[71,71,71,71,71,71,71,71,71,71,71,71,71,71,71,71,71,71,71,71,71,71,71,71,71,78,78,78,78,78,78],"card_choices":[{"not_picked":["Blizzard","Undo"],"picked":"White Noise","floor":1.0},{"not_picked":["Streamline","Fusion"],"picked":"Loop","floor":3.0},{"not_picked":["Undo","Redo","Stack"],"picked":"SKIP","floor":4.0},{"not_picked":["Electrodynamics","Streamline"],"picked":"Cold Snap","floor":5.0},{"not_picked":["Rebound","Reinforced Body"],"picked":"Heatsinks","floor":6.0},{"not_picked":["Tempest","Coolheaded"],"picked":"Reinforced Body","floor":10.0},{"not_picked":["Stack","Blizzard","Aggregate"],"picked":"SKIP","floor":11.0},{"not_picked":["Compile Driver","Beam Cell"],"picked":"Conserve Battery","floor":12.0},{"not_picked":["Stack","Genetic Algorithm"],"picked":"Hologram","floor":13.0},{"not_picked":["Reboot","Meteor Strike"],"picked":"Machine Learning","floor":16.0},{"not_picked":["Gash","Melter","Aggregate"],"picked":"SKIP","floor":18.0},{"not_picked":["Skim","Barrage"],"picked":"Tempest","floor":20.0},{"not_picked":["Turbo","Hello World"],"picked":"Storm","floor":21.0},{"not_picked":["Skim","Ball Lightning"],"picked":"Turbo","floor":22.0},{"not_picked":["Hologram","Ball Lightning+1","Stack"],"picked":"SKIP","floor":27.0},{"not_picked":["Cold Snap","Gash","Fission"],"picked":"SKIP","floor":30}],"player_experience":1256526,"relics_obtained":[{"floor":6.0,"key":"Regal Pillow"},{"floor":9.0,"key":"DataDisk"},{"floor":26.0,"key":"Strawberry"}],"event_choices":[{"damage_healed":0.0,"max_hp_gain":0.0,"max_hp_loss":0.0,"gold_gain":100.0,"event_name":"Wheel of Change","player_choice":"Gold","floor":2.0,"gold_loss":0.0,"damage_taken":0.0},{"damage_healed":0.0,"max_hp_gain":0.0,"max_hp_loss":0.0,"gold_gain":0.0,"event_name":"Scrap Ooze","player_choice":"Fled","floor":8.0,"gold_loss":0.0,"damage_taken":0.0},{"damage_healed":0.0,"max_hp_gain":0.0,"max_hp_loss":0.0,"gold_gain":0.0,"event_name":"The Library","player_choice":"Read","floor":19.0,"gold_loss":0.0,"damage_taken":0.0,"cards_obtained":["Loop"]},{"damage_healed":0.0,"max_hp_gain":0.0,"max_hp_loss":0.0,"gold_gain":0.0,"event_name":"Vampires","player_choice":"Ignored","floor":24.0,"gold_loss":0.0,"damage_taken":0.0},{"damage_healed":0.0,"max_hp_gain":0.0,"max_hp_loss":0.0,"gold_gain":0.0,"event_name":"Cursed Tome","player_choice":"Ignored","floor":28.0,"gold_loss":0.0,"damage_taken":0.0},{"damage_healed":0.0,"max_hp_gain":0.0,"max_hp_loss":0.0,"gold_gain":100.0,"event_name":"The Joust","player_choice":"Bet on Murderer","floor":29.0,"gold_loss":50.0,"damage_taken":0.0}],"is_beta":false,"boss_relics":[{"not_picked":["Busted Crown","Coffee Dripper"],"picked":"Sozu"}],"items_purged_floors":[14],"is_endless":false,"potions_floor_spawned":[1,3,10,11,13,20,21,27],"killed_by":"Slavers","ascension_level":17}