{"gold_per_floor":[16,16,33,48,58,84,14,44,44,54,87,37,37,51,51,150,200,212,227,152,162,121,132,132,160,210,210,224,249,249,267,267,267],"floor_reached":33,"playtime":2528,"items_purged":["Decay"],"score":309,"play_id":"31cbda93-ea55-463d-be2d-935feea19723","local_time":"20190918031055","is_ascension_mode":false,"campfire_choices":[{"data":"Inflame","floor":15,"key":"SMITH"},{"data":"Sword Boomerang","floor":24,"key":"SMITH"},{"floor":27,"key":"REST"},{"floor":30,"key":"REST"},{"floor":32,"key":"REST"}],"neow_cost":"NO_GOLD","seed_source_timestamp":1848927036688800,"circlet_count":0,"master_deck":["Strike_R","Strike_R","Strike_R","Strike_R","Defend_R","Defend_R","Defend_R","Defend_R","Bash","Headbutt","Cleave","Inflame+1","Shrug It Off","Combust","Sword Boomerang+1","Shrug It Off","Pommel Strike","Demon Form+1","Heavy Blade","Blood for Blood+1","Spot Weakness","Heavy Blade","Armaments+1","Limit Break"],"relics":["Burning Blood","FossilizedHelix","Bag of Preparation","Paper Frog","Darkstone Periapt","Shuriken","Tiny House","PreservedInsect","Bronze Scales","Sundial"],"potions_floor_usage":[6,16,16,16,25,29,33,33],"damage_taken":[{"damage":0,"enemies":"Small Slimes","floor":1,"turns":4},{"damage":0,"enemies":"Cultist","floor":3,"turns":3},{"damage":1,"enemies":"2 Louse","floor":4,"turns":3},{"damage":7,"enemies":"Exordium Thugs","floor":5,"turns":4},{"damage":31,"enemies":"3 Sentries","floor":6,"turns":7},{"damage":5,"enemies":"Gremlin Nob","floor":8,"turns":5},{"damage":11,"enemies":"Large Slime","floor":10,"turns":5},{"damage":21,"enemies":"3 Sentries","floor":11,"turns":4},{"damage":5,"enemies":"2 Fungi Beasts","floor":14,"turns":4},{"damage":62,"enemies":"The Guardian","floor":16,"turns":11},{"damage":20,"enemies":"3 Byrds","floor":18,"turns":4},{"damage":43,"enemies":"Shell Parasite","floor":19,"turns":9},{"damage":0,"enemies":"Snecko","floor":21,"turns":4},{"damage":4,"enemies":"Cultist and Chosen","floor":23,"turns":4},{"damage":30,"enemies":"Gremlin Leader","floor":25,"turns":7},{"damage":14,"enemies":"Snake Plant","floor":28,"turns":4},{"damage":27,"enemies":"Book of Stabbing","floor":29,"turns":4},{"damage":32,"enemies":"Shelled Parasite and Fungi","floor":31,"turns":4},{"damage":79,"enemies":"Automaton","floor":33,"turns":6}],"seed_played":"1690521923642365959","potions_obtained":[{"floor":2,"key":"Swift Potion"},{"floor":2,"key":"GamblersBrew"},{"floor":2,"key":"FairyPotion"},{"floor":3,"key":"SteroidPotion"},{"floor":5,"key":"BloodPotion"},{"floor":10,"key":"SpeedPotion"},{"floor":16,"key":"Ancient Potion"},{"floor":17,"key":"FairyPotion"},{"floor":21,"key":"Fire Potion"},{"floor":23,"key":"Weak Potion"},{"floor":25,"key":"Swift Potion"}],"is_trial":false,"path_per_floor":["M","?","M","M","M","E","$","E","T","M","E","?","?","M","R","B",null,"M","M","$","M","$","M","R","E","T","R","M","E","R","M","R","B"],"character_chosen":"IRONCLAD","items_purchased":["Combust","Spot Weakness"],"campfire_rested":3,"item_purchase_floors":[7,22],"current_hp_per_floor":[80,80,80,80,79,54,54,55,55,50,35,35,41,42,42,7,91,77,40,40,46,46,48,48,24,24,51,43,22,49,23,50,0],"gold":267,"neow_bonus":"ONE_RARE_RELIC","is_prod":false,"is_daily":false,"chose_seed":false,"campfire_upgraded":2,"win_rate":0,"timestamp":1568790655,"path_taken":["M","?","M","M","?","E","$","E","T","M","E","?","?","?","R","BOSS","M","M","$","?","?","M","R","E","T","R","M","E","R","M","R","BOSS"],"build_version":"2019-07-17","purchased_purges":1,"victory":false,"max_hp_per_floor":[80,80,80,80,80,80,80,80,80,80,80,80,86,86,86,86,91,91,91,91,91,91,91,91,91,91,91,91,91,91,91,91,91],"card_choices":[{"not_picked":["Heavy Blade","Disarm"],"picked":"Headbutt","floor":1},{"not_picked":["Flex","Heavy Blade","Headbutt"],"picked":"SKIP","floor":3},{"not_picked":["Thunderclap","Feel No Pain"],"picked":"Cleave","floor":4},{"not_picked":["Havoc","Dual Wield"],"picked":"Inflame","floor":5},{"not_picked":["Dual Wield","Havoc"],"picked":"Shrug It Off","floor":6},{"not_picked":["Fiend Fire","Limit Break"],"picked":"Sword Boomerang","floor":8},{"not_picked":["Thunderclap","Pommel Strike"],"picked":"Shrug It Off","floor":10},{"not_picked":["Bloodletting","Flame Barrier"],"picked":"Pommel Strike","floor":11},{"not_picked":["Wild Strike","Thunderclap","Evolve"],"picked":"SKIP","floor":14},{"not_picked":["Double Tap","Immolate"],"picked":"Demon Form","floor":16},{"not_picked":["Ghostly Armor","Infernal Blade"],"picked":"Heavy Blade","floor":18},{"not_picked":["Flame Barrier","Perfected Strike"],"picked":"Blood for Blood+1","floor":19},{"not_picked":["Clash","Body Slam","Rampage"],"picked":"SKIP","floor":21},{"not_picked":["Anger","Ghostly Armor"],"picked":"Heavy Blade","floor":23},{"not_picked":["Warcry","Perfected Strike+1","Body Slam"],"picked":"SKIP","floor":25},{"not_picked":["Shockwave","Carnage"],"picked":"Armaments+1","floor":28},{"not_picked":["Fire Breathing","Blood for Blood+1","Infernal Blade"],"picked":"SKIP","floor":29},{"not_picked":["Clothesline","Warcry"],"picked":"Limit Break","floor":31}],"player_experience":57752,"relics_obtained":[{"floor":6,"key":"Bag of Preparation"},{"floor":8,"key":"Paper Frog"},{"floor":9,"key":"Darkstone Periapt"},{"floor":11,"key":"Shuriken"},{"floor":25,"key":"PreservedInsect"},{"floor":26,"key":"Bronze Scales"},{"floor":29,"key":"Sundial"}],"event_choices":[{"damage_healed":0,"gold_gain":0,"player_choice":"Got Potions","damage_taken":0,"max_hp_gain":0,"max_hp_loss":0,"event_name":"Lab","floor":2,"gold_loss":0},{"cards_removed":["Strike_R"],"damage_healed":0,"gold_gain":0,"player_choice":"Card Removal","damage_taken":0,"max_hp_gain":0,"max_hp_loss":0,"event_name":"The Cleric","floor":12,"gold_loss":50},{"damage_healed":0,"gold_gain":0,"player_choice":"Cursed","damage_taken":0,"max_hp_gain":0,"max_hp_loss":0,"event_name":"Wheel of Change","floor":13,"gold_loss":0,"cards_obtained":["Decay"]}],"is_beta":false,"boss_relics":[{"not_picked":["Busted Crown","Empty Cage"],"picked":"Tiny House"}],"items_purged_floors":[20],"is_endless":false,"potions_floor_spawned":[3,5,10,14,16,21,23,25],"killed_by":"Automaton","ascension_level":0}