{"gold_per_floor":[116,116,116,36,36,71,71,115,115,140,171,171,2,16,16,109,109,134,147,70,95,95,95,95,131,131,46,46,46,46,60,60,159,159,172,97,97,122,122,22,41,55,78,78,101,101,119,44,44,44],"floor_reached":51,"playtime":2486,"items_purged":["Eruption","SpiritShield+1"],"score":1477,"play_id":"772972f8-4dd2-49ea-a9bf-c1918a6b6342","local_time":"20190911153248","is_ascension_mode":true,"campfire_choices":[{"data":"Meditate","floor":15.0,"key":"SMITH"},{"data":"EmptyMind","floor":23.0,"key":"SMITH"},{"data":"FlowState","floor":28.0,"key":"SMITH"},{"data":"Vigilance","floor":32.0,"key":"SMITH"},{"data":"Apotheosis","floor":44.0,"key":"SMITH"},{"data":"MentalFortress","floor":46.0,"key":"SMITH"},{"data":"Adaptation","floor":49.0,"key":"SMITH"}],"neow_cost":"NONE","seed_source_timestamp":2340010324619600,"circlet_count":0,"master_deck":["AscendersBane","Defend_P","Defend_P","Defend_P","Defend_P","Vigilance+1","Establishment","ForeignInfluence","FearNoEvil+1","Fasting","Meditate+1","Adaptation+1","EmptyFist+1","EmptyMind+1","EmptyBody","MentalFortress+1","Metaphysics","Protect+1","ClearTheMind+1","Apotheosis+1"],"special_seed":0,"relics":["PureWater","NeowsBlessing","Toy Ornithopter","Gambling Chip","Golden Idol","Pear","Pocketwatch","Odd Mushroom","Mercury Hourglass","StrikeDummy","Coffee Dripper","Whetstone","Letter Opener","Pen Nib","MutagenicStrength","Astrolabe","Lantern"],"potions_floor_usage":[50,50],"damage_taken":[{"damage":0.0,"enemies":"Small Slimes","floor":1.0,"turns":1.0},{"damage":0.0,"enemies":"Gremlin Nob","floor":6.0,"turns":1.0},{"damage":0.0,"enemies":"3 Sentries","floor":8.0,"turns":2.0},{"damage":18.0,"enemies":"The Mushroom Lair","floor":10.0,"turns":3.0},{"damage":20.0,"enemies":"Lagavulin","floor":11.0,"turns":6.0},{"damage":3.0,"enemies":"2 Louse","floor":14.0,"turns":2.0},{"damage":0.0,"enemies":"Slime Boss","floor":16.0,"turns":5.0},{"damage":26.0,"enemies":"3 Byrds","floor":18.0,"turns":6.0},{"damage":17.0,"enemies":"2 Thieves","floor":19.0,"turns":3.0},{"damage":2.0,"enemies":"Shelled Parasite and Fungi","floor":21.0,"turns":6.0},{"damage":2.0,"enemies":"Book of Stabbing","floor":25.0,"turns":3.0},{"damage":14.0,"enemies":"Snake Plant","floor":31.0,"turns":4.0},{"damage":8.0,"enemies":"Champ","floor":33.0,"turns":6.0},{"damage":0.0,"enemies":"3 Shapes","floor":35.0,"turns":5.0},{"damage":5.0,"enemies":"3 Darklings","floor":38.0,"turns":5.0},{"damage":8.0,"enemies":"4 Shapes","floor":41.0,"turns":4.0},{"damage":0.0,"enemies":"Sphere and 2 Shapes","floor":42.0,"turns":3.0},{"damage":0.0,"enemies":"3 Darklings","floor":45.0,"turns":2.0},{"damage":0.0,"enemies":"4 Shapes","floor":47.0,"turns":3.0},{"damage":0,"enemies":"Donu and Deca","floor":50,"turns":4}],"seed_played":"8524737513496057591","potions_obtained":[{"floor":1.0,"key":"Swift Potion"},{"floor":8.0,"key":"SteroidPotion"},{"floor":14.0,"key":"DuplicationPotion"},{"floor":31.0,"key":"Swift Potion"},{"floor":33.0,"key":"Poison Potion"},{"floor":42.0,"key":"Dexterity Potion"},{"floor":45.0,"key":"SkillPotion"}],"is_trial":false,"path_per_floor":["M","?","?","$","?","E","?","E","T","?","E","T","$","M","R","B",null,"M","M","$","M","?","R","?","E","T","?","R","?","?","M","R","B",null,"M","$","?","M","?","$","M","M","T","R","M","R","M","$","R","B",null],"character_chosen":"WATCHER","items_purchased":["Establishment","Meditate","Adaptation","EmptyFist","MentalFortress","Regen Potion"],"campfire_rested":0,"item_purchase_floors":[4,13,13,13,20,48],"current_hp_per_floor":[59,56,49,49,65,65,60,70,70,52,32,32,32,29,29,34,61,35,18,18,21,21,21,21,19,19,19,19,19,19,5,5,2,53,53,53,43,38,38,38,30,30,30,30,30,30,30,30,30,52],"gold":44,"neow_bonus":"THREE_ENEMY_KILL","is_prod":false,"is_daily":false,"chose_seed":false,"campfire_upgraded":7,"win_rate":1,"timestamp":1568187168,"path_taken":["M","?","?","$","?","E","?","E","T","?","E","?","$","M","R","BOSS","M","M","$","M","?","R","?","E","T","?","R","?","?","M","R","BOSS","M","$","?","M","?","$","M","M","T","R","M","R","M","?","R","BOSS"],"build_version":"2019-09-10","purchased_purges":2,"victory":true,"max_hp_per_floor":[65,65,65,65,65,65,60,70,70,70,70,70,70,70,70,70,70,70,70,70,70,70,70,70,70,70,70,70,70,70,70,70,70,70,70,70,70,70,70,70,70,70,70,70,70,70,70,70,70,70],"card_choices":[{"not_picked":["Clarity","BowlingBash","FlyingSleeves"],"picked":"SKIP","floor":1.0},{"not_picked":["Sanctity","Halt"],"picked":"ForeignInfluence","floor":6.0},{"not_picked":["Vengeance","BowlingBash","Weave"],"picked":"SKIP","floor":8.0},{"not_picked":["FlyingSleeves","Swivel"],"picked":"FearNoEvil","floor":10.0},{"not_picked":["FollowUp","ReachHeaven"],"picked":"Fasting","floor":11.0},{"not_picked":["TalkToTheHand","FollowUp","CarveReality"],"picked":"SKIP","floor":14.0},{"not_picked":["ReachHeaven","LessonLearned"],"picked":"FlowState","floor":16.0},{"not_picked":["ForeignInfluence","Protect+1"],"picked":"EmptyMind","floor":18.0},{"not_picked":["WindmillStrike","Crescendo"],"picked":"EmptyBody","floor":19.0},{"not_picked":["Establishment","CarveReality"],"picked":"Metaphysics","floor":21.0},{"not_picked":["Meditate","JustLucky","MentalFortress"],"picked":"SKIP","floor":25.0},{"not_picked":["CutThroughFate","Consecrate","CarveReality"],"picked":"SKIP","floor":31.0},{"not_picked":["ClearTheMind+1","Consecrate","Wireheading+1"],"picked":"SKIP","floor":35.0},{"not_picked":["Secret Technique","Magnetism"],"picked":"Apotheosis","floor":37.0},{"not_picked":["FollowUp","FlurryOfBlows","CrushJoints"],"picked":"SKIP","floor":38.0},{"not_picked":["EmptyBody","Crescendo","FlyingSleeves"],"picked":"SKIP","floor":41.0},{"not_picked":["WaveOfTheHand+1","Halt+1","EmptyFist+1"],"picked":"SKIP","floor":42.0},{"not_picked":["Evaluate+1","ClearTheMind","EmptyBody"],"picked":"SKIP","floor":45.0},{"not_picked":["Sanctity","CrushJoints","JustLucky"],"picked":"SKIP","floor":47.0}],"player_experience":3271386,"relics_obtained":[{"floor":6.0,"key":"Gambling Chip"},{"floor":8.0,"key":"Pear"},{"floor":9.0,"key":"Pocketwatch"},{"floor":10.0,"key":"Odd Mushroom"},{"floor":11.0,"key":"Mercury Hourglass"},{"floor":12.0,"key":"StrikeDummy"},{"floor":25.0,"key":"Whetstone"},{"floor":26.0,"key":"Letter Opener"},{"floor":43.0,"key":"Lantern"}],"event_choices":[{"damage_healed":0.0,"max_hp_gain":0.0,"max_hp_loss":0.0,"gold_gain":0.0,"event_name":"Scrap Ooze","player_choice":"Success","floor":2.0,"gold_loss":0.0,"damage_taken":3.0,"relics_obtained":["Toy Ornithopter"]},{"cards_removed":["Strike_P"],"damage_healed":0.0,"max_hp_gain":0.0,"max_hp_loss":0.0,"gold_gain":0.0,"event_name":"Golden Wing","player_choice":"Card Removal","floor":3.0,"gold_loss":0.0,"damage_taken":7.0},{"damage_healed":21.0,"max_hp_gain":0.0,"max_hp_loss":0.0,"gold_gain":0.0,"event_name":"Big Fish","player_choice":"Banana","floor":5.0,"gold_loss":0.0,"damage_taken":0.0},{"damage_healed":0.0,"max_hp_gain":0.0,"max_hp_loss":5.0,"gold_gain":0.0,"event_name":"Golden Idol","player_choice":"Lose Max HP","floor":7.0,"gold_loss":0.0,"damage_taken":0.0,"relics_obtained":["Golden Idol"]},{"damage_healed":0.0,"max_hp_gain":0.0,"max_hp_loss":0.0,"gold_gain":0.0,"event_name":"Mushrooms","player_choice":"Fought Mushrooms","floor":10.0,"gold_loss":0.0,"damage_taken":0.0},{"damage_healed":0.0,"max_hp_gain":0.0,"max_hp_loss":0.0,"gold_gain":0.0,"event_name":"Vampires","player_choice":"Ignored","floor":22.0,"gold_loss":0.0,"damage_taken":0.0},{"damage_healed":0.0,"max_hp_gain":0.0,"max_hp_loss":0.0,"gold_gain":0.0,"event_name":"The Mausoleum","player_choice":"Ignored","floor":24.0,"gold_loss":0.0,"damage_taken":0.0},{"damage_healed":0.0,"max_hp_gain":0.0,"max_hp_loss":0.0,"gold_gain":0.0,"event_name":"Addict","player_choice":"Obtained Relic","floor":27.0,"gold_loss":85.0,"damage_taken":0.0,"relics_obtained":["Pen Nib"]},{"damage_healed":0.0,"max_hp_gain":0.0,"max_hp_loss":0.0,"gold_gain":0.0,"event_name":"Cursed Tome","player_choice":"Ignored","floor":29.0,"gold_loss":0.0,"damage_taken":0.0},{"damage_healed":0.0,"max_hp_gain":0.0,"max_hp_loss":0.0,"gold_gain":0.0,"event_name":"Drug Dealer","player_choice":"Inject Mutagens","floor":30.0,"gold_loss":0.0,"damage_taken":0.0,"relics_obtained":["MutagenicStrength"]},{"damage_healed":0.0,"max_hp_gain":0.0,"max_hp_loss":0.0,"gold_gain":0.0,"event_name":"SensoryStone","player_choice":"Memory 3","floor":37.0,"gold_loss":0.0,"damage_taken":10.0},{"cards_removed":["FlowState"],"damage_healed":0.0,"max_hp_gain":0.0,"max_hp_loss":0.0,"gold_gain":0.0,"event_name":"Falling","player_choice":"Removed Skill","floor":39.0,"gold_loss":0.0,"damage_taken":0.0}],"is_beta":true,"boss_relics":[{"not_picked":["Snecko Eye","SacredBark"],"picked":"Coffee Dripper"},{"not_picked":["Velvet Choker","Calling Bell"],"picked":"Astrolabe"}],"items_purged_floors":[36,40],"is_endless":false,"potions_floor_spawned":[1,8,14,31,33,42,45],"ascension_level":13}