{"path_per_floor":["M","M","M","M","M","E","M","?","T","$","?","?","$","M","R","B"],"character_chosen":"DEFECT","items_purchased":["Go for the Eyes","Reboot","Core Surge","Defragment"],"gold_per_floor":[116,134,149,168,184,215,228,228,276,13,188,188,39,56,56,155,155],"floor_reached":17,"campfire_rested":1,"playtime":633,"item_purchase_floors":[10,10,10,13],"current_hp_per_floor":[67,66,66,65,51,38,38,13,13,13,13,13,13,13,50,16,16],"items_purged":["Doubt"],"gold":155,"score":207,"play_id":"829a3b59-d792-4851-b893-8df7548f9def","local_time":"20180609124159","is_prod":false,"is_daily":false,"chose_seed":false,"is_ascension_mode":true,"campfire_upgraded":0,"win_rate":0,"timestamp":1528540919,"campfire_choices":[{"floor":15,"key":"REST"}],"path_taken":["M","M","?","M","M","E","M","?","T","$","?","?","?","M","R","BOSS"],"build_version":"2018-06-07v3","seed_source_timestamp":71506483570807,"purchased_purges":1,"victory":false,"master_deck":["Zap","Dualcast+1","Steam","Sweeping Beam","Leap","Hologram+1","Go for the Eyes","Reboot","Core Surge","Steam Power","Defragment","Turbo","Seek","Barrage","Gash","Rebound","Streamline","Hologram","Stack","Beam Cell"],"max_hp_per_floor":[75,75,75,75,75,75,75,75,75,75,75,75,75,75,75,75,75],"relics":["Cracked Core","Regal Pillow","War Paint","Juzu Bracelet","Pandora\u0027s Box"],"card_choices":[{"not_picked":["Steam Power","Stack"],"picked":"Steam","floor":1},{"not_picked":["Reinforced Body","Go for the Eyes"],"picked":"Sweeping Beam","floor":2},{"not_picked":["Force Field","Turbo"],"picked":"Leap","floor":3},{"not_picked":["Force Field","Heatsinks","Storm"],"picked":"SKIP","floor":4},{"not_picked":["Glacier","FTL","Beam Cell"],"picked":"SKIP","floor":5},{"not_picked":["Rip and Tear","Beam Cell","Storm"],"picked":"SKIP","floor":6},{"not_picked":["Barrage","Compile Driver"],"picked":"Hologram","floor":7},{"not_picked":["Compile Driver","Beam Cell"],"picked":"Turbo","floor":14},{"not_picked":["Buffer","Hyperbeam"],"picked":"Seek","floor":16}],"player_experience":825469,"potions_floor_usage":[6,16,16],"damage_taken":[{"damage":1,"enemies":"Cultist","floor":1,"turns":4},{"damage":1,"enemies":"Jaw Worm","floor":2,"turns":2},{"damage":0,"enemies":"2 Louse","floor":3,"turns":2},{"damage":1,"enemies":"2 Fungi Beasts","floor":4,"turns":3},{"damage":14,"enemies":"Lots of Slimes","floor":5,"turns":2},{"damage":13,"enemies":"Lagavulin","floor":6,"turns":8},{"damage":0,"enemies":"Exordium Wildlife","floor":7,"turns":3},{"damage":0,"enemies":"Looter","floor":14,"turns":2},{"damage":34,"enemies":"Hexaghost","floor":16,"turns":9}],"relics_obtained":[{"floor":6,"key":"Regal Pillow"},{"floor":9,"key":"Juzu Bracelet"}],"event_choices":[{"event_name":"Scrap Ooze","player_choice":"success","floor":8,"damage_taken":25},{"event_name":"Liars Game","player_choice":"agreed","floor":11,"damage_taken":0},{"event_name":"Transmorgrifier","player_choice":"Transform","floor":12,"damage_taken":0}],"boss_relics":[{"not_picked":["Busted Crown","Inserter"],"picked":"Pandora\u0027s Box"}],"items_purged_floors":[13],"potions_floor_spawned":[1,2,5,14,16],"seed_played":"-1372415723701267074","ascension_level":6,"potions_obtained":[{"floor":1,"key":"SkillPotion"},{"floor":2,"key":"GamblersBrew"},{"floor":5,"key":"SpeedPotion"},{"floor":14,"key":"AttackPotion"},{"floor":16,"key":"Swift Potion"}],"is_trial":false}