{"gold_per_floor":[118,137,137,9,9,39,52,52,52,52,52,64,93,112,112,185,185,204,204,222,236,236,236,247,147,147,157,82,82],"floor_reached":29,"playtime":958,"items_purged":["Strike_R","Bash"],"score":570,"play_id":"d61931bd-a5bc-4dfe-a3be-f60649e1d8f7","local_time":"20190531225403","is_ascension_mode":true,"campfire_choices":[{"data":"True Grit","floor":8.0,"key":"SMITH"},{"data":"Shrug It Off","floor":10.0,"key":"SMITH"},{"data":"Carnage","floor":15.0,"key":"SMITH"},{"data":"Pommel Strike","floor":23.0,"key":"SMITH"}],"neow_cost":"NONE","seed_source_timestamp":0,"circlet_count":0,"master_deck":["AscendersBane","Defend_R","Defend_R","Defend_R","Defend_R","Shrug It Off+1","True Grit+1","Carnage+1","Fiend Fire","Pommel Strike+1","Impervious","Body Slam"],"special_seed":0,"relics":["Burning Blood","Sundial","Matryoshka","Art of War","Empty Cage","Nloth\u0027s Gift","Kunai","Nunchaku"],"potions_floor_usage":[29],"damage_taken":[{"damage":0.0,"enemies":"2 Louse","floor":1.0,"turns":2.0},{"damage":0.0,"enemies":"Jaw Worm","floor":2.0,"turns":1.0},{"damage":0.0,"enemies":"Lagavulin","floor":6.0,"turns":2.0},{"damage":0.0,"enemies":"Cultist","floor":7.0,"turns":4.0},{"damage":2.0,"enemies":"Looter","floor":12.0,"turns":4.0},{"damage":27.0,"enemies":"Gremlin Nob","floor":13.0,"turns":4.0},{"damage":27.0,"enemies":"Exordium Thugs","floor":14.0,"turns":7.0},{"damage":26.0,"enemies":"Slime Boss","floor":16.0,"turns":13.0},{"damage":16.0,"enemies":"Spheric Guardian","floor":18.0,"turns":4.0},{"damage":24.0,"enemies":"2 Thieves","floor":20.0,"turns":4.0},{"damage":29.0,"enemies":"Snake Plant","floor":21.0,"turns":6.0},{"damage":0.0,"enemies":"3 Cultists","floor":24.0,"turns":3.0},{"damage":6.0,"enemies":"Snecko","floor":27.0,"turns":7.0},{"damage":10,"enemies":"Slavers","floor":29,"turns":3}],"seed_played":"2818072566422281821","potions_obtained":[{"floor":2.0,"key":"LiquidBronze"},{"floor":7.0,"key":"EssenceOfSteel"},{"floor":13.0,"key":"LiquidBronze"},{"floor":20.0,"key":"BloodPotion"},{"floor":24.0,"key":"Swift Potion"}],"is_trial":false,"path_per_floor":["M","M","?","$","?","E","M","R","T","R","$","M","E","M","R","B",null,"M","?","M","M","?","R","M","$","T","M","?","E"],"character_chosen":"IRONCLAD","items_purchased":["Shrug It Off"],"campfire_rested":0,"item_purchase_floors":[4],"current_hp_per_floor":[74,75,68,68,68,74,75,75,75,75,75,75,54,33,33,13,60,50,50,32,16,16,16,22,22,22,22,22,12],"gold":82,"neow_bonus":"THREE_ENEMY_KILL","is_prod":false,"is_daily":false,"chose_seed":false,"campfire_upgraded":4,"win_rate":0,"timestamp":1559314443,"path_taken":["M","M","?","$","?","E","M","R","T","R","?","?","E","M","R","BOSS","M","?","M","?","?","R","M","$","T","M","?","E"],"build_version":"2019-05-28","purchased_purges":2,"victory":false,"max_hp_per_floor":[75,75,75,75,75,75,75,75,75,75,75,75,75,75,75,75,75,75,75,75,75,75,75,75,75,75,75,75,75],"card_choices":[{"not_picked":["Perfected Strike","Iron Wave","Clothesline"],"picked":"SKIP","floor":1.0},{"not_picked":["Iron Wave","Sword Boomerang","Wild Strike"],"picked":"SKIP","floor":2.0},{"not_picked":["Warcry","Clash","Heavy Blade"],"picked":"SKIP","floor":6.0},{"not_picked":["Headbutt","Twin Strike"],"picked":"True Grit","floor":7.0},{"not_picked":["Clash","Reckless Charge"],"picked":"Carnage","floor":12.0},{"not_picked":["Bloodletting","Feed","Headbutt"],"picked":"SKIP","floor":13.0},{"not_picked":["Rupture","Twin Strike","Sever Soul"],"picked":"SKIP","floor":14.0},{"not_picked":["Exhume","Limit Break"],"picked":"Fiend Fire","floor":16.0},{"not_picked":["Shrug It Off","Sword Boomerang"],"picked":"Pommel Strike","floor":18.0},{"not_picked":["Twin Strike+1","Bloodletting","Cleave"],"picked":"SKIP","floor":20.0},{"not_picked":["Headbutt","Cleave"],"picked":"Impervious","floor":21.0},{"not_picked":["Perfected Strike","Heavy Blade"],"picked":"Body Slam","floor":24.0},{"not_picked":["Limit Break","Sword Boomerang","Flex"],"picked":"SKIP","floor":27.0}],"player_experience":3064530,"relics_obtained":[{"floor":6.0,"key":"Sundial"},{"floor":9.0,"key":"Matryoshka"},{"floor":13.0,"key":"Art of War"},{"floor":26.0,"key":"Kunai"},{"floor":26.0,"key":"Nunchaku"}],"event_choices":[{"cards_removed":["Strike_R"],"damage_healed":0.0,"max_hp_gain":0.0,"max_hp_loss":0.0,"gold_gain":0.0,"event_name":"Golden Wing","player_choice":"Card Removal","floor":3.0,"gold_loss":0.0,"damage_taken":7.0},{"damage_healed":0.0,"max_hp_gain":0.0,"max_hp_loss":0.0,"gold_gain":0.0,"event_name":"Liars Game","player_choice":"Ignored","floor":5.0,"gold_loss":0.0,"damage_taken":0.0},{"damage_healed":0.0,"max_hp_gain":0.0,"max_hp_loss":0.0,"gold_gain":0.0,"event_name":"N\u0027loth","player_choice":"Traded Relic","floor":19.0,"relics_lost":["NeowsBlessing"],"gold_loss":0.0,"damage_taken":0.0,"relics_obtained":["Nloth\u0027s Gift"]},{"damage_healed":0.0,"max_hp_gain":0.0,"max_hp_loss":0.0,"gold_gain":0.0,"event_name":"Cursed Tome","player_choice":"Ignored","floor":22.0,"gold_loss":0.0,"damage_taken":0.0},{"cards_removed":["Strike_R"],"damage_healed":0.0,"max_hp_gain":0.0,"max_hp_loss":0.0,"gold_gain":0.0,"event_name":"Designer","player_choice":"Single Remove","floor":28.0,"gold_loss":75.0,"damage_taken":0.0}],"is_beta":true,"boss_relics":[{"not_picked":["Velvet Choker","Tiny House"],"picked":"Empty Cage"}],"items_purged_floors":[4,25],"is_endless":false,"potions_floor_spawned":[2,7,13,20,24],"killed_by":"Slavers","ascension_level":20}