{"gold_per_floor":[110,125,75,91,91,91,120,137,137,155,217,217,217,234,234,336,336,352,352,352,365,377,377,377],"floor_reached":24,"playtime":2058,"items_purged":[],"score":198,"play_id":"54a5eaf2-8a95-4c3d-b490-0ed8cbafc75e","local_time":"20190805132130","is_ascension_mode":false,"campfire_choices":[{"data":"Armaments","floor":6,"key":"SMITH"},{"floor":13,"key":"REST"},{"data":"Armaments","floor":15,"key":"SMITH"},{"floor":23,"key":"REST"}],"neow_cost":"NONE","seed_source_timestamp":563891497441667,"circlet_count":0,"master_deck":["Strike_R","Strike_R","Defend_R","Defend_R","Defend_R","Bash","Ghostly Armor","Armaments+1","Cleave","Rampage","Intimidate","Heavy Blade","Metallicize","Parasite","Armaments+1","Impervious","Headbutt+1","RitualDagger","Dual Wield+1","Body Slam"],"relics":["Burning Blood","Vajra","Juzu Bracelet","Empty Cage"],"potions_floor_usage":[16,16,16,21],"damage_taken":[{"damage":0,"enemies":"2 Louse","floor":1,"turns":3},{"damage":5,"enemies":"Cultist","floor":2,"turns":5},{"damage":7,"enemies":"Small Slimes","floor":4,"turns":4},{"damage":29,"enemies":"Lagavulin","floor":7,"turns":8},{"damage":0,"enemies":"Blue Slaver","floor":8,"turns":4},{"damage":4,"enemies":"Exordium Wildlife","floor":10,"turns":4},{"damage":0,"enemies":"Large Slime","floor":14,"turns":8},{"damage":44,"enemies":"Hexaghost","floor":16,"turns":13},{"damage":7,"enemies":"Shell Parasite","floor":18,"turns":11},{"damage":9,"enemies":"Chosen","floor":21,"turns":8},{"damage":51,"enemies":"Centurion and Healer","floor":22,"turns":12},{"damage":50,"enemies":"Book of Stabbing","floor":24,"turns":6}],"seed_played":"1422356290978519643","potions_obtained":[{"floor":4,"key":"FearPotion"},{"floor":7,"key":"EssenceOfSteel"},{"floor":10,"key":"Fire Potion"},{"floor":16,"key":"Fire Potion"},{"floor":21,"key":"Dexterity Potion"}],"is_trial":false,"path_per_floor":["M","M","?","M","?","R","E","M","T","M","?","?","R","M","R","B",null,"M","?","?","M","M","R","E"],"character_chosen":"IRONCLAD","items_purchased":[],"campfire_rested":2,"item_purchase_floors":[],"current_hp_per_floor":[80,80,80,79,79,79,56,62,62,64,64,80,80,80,80,42,80,79,79,73,70,25,49,0],"gold":377,"neow_bonus":"THREE_CARDS","is_prod":false,"is_daily":false,"chose_seed":false,"campfire_upgraded":2,"win_rate":0.0,"timestamp":1565036490,"path_taken":["M","M","?","M","?","R","E","?","T","M","?","?","R","M","R","BOSS","M","?","?","M","M","R","E"],"build_version":"2019-07-17","purchased_purges":0,"victory":false,"max_hp_per_floor":[80,80,80,80,80,80,80,80,80,80,80,80,80,80,80,80,80,80,80,80,80,80,80,80],"card_choices":[{"not_picked":["Twin Strike","Clash"],"picked":"Ghostly Armor","floor":0},{"not_picked":["Second Wind","Flex"],"picked":"Armaments","floor":1},{"not_picked":["Iron Wave","Seeing Red"],"picked":"Cleave","floor":2},{"not_picked":["Evolve","Body Slam"],"picked":"Rampage","floor":4},{"not_picked":["Sever Soul","Blood for Blood"],"picked":"Intimidate","floor":7},{"not_picked":["True Grit","Headbutt"],"picked":"Heavy Blade","floor":8},{"not_picked":["Seeing Red","Headbutt"],"picked":"Metallicize","floor":10},{"not_picked":["Wild Strike","Sword Boomerang"],"picked":"Armaments","floor":14},{"not_picked":["Bludgeon","Barricade"],"picked":"Impervious","floor":16},{"not_picked":["Havoc+1","Corruption"],"picked":"Headbutt+1","floor":18},{"not_picked":["Sever Soul","Headbutt"],"picked":"Dual Wield+1","floor":21},{"not_picked":["Entrench","Sword Boomerang+1"],"picked":"Body Slam","floor":22}],"player_experience":327742,"relics_obtained":[{"floor":7,"key":"Vajra"},{"floor":9,"key":"Juzu Bracelet"}],"event_choices":[{"cards_removed":["Strike_R"],"damage_healed":0,"gold_gain":0,"player_choice":"Card Removal","damage_taken":0,"max_hp_gain":0,"max_hp_loss":0,"event_name":"The Cleric","floor":3,"gold_loss":50},{"cards_removed":["Defend_R"],"damage_healed":0,"gold_gain":0,"player_choice":"Purged","damage_taken":0,"max_hp_gain":0,"max_hp_loss":0,"event_name":"Purifier","floor":5,"gold_loss":0},{"damage_healed":0,"gold_gain":62,"player_choice":"Gained Gold","damage_taken":0,"max_hp_gain":0,"max_hp_loss":0,"event_name":"Golden Wing","floor":11,"gold_loss":0},{"damage_healed":20,"gold_gain":0,"player_choice":"Healed and dodged fight","damage_taken":0,"max_hp_gain":0,"max_hp_loss":0,"event_name":"Mushrooms","floor":12,"gold_loss":0,"cards_obtained":["Parasite"]},{"damage_healed":0,"gold_gain":0,"player_choice":"Joined the Cult","damage_taken":6,"max_hp_gain":0,"max_hp_loss":0,"event_name":"Nest","floor":20,"gold_loss":0,"cards_obtained":["RitualDagger"]}],"is_beta":false,"boss_relics":[{"not_picked":["Coffee Dripper","Fusion Hammer"],"picked":"Empty Cage"}],"items_purged_floors":[],"is_endless":false,"potions_floor_spawned":[4,7,10,16,21],"killed_by":"Book of Stabbing","ascension_level":0}