{"gold_per_floor":[117,133,133,150,165,196,212,224,251,278,278,293,293],"floor_reached":13,"playtime":874,"items_purged":[],"score":104,"play_id":"cd3ce28f-08df-48d8-ac3d-2d925aa54a4d","local_time":"20190920143804","is_ascension_mode":true,"campfire_choices":[{"floor":11,"key":"REST"}],"neow_cost":"NONE","seed_source_timestamp":317453102164217,"circlet_count":0,"master_deck":["Strike_B","Strike_B","Strike_B","Strike_B","Defend_B","Defend_B","Defend_B","Defend_B","Zap","Dualcast","Cold Snap","Compile Driver","Darkness","Chill","Tempest","Undo","Capacitor"],"relics":["Cracked Core","NlothsMask","Shuriken","Question Card"],"potions_floor_usage":[7,10,10,13],"damage_taken":[{"damage":0,"enemies":"Cultist","floor":1,"turns":4},{"damage":6,"enemies":"Jaw Worm","floor":2,"turns":3},{"damage":0,"enemies":"Small Slimes","floor":4,"turns":2},{"damage":12,"enemies":"2 Fungi Beasts","floor":5,"turns":4},{"damage":33,"enemies":"3 Sentries","floor":6,"turns":8},{"damage":15,"enemies":"Exordium Wildlife","floor":7,"turns":4},{"damage":0,"enemies":"Exordium Thugs","floor":8,"turns":5},{"damage":13,"enemies":"Lagavulin","floor":10,"turns":3},{"damage":5,"enemies":"Blue Slaver","floor":12,"turns":4},{"damage":65,"enemies":"Gremlin Nob","floor":13,"turns":6}],"seed_played":"3451961685235471430","potions_obtained":[{"floor":1,"key":"LiquidBronze"},{"floor":4,"key":"Energy Potion"},{"floor":7,"key":"Fire Potion"},{"floor":8,"key":"FairyPotion"},{"floor":12,"key":"DuplicationPotion"}],"is_trial":false,"path_per_floor":["M","M","?","M","M","E","M","M","T","E","R","M","E"],"character_chosen":"DEFECT","items_purchased":[],"campfire_rested":1,"item_purchase_floors":[],"current_hp_per_floor":[82,76,76,76,64,31,16,16,16,3,27,22,0],"gold":293,"neow_bonus":"TEN_PERCENT_HP_BONUS","is_prod":false,"is_daily":false,"chose_seed":false,"campfire_upgraded":0,"win_rate":0,"timestamp":1569015484,"path_taken":["M","?","?","M","M","E","M","?","T","E","R","M","E"],"build_version":"2019-09-20","purchased_purges":0,"victory":false,"max_hp_per_floor":[82,82,82,82,82,82,82,82,82,82,82,82,82],"card_choices":[{"not_picked":["Consume","Beam Cell","Rebound"],"picked":"SKIP","floor":1},{"not_picked":["Barrage","Steam"],"picked":"Cold Snap","floor":2},{"not_picked":["Fusion","Turbo"],"picked":"Compile Driver","floor":4},{"not_picked":["Rip and Tear","Go for the Eyes"],"picked":"Darkness","floor":5},{"not_picked":["Seek","Compile Driver"],"picked":"Chill","floor":6},{"not_picked":["Beam Cell","Rebound","Steam"],"picked":"SKIP","floor":7},{"not_picked":["Aggregate","Chaos"],"picked":"Tempest","floor":8},{"not_picked":["Chaos","Fusion"],"picked":"Undo","floor":10},{"not_picked":["Self Repair","Rebound","Redo"],"picked":"Capacitor","floor":12}],"player_experience":89186,"relics_obtained":[{"floor":6,"key":"Shuriken"},{"floor":10,"key":"Question Card"}],"event_choices":[{"damage_healed":0,"gold_gain":0,"player_choice":"Trade","damage_taken":0,"relics_obtained":["NlothsMask"],"max_hp_gain":0,"max_hp_loss":0,"event_name":"FaceTrader","floor":3,"gold_loss":0}],"is_beta":true,"boss_relics":[],"items_purged_floors":[],"is_endless":false,"potions_floor_spawned":[1,4,7,8,12],"killed_by":"Gremlin Nob","ascension_level":1}