{"gold_per_floor":[109,129,129,129,142,142,142,24,49,60,117,135,135,135,135,235,285,298,308,318,96,96,96,96,96,96,109,143,155,172,9,9,9],"floor_reached":33,"playtime":2701,"items_purged":[],"score":272,"play_id":"56b7f91d-34ae-4f39-8ef3-7bf17dafd7f1","local_time":"20190829104544","is_ascension_mode":false,"campfire_choices":[{"data":"Armaments","floor":6,"key":"SMITH"},{"floor":13,"key":"REST"},{"floor":15,"key":"REST"},{"floor":23,"key":"REST"},{"floor":25,"key":"REST"},{"floor":32,"key":"REST"}],"neow_cost":"NONE","seed_source_timestamp":379631621129562,"circlet_count":0,"master_deck":["Strike_R","Strike_R","Strike_R","Strike_R","Defend_R","Defend_R","Defend_R","Defend_R","Bash","Armaments+1","Shrug It Off","Inflame","Iron Wave","Metallicize","Thunderclap","Ghostly Armor","Perfected Strike+1","Bludgeon","Perfected Strike","Cleave","Clothesline+1","Rage","J.A.X.","Twin Strike+1","Entrench","Seeing Red+1","Whirlwind","Shrug It Off+1","Entrench","Rage","Twin Strike","Armaments"],"relics":["Burning Blood","Strawberry","Tiny Chest","Tiny House","Dream Catcher","Mercury Hourglass","Red Mask"],"potions_floor_usage":[2,11,18,20,20,30,33,33],"damage_taken":[{"damage":0,"enemies":"2 Louse","floor":1,"turns":3},{"damage":1,"enemies":"Cultist","floor":2,"turns":5},{"damage":7,"enemies":"Jaw Worm","floor":5,"turns":7},{"damage":0,"enemies":"Exordium Wildlife","floor":10,"turns":5},{"damage":121,"enemies":"Gremlin Nob","floor":11,"turns":9},{"damage":4,"enemies":"2 Fungi Beasts","floor":12,"turns":5},{"damage":38,"enemies":"Slime Boss","floor":16,"turns":13},{"damage":10,"enemies":"Chosen","floor":18,"turns":6},{"damage":24,"enemies":"Shell Parasite","floor":19,"turns":13},{"damage":35,"enemies":"Snecko","floor":20,"turns":9},{"damage":33,"enemies":"Shelled Parasite and Fungi","floor":27,"turns":11},{"damage":29,"enemies":"Masked Bandits","floor":28,"turns":6},{"damage":21,"enemies":"Snake Plant","floor":29,"turns":3},{"damage":15,"enemies":"Chosen and Byrds","floor":30,"turns":6},{"damage":78,"enemies":"Champ","floor":33,"turns":16}],"seed_played":"7469286891258782458","potions_obtained":[{"floor":0,"key":"FairyPotion"},{"floor":0,"key":"Weak Potion"},{"floor":0,"key":"Dexterity Potion"},{"floor":1,"key":"SkillPotion"},{"floor":10,"key":"FairyPotion"},{"floor":16,"key":"Poison Potion"},{"floor":17,"key":"PowerPotion"},{"floor":20,"key":"Fruit Juice"},{"floor":28,"key":"FearPotion"},{"floor":29,"key":"GamblersBrew"}],"is_trial":false,"path_per_floor":["M","M","?","$","M","R","?","$","T","M","E","M","R","?","R","B",null,"M","M","M","$","?","R","$","R","T","M","?","M","M","$","R","B"],"character_chosen":"IRONCLAD","items_purchased":["Metallicize","Fire Potion","Dream Catcher","Rage","Rage","Regen Potion","Twin Strike"],"campfire_rested":5,"item_purchase_floors":[8,8,21,21,31,31,31],"current_hp_per_floor":[80,80,80,80,79,79,79,79,86,87,14,16,42,42,68,36,92,88,70,46,46,46,75,75,97,97,70,47,32,23,23,52,0],"gold":9,"neow_bonus":"THREE_SMALL_POTIONS","is_prod":false,"is_daily":false,"chose_seed":false,"campfire_upgraded":1,"win_rate":0.0,"timestamp":1567100744,"path_taken":["M","M","?","$","?","R","?","?","T","M","E","M","R","?","R","BOSS","M","M","M","$","?","R","$","R","T","M","?","M","M","$","R","BOSS"],"build_version":"2019-07-17","purchased_purges":0,"victory":false,"max_hp_per_floor":[80,80,80,80,80,80,80,80,87,87,87,87,87,87,87,87,92,92,92,97,97,97,97,97,97,97,97,97,97,97,97,97,97],"card_choices":[{"not_picked":["Rage","True Grit"],"picked":"Armaments","floor":1},{"not_picked":["Armaments","Blood for Blood"],"picked":"Shrug It Off","floor":2},{"not_picked":["Sword Boomerang","Perfected Strike"],"picked":"Iron Wave","floor":5},{"not_picked":["Hemokinesis","Feel No Pain"],"picked":"Thunderclap","floor":10},{"not_picked":["Body Slam","Feed"],"picked":"Ghostly Armor","floor":11},{"not_picked":["Pummel","Body Slam"],"picked":"Perfected Strike","floor":12},{"not_picked":["Limit Break","Double Tap"],"picked":"Bludgeon","floor":16},{"not_picked":["Clash","Burning Pact"],"picked":"Perfected Strike","floor":17},{"not_picked":["Twin Strike","Shrug It Off"],"picked":"Cleave","floor":18},{"not_picked":["Shrug It Off","True Grit+1"],"picked":"Clothesline+1","floor":19},{"not_picked":["Body Slam","Rupture","Warcry"],"picked":"SKIP","floor":20},{"not_picked":["Double Tap","Sword Boomerang"],"picked":"Twin Strike+1","floor":23},{"not_picked":["Warcry","Headbutt"],"picked":"Entrench","floor":25},{"not_picked":["Second Wind","Flex"],"picked":"Seeing Red+1","floor":27},{"not_picked":["Flex","Feel No Pain+1"],"picked":"Whirlwind","floor":28},{"not_picked":["Twin Strike","Body Slam+1"],"picked":"Shrug It Off+1","floor":29},{"not_picked":["Cleave","Perfected Strike"],"picked":"Entrench","floor":30},{"not_picked":["Perfected Strike","Pummel"],"picked":"Armaments","floor":32}],"player_experience":470468,"relics_obtained":[{"floor":9,"key":"Strawberry"},{"floor":11,"key":"Tiny Chest"},{"floor":26,"key":"Mercury Hourglass"},{"floor":28,"key":"Red Mask"}],"event_choices":[{"damage_healed":0,"gold_gain":0,"cards_transformed":["Strike_R"],"player_choice":"Transformed","damage_taken":0,"max_hp_gain":0,"max_hp_loss":0,"event_name":"Transmorgrifier","floor":3,"gold_loss":0,"cards_obtained":["Inflame"]},{"damage_healed":0,"gold_gain":0,"player_choice":"Ignored","damage_taken":0,"max_hp_gain":0,"max_hp_loss":0,"event_name":"Golden Idol","floor":7,"gold_loss":0},{"damage_healed":0,"gold_gain":0,"player_choice":"Searched \u00270\u0027 times","damage_taken":0,"max_hp_gain":0,"max_hp_loss":0,"event_name":"Dead Adventurer","floor":14,"gold_loss":0},{"damage_healed":0,"gold_gain":0,"player_choice":"Obtain J.A.X.","damage_taken":0,"max_hp_gain":0,"max_hp_loss":0,"event_name":"Drug Dealer","floor":22,"gold_loss":0,"cards_obtained":["J.A.X."]},{"damage_healed":0,"gold_gain":0,"player_choice":"Fought Bandits","damage_taken":0,"max_hp_gain":0,"max_hp_loss":0,"event_name":"Masked Bandits","floor":28,"gold_loss":0}],"is_beta":false,"boss_relics":[{"not_picked":["Runic Dome","Astrolabe"],"picked":"Tiny House"}],"items_purged_floors":[],"is_endless":false,"potions_floor_spawned":[1,10,16,20,28,29],"killed_by":"Champ","ascension_level":0}