{"gold_per_floor":[115,115,40,40,60,91,51,71,94,108,108,64,78,116,116,116],"floor_reached":16,"playtime":358,"items_purged":["Defend_G"],"score":270,"play_id":"6a6077f8-9aee-4904-9e31-adbb0e293e0c","local_time":"20190827221552","is_ascension_mode":true,"campfire_choices":[{"data":"Bouncing Flask","floor":11.0,"key":"SMITH"},{"data":"Tactician","floor":15.0,"key":"SMITH"}],"neow_cost":"NONE","seed_source_timestamp":1070936698485700,"circlet_count":0,"master_deck":["AscendersBane","Strike_G","Strike_G","Strike_G","Strike_G","Defend_G","Defend_G","Defend_G","Defend_G","Survivor","Neutralize","Catalyst","Bouncing Flask+1","Footwork","Escape Plan","Tactician+1","Acrobatics"],"special_seed":0,"relics":["Ring of the Snake","NeowsBlessing","Golden Idol","Potion Belt","Happy Flower"],"potions_floor_usage":[16,16,16],"damage_taken":[{"damage":0.0,"enemies":"Small Slimes","floor":1.0,"turns":1.0},{"damage":0.0,"enemies":"Jaw Worm","floor":5.0,"turns":1.0},{"damage":0.0,"enemies":"3 Sentries","floor":6.0,"turns":1.0},{"damage":0.0,"enemies":"Cultist","floor":8.0,"turns":4.0},{"damage":3.0,"enemies":"Red Slaver","floor":10.0,"turns":3.0},{"damage":8.0,"enemies":"Blue Slaver","floor":13.0,"turns":4.0},{"damage":12.0,"enemies":"Lagavulin","floor":14.0,"turns":8.0},{"damage":36,"enemies":"Slime Boss","floor":16,"turns":6}],"seed_played":"-5296724921002439913","potions_obtained":[{"floor":1.0,"key":"FairyPotion"},{"floor":5.0,"key":"SpeedPotion"},{"floor":6.0,"key":"SteroidPotion"},{"floor":7.0,"key":"Swift Potion"},{"floor":7.0,"key":"SkillPotion"},{"floor":14.0,"key":"Fire Potion"}],"is_trial":false,"path_per_floor":["M","?","$","?","M","E","?","M","T","M","R","$","M","E","R","B"],"character_chosen":"THE_SILENT","items_purchased":["Tactician"],"campfire_rested":0,"item_purchase_floors":[12],"current_hp_per_floor":[59,59,59,59,59,59,59,59,59,56,56,56,48,36,36,0],"gold":116,"neow_bonus":"THREE_ENEMY_KILL","is_prod":false,"is_daily":false,"chose_seed":false,"campfire_upgraded":2,"win_rate":0,"timestamp":1566915352,"path_taken":["M","?","$","?","M","E","?","?","T","M","R","?","M","E","R","BOSS"],"build_version":"2019-08-26","purchased_purges":1,"victory":false,"max_hp_per_floor":[66,66,66,60,60,60,60,60,60,60,60,60,60,60,60,60],"card_choices":[{"not_picked":["Heel Hook","Dodge and Roll","Prepared"],"picked":"SKIP","floor":1.0},{"not_picked":["Reflex","Distraction"],"picked":"Catalyst","floor":5.0},{"not_picked":["Prepared","All Out Attack"],"picked":"Bouncing Flask","floor":6.0},{"not_picked":["Terror","Blade Dance"],"picked":"Footwork","floor":8.0},{"not_picked":["Slice","Endless Agony"],"picked":"Escape Plan","floor":10.0},{"not_picked":["Bane","Flechettes"],"picked":"Acrobatics","floor":13.0},{"not_picked":["Backstab","Riddle With Holes","Poisoned Stab"],"picked":"SKIP","floor":14.0}],"player_experience":3113259,"relics_obtained":[{"floor":6.0,"key":"Potion Belt"},{"floor":14.0,"key":"Happy Flower"}],"event_choices":[{"cards_removed":["Strike_G"],"damage_healed":0.0,"max_hp_gain":0.0,"max_hp_loss":0.0,"gold_gain":0.0,"event_name":"Living Wall","player_choice":"Forget","floor":2.0,"gold_loss":0.0,"damage_taken":0.0},{"damage_healed":0.0,"max_hp_gain":0.0,"max_hp_loss":6.0,"gold_gain":0.0,"event_name":"Golden Idol","player_choice":"Lose Max HP","floor":4.0,"gold_loss":0.0,"damage_taken":0.0,"relics_obtained":["Golden Idol"]},{"damage_healed":0.0,"max_hp_gain":0.0,"max_hp_loss":0.0,"gold_gain":0.0,"event_name":"The Woman in Blue","player_choice":"Bought 3 Potions","floor":7.0,"gold_loss":0.0,"damage_taken":0.0}],"is_beta":true,"boss_relics":[],"items_purged_floors":[3],"is_endless":false,"potions_floor_spawned":[1,5,6,14],"killed_by":"Slime Boss","ascension_level":20}