{"gold_per_floor":[116,133,143,162,237,262,262,280,303,316,316,329,348,359,359,460,460,477,10,20,36,36,36,55,66,66,66,82,82],"floor_reached":29,"playtime":2429,"items_purged":["Strike_R"],"score":235,"play_id":"087a99b2-eb35-4468-b1ea-cfb4a53a2a6e","local_time":"20190910182719","is_ascension_mode":false,"campfire_choices":[{"floor":7,"key":"REST"},{"floor":11,"key":"REST"},{"data":"Limit Break","floor":15,"key":"SMITH"},{"floor":23,"key":"REST"},{"floor":27,"key":"REST"}],"neow_cost":"NONE","seed_source_timestamp":1033123922201293,"circlet_count":0,"master_deck":["Strike_R","Strike_R","Strike_R","Defend_R","Defend_R","Defend_R","Defend_R","Bash","Forethought","Spot Weakness","Flame Barrier","Perfected Strike","Iron Wave","Limit Break+1","Armaments","Anger","Ghostly Armor","Inflame","Demon Form","Headbutt","Twin Strike","Flex","Headbutt","Twin Strike","Shrug It Off","Ghostly Armor+1","Metallicize"],"relics":["Burning Blood","Happy Flower","Strawberry","Philosopher\u0027s Stone","Orichalcum","Membership Card","Meat on the Bone"],"potions_floor_usage":[10,16,16,18,18,20,28,29,29],"damage_taken":[{"damage":9,"enemies":"Jaw Worm","floor":1,"turns":4},{"damage":6,"enemies":"Cultist","floor":2,"turns":3},{"damage":0,"enemies":"2 Louse","floor":3,"turns":4},{"damage":5,"enemies":"Gremlin Gang","floor":4,"turns":5},{"damage":37,"enemies":"Gremlin Nob","floor":6,"turns":6},{"damage":20,"enemies":"Exordium Thugs","floor":8,"turns":7},{"damage":14,"enemies":"Blue Slaver","floor":10,"turns":5},{"damage":3,"enemies":"Red Slaver","floor":12,"turns":5},{"damage":3,"enemies":"Lots of Slimes","floor":13,"turns":4},{"damage":0,"enemies":"Large Slime","floor":14,"turns":6},{"damage":23,"enemies":"The Guardian","floor":16,"turns":7},{"damage":16,"enemies":"Spheric Guardian","floor":18,"turns":4},{"damage":14,"enemies":"Chosen","floor":20,"turns":5},{"damage":35,"enemies":"Sentry and Sphere","floor":21,"turns":6},{"damage":40,"enemies":"Snake Plant","floor":24,"turns":4},{"damage":12,"enemies":"Centurion and Healer","floor":25,"turns":7},{"damage":20,"enemies":"Cultist and Chosen","floor":28,"turns":5},{"damage":52,"enemies":"Chosen and Byrds","floor":29,"turns":8}],"seed_played":"6482181595595537566","potions_obtained":[{"floor":4,"key":"Regen Potion"},{"floor":8,"key":"Fire Potion"},{"floor":10,"key":"Energy Potion"},{"floor":12,"key":"SkillPotion"},{"floor":13,"key":"Poison Potion"},{"floor":16,"key":"Poison Potion"},{"floor":18,"key":"AttackPotion"},{"floor":21,"key":"Energy Potion"},{"floor":25,"key":"LiquidBronze"},{"floor":28,"key":"FearPotion"}],"is_trial":false,"path_per_floor":["M","M","M","M","?","E","R","M","T","M","R","M","M","M","R","B",null,"M","$","M","M","?","R","M","M","T","R","M","M"],"character_chosen":"IRONCLAD","items_purchased":["Orichalcum","Membership Card","Twin Strike","Flex","Energy Potion"],"campfire_rested":4,"item_purchase_floors":[19,19,19,19,19],"current_hp_per_floor":[77,77,80,80,72,41,65,51,58,55,81,84,87,87,87,70,87,77,77,69,40,40,66,32,26,26,52,50,0],"gold":82,"neow_bonus":"RANDOM_COLORLESS","is_prod":false,"is_daily":false,"chose_seed":false,"campfire_upgraded":1,"win_rate":0.0,"timestamp":1568165239,"path_taken":["M","M","M","M","?","E","R","M","T","?","R","M","M","M","R","BOSS","M","$","?","M","?","R","M","M","T","R","?","M"],"build_version":"2019-07-17","purchased_purges":1,"victory":false,"max_hp_per_floor":[80,80,80,80,80,80,80,80,87,87,87,87,87,87,87,87,87,87,87,87,87,87,87,87,87,87,87,87,87],"card_choices":[{"not_picked":["Clash","Ghostly Armor"],"picked":"Spot Weakness","floor":1},{"not_picked":["Shrug It Off","Evolve"],"picked":"Flame Barrier","floor":2},{"not_picked":["Pommel Strike","Uppercut"],"picked":"Perfected Strike","floor":3},{"not_picked":["Seeing Red","Pommel Strike"],"picked":"Iron Wave","floor":4},{"not_picked":["Hemokinesis","Flex"],"picked":"Limit Break","floor":6},{"not_picked":["True Grit","Dropkick"],"picked":"Armaments","floor":8},{"not_picked":["Reckless Charge","Blood for Blood"],"picked":"Anger","floor":10},{"not_picked":["Twin Strike","Cleave"],"picked":"Ghostly Armor","floor":12},{"not_picked":["Power Through","Fire Breathing","Pommel Strike"],"picked":"SKIP","floor":13},{"not_picked":["Burning Pact","Juggernaut"],"picked":"Inflame","floor":14},{"not_picked":["Brutality","Feed"],"picked":"Demon Form","floor":16},{"not_picked":["Combust","Power Through"],"picked":"Headbutt","floor":18},{"not_picked":["Thunderclap","Havoc"],"picked":"Headbutt","floor":20},{"not_picked":["Sentinel","Flex"],"picked":"Twin Strike","floor":21},{"not_picked":["Seeing Red+1","Warcry"],"picked":"Shrug It Off","floor":24},{"not_picked":["Wild Strike","Inflame+1"],"picked":"Ghostly Armor+1","floor":25},{"not_picked":["Havoc","Rampage"],"picked":"Metallicize","floor":28}],"player_experience":513983,"relics_obtained":[{"floor":6,"key":"Happy Flower"},{"floor":9,"key":"Strawberry"},{"floor":26,"key":"Meat on the Bone"}],"event_choices":[{"damage_healed":0,"gold_gain":75,"player_choice":"Touch","damage_taken":8,"max_hp_gain":0,"max_hp_loss":0,"event_name":"FaceTrader","floor":5,"gold_loss":0},{"cards_removed":["Strike_R"],"damage_healed":0,"gold_gain":0,"player_choice":"Purged","damage_taken":0,"max_hp_gain":0,"max_hp_loss":0,"event_name":"Purifier","floor":22,"gold_loss":0}],"is_beta":false,"boss_relics":[{"not_picked":["Ectoplasm","Lizard Tail"],"picked":"Philosopher\u0027s Stone"}],"items_purged_floors":[19],"is_endless":false,"potions_floor_spawned":[4,8,10,12,13,16,18,21,25,28],"killed_by":"Chosen and Byrds","ascension_level":0}