{"gold_per_floor":[113,113,125,125,142,175,175,175,175,205,224,244,244,262,262,357,357,322,322,322,341,3,36,36,36,82,94,123,168,190,202,214,323,335,358,20,120,135,95,113,113,132,132,143,153,170,189,199,199,199],"floor_reached":51,"playtime":8756,"items_purged":[],"score":778,"play_id":"ddca07a3-4ba9-4c92-8696-5450c22eb58d","local_time":"20190117132902","is_ascension_mode":false,"campfire_choices":[{"floor":7.0,"key":"REST"},{"floor":15.0,"key":"REST"},{"floor":24.0,"key":"REST"},{"floor":32.0,"key":"REST"},{"data":"Skewer","floor":41,"key":"SMITH"},{"floor":49,"key":"REST"}],"neow_cost":"NONE","seed_source_timestamp":0,"circlet_count":0,"master_deck":["Defend_G","Defend_G","Defend_G","Defend_G","Defend_G","Strike_G","Strike_G","Strike_G","Strike_G","Survivor","Neutralize","Escape Plan","Deadly Poison","Leg Sweep","Malaise","Prepared","Quick Slash","Catalyst+1","Cloak And Dagger+1","Dash+1","Poisoned Stab","Bullet Time+1","Dodge and Roll+1","Catalyst+1","Cloak And Dagger+1","Crippling Poison+1","PiercingWail+1","Backflip+1","Cloak And Dagger+1","Poisoned Stab","PiercingWail+1","Predator+1","Leg Sweep+1","Malaise+1","Skewer+1","Noxious Fumes","Skewer+1","PiercingWail+1","Acrobatics+1","Deflect+1","PiercingWail+1","Cloak And Dagger+1","Infinite Blades+1","Parasite","Deadly Poison+1","Terror+1","Footwork"],"special_seed":0,"relics":["Ring of the Snake","Dream Catcher","StoneCalendar","Bottled Lightning","Toxic Egg 2","Lizard Tail","MutagenicStrength","ClockworkSouvenir","Bronze Scales","MawBank","The Courier","Thread and Needle","Eternal Feather","Toy Ornithopter","Oddly Smooth Stone","Ginger","Kunai"],"potions_floor_usage":[42,46,47,47],"damage_taken":[{"damage":3.0,"enemies":"Small Slimes","floor":1.0,"turns":4.0},{"damage":1.0,"enemies":"Cultist","floor":3.0,"turns":5.0},{"damage":0.0,"enemies":"2 Louse","floor":5.0,"turns":4.0},{"damage":9.0,"enemies":"Lagavulin","floor":6.0,"turns":11.0},{"damage":23.0,"enemies":"3 Sentries","floor":10.0,"turns":7.0},{"damage":0.0,"enemies":"Looter","floor":11.0,"turns":5.0},{"damage":4.0,"enemies":"2 Fungi Beasts","floor":12.0,"turns":5.0},{"damage":0.0,"enemies":"Blue Slaver","floor":14.0,"turns":4.0},{"damage":7.0,"enemies":"Slime Boss","floor":16.0,"turns":7.0},{"damage":17.0,"enemies":"2 Thieves","floor":18.0,"turns":5.0},{"damage":0.0,"enemies":"Chosen","floor":21.0,"turns":4.0},{"damage":28.0,"enemies":"Gremlin Leader","floor":23.0,"turns":5.0},{"damage":0.0,"enemies":"3 Cultists","floor":28.0,"turns":5.0},{"damage":13.0,"enemies":"Book of Stabbing","floor":29.0,"turns":4.0},{"damage":0.0,"enemies":"Centurion and Healer","floor":30.0,"turns":6.0},{"damage":17.0,"enemies":"Colosseum Slavers","floor":31.0,"turns":5.0},{"damage":51.0,"enemies":"Collector","floor":33.0,"turns":7.0},{"damage":3.0,"enemies":"Orb Walker","floor":35.0,"turns":3.0},{"damage":0.0,"enemies":"Mind Bloom Boss Battle","floor":37.0,"turns":5.0},{"damage":0,"enemies":"3 Shapes","floor":38,"turns":4},{"damage":8,"enemies":"Sphere and 2 Shapes","floor":40,"turns":7},{"damage":0,"enemies":"Transient","floor":42,"turns":5},{"damage":5,"enemies":"Spire Growth","floor":44,"turns":4},{"damage":0,"enemies":"Maw","floor":45,"turns":4},{"damage":38,"enemies":"Transient","floor":46,"turns":5},{"damage":21,"enemies":"Writhing Mass","floor":47,"turns":4},{"damage":23,"enemies":"Spire Growth","floor":48,"turns":7},{"damage":67,"enemies":"Donu and Deca","floor":50,"turns":11}],"seed_played":"7577514794135934235","potions_obtained":[{"floor":1.0,"key":"EssenceOfSteel"},{"floor":3.0,"key":"Ancient Potion"},{"floor":10.0,"key":"Ancient Potion"},{"floor":16.0,"key":"SkillPotion"},{"floor":21.0,"key":"Regen Potion"},{"floor":23.0,"key":"SteroidPotion"},{"floor":37,"key":"Fire Potion"},{"floor":38,"key":"GhostInAJar"},{"floor":44,"key":"Dexterity Potion"},{"floor":46,"key":"Regen Potion"}],"is_trial":false,"path_per_floor":["M","?","M","$","M","E","R","?","T","E","M","M","?","M","R","B",null,"M","?","?","M","$","E","R","?","T","T","M","E","M","?","R","B",null,"M","$","?","M","?","M","R","M","T","M","M","M","M","M","R","B",null],"character_chosen":"THE_SILENT","items_purchased":["ClockworkSouvenir","Cloak And Dagger+1","Crippling Poison+1","Explosive Potion","Toy Ornithopter","Oddly Smooth Stone","Noxious Fumes","Poison Potion"],"campfire_rested":5,"item_purchase_floors":[22,22,22,22,36,36,36,36],"current_hp_per_floor":[67,67,66,66,66,57,70,70,70,47,47,43,48,48,70,63,75,58,58,58,58,58,39,61,61,61,61,61,48,48,31,53,2,75,72,72,75,75,75,67,75,75,75,70,70,37,40,17,66,37],"gold":199,"neow_bonus":"RANDOM_COMMON_RELIC","is_prod":false,"is_daily":false,"chose_seed":false,"campfire_upgraded":1,"win_rate":0.0,"timestamp":1547760542,"path_taken":["M","?","M","$","M","E","R","?","T","E","?","?","?","M","R","BOSS","M","?","?","M","$","E","R","?","T","?","M","E","?","?","R","BOSS","M","$","?","M","?","M","R","?","T","?","M","?","M","M","R","BOSS"],"build_version":"2019-01-10","purchased_purges":0,"victory":true,"max_hp_per_floor":[70,70,70,70,70,70,70,70,70,70,70,70,75,75,75,75,75,75,75,75,75,75,75,75,75,75,75,75,75,75,75,75,75,75,75,75,75,75,75,75,75,75,75,75,75,75,75,75,75,75],"card_choices":[{"not_picked":["Deflect","Distraction"],"picked":"Escape Plan","floor":1.0},{"not_picked":["Catalyst","Slice"],"picked":"Deadly Poison","floor":3.0},{"not_picked":["Prepared","Sucker Punch"],"picked":"Leg Sweep","floor":5.0},{"not_picked":["Dagger Spray","Cloak And Dagger"],"picked":"Malaise","floor":6.0},{"not_picked":["All Out Attack","Masterful Stab"],"picked":"Prepared","floor":7.0},{"not_picked":["Masterful Stab","Riddle With Holes"],"picked":"Quick Slash","floor":10.0},{"not_picked":["Escape Plan+1","Predator"],"picked":"Catalyst+1","floor":11.0},{"not_picked":["Dagger Throw","Slice"],"picked":"Cloak And Dagger+1","floor":12.0},{"not_picked":["Prepared+1","Unload"],"picked":"Dash","floor":14.0},{"not_picked":["Slice","Masterful Stab"],"picked":"Poisoned Stab","floor":15.0},{"not_picked":["Phantasmal Killer+1","Night Terror+1"],"picked":"Bullet Time+1","floor":16.0},{"not_picked":["Terror+1","Dagger Throw"],"picked":"Dodge and Roll+1","floor":18.0},{"not_picked":["Footwork","Acrobatics+1"],"picked":"Catalyst+1","floor":21.0},{"not_picked":["Terror+1","Quick Slash+1"],"picked":"PiercingWail+1","floor":23.0},{"not_picked":["Choke","Blade Dance+1"],"picked":"Backflip+1","floor":24.0},{"not_picked":["Flying Knee+1","Underhanded Strike"],"picked":"Poisoned Stab","floor":28.0},{"not_picked":["Venomology+1","Footwork+1"],"picked":"PiercingWail+1","floor":29.0},{"not_picked":["Sucker Punch","Accuracy"],"picked":"Predator+1","floor":30.0},{"not_picked":["Riddle With Holes+1","Caltrops"],"picked":"Leg Sweep+1","floor":32.0},{"not_picked":["Night Terror+1","Adrenaline+1"],"picked":"Malaise+1","floor":33.0},{"not_picked":["Blade Dance+1","Bane"],"picked":"Skewer+1","floor":35.0},{"not_picked":["Quick Slash+1","Accuracy+1"],"picked":"Skewer","floor":37},{"not_picked":["Reflex+1","Distraction+1"],"picked":"PiercingWail+1","floor":38},{"not_picked":["Slice","Dagger Throw+1"],"picked":"Acrobatics+1","floor":40},{"not_picked":["Flying Knee","All Out Attack"],"picked":"Deflect+1","floor":42},{"not_picked":["Masterful Stab+1","Deadly Poison+1"],"picked":"PiercingWail+1","floor":44},{"not_picked":["Bane","Reflex+1"],"picked":"Cloak And Dagger+1","floor":45},{"not_picked":["Dagger Spray+1","Deflect+1"],"picked":"Infinite Blades+1","floor":46},{"not_picked":["Quick Slash","Flechettes+1"],"picked":"Deadly Poison+1","floor":47},{"not_picked":["Poisoned Stab+1","Prepared+1"],"picked":"Terror+1","floor":48},{"not_picked":["Dagger Throw+1","Noxious Fumes"],"picked":"Footwork","floor":49}],"player_experience":215111,"relics_obtained":[{"floor":6.0,"key":"StoneCalendar"},{"floor":9.0,"key":"Bottled Lightning"},{"floor":10.0,"key":"Toxic Egg 2"},{"floor":23.0,"key":"Bronze Scales"},{"floor":26.0,"key":"MawBank"},{"floor":27.0,"key":"The Courier"},{"floor":29.0,"key":"Thread and Needle"},{"floor":37,"key":"Ginger"},{"floor":43,"key":"Kunai"}],"event_choices":[{"damage_healed":0.0,"max_hp_gain":0.0,"max_hp_loss":0.0,"gold_gain":0.0,"event_name":"The Cleric","player_choice":"Leave","floor":2.0,"gold_loss":0.0,"damage_taken":0.0},{"cards_removed":["Strike_G"],"damage_healed":0.0,"max_hp_gain":0.0,"max_hp_loss":0.0,"gold_gain":0.0,"event_name":"Bonfire Elementals","player_choice":"Offered Basic","floor":8.0,"gold_loss":0.0,"damage_taken":0.0},{"damage_healed":0.0,"max_hp_gain":5.0,"max_hp_loss":0.0,"gold_gain":0.0,"event_name":"Big Fish","player_choice":"Donut","floor":13.0,"gold_loss":0.0,"damage_taken":0.0},{"damage_healed":0.0,"max_hp_gain":0.0,"max_hp_loss":0.0,"gold_gain":0.0,"event_name":"Beggar","player_choice":"Ignored","floor":19.0,"gold_loss":0.0,"damage_taken":0.0},{"damage_healed":0.0,"max_hp_gain":0.0,"max_hp_loss":0.0,"gold_gain":0.0,"event_name":"Drug Dealer","player_choice":"Inject Mutagens","floor":20.0,"gold_loss":0.0,"damage_taken":0.0,"relics_obtained":["MutagenicStrength"]},{"damage_healed":0.0,"max_hp_gain":0.0,"max_hp_loss":0.0,"gold_gain":0.0,"event_name":"The Library","player_choice":"Read","floor":25.0,"gold_loss":0.0,"damage_taken":0.0,"cards_obtained":["Cloak And Dagger"]},{"damage_healed":0.0,"max_hp_gain":0.0,"max_hp_loss":0.0,"gold_gain":0.0,"event_name":"Colosseum","player_choice":"Fight","floor":31.0,"gold_loss":0.0,"damage_taken":0.0},{"damage_healed":0.0,"max_hp_gain":0.0,"max_hp_loss":0.0,"gold_gain":0.0,"event_name":"Colosseum","player_choice":"Fled From Nobs","floor":31.0,"gold_loss":0.0,"damage_taken":0.0},{"damage_healed":0.0,"max_hp_gain":0.0,"max_hp_loss":0.0,"gold_gain":0.0,"event_name":"MindBloom","player_choice":"Fight","floor":37.0,"gold_loss":0.0,"damage_taken":0.0},{"damage_healed":0,"gold_gain":0,"player_choice":"Upgrade","damage_taken":0,"max_hp_gain":0,"max_hp_loss":0,"event_name":"Designer","floor":39,"gold_loss":40,"cards_upgraded":["Dash"]}],"is_beta":false,"boss_relics":[{"not_picked":["Tiny House","Empty Cage"],"picked":"Lizard Tail"},{"not_picked":["Runic Dome","Velvet Choker"],"picked":"Eternal Feather"}],"items_purged_floors":[],"is_endless":false,"potions_floor_spawned":[1,3,10,16,21,23,37,38,44,46],"ascension_level":0}