{"gold_per_floor":[115,115,115,125,50,50,50,50,77,27,27,89,89,100,100,100],"floor_reached":16,"playtime":230,"items_purged":["Strike_B","Strike_B"],"score":242,"play_id":"c13364c2-974e-41e2-b08d-596d92504ad1","local_time":"20190328232446","is_ascension_mode":true,"campfire_choices":[{"data":"Zap","floor":6,"key":"SMITH"},{"data":"Streamline","floor":13,"key":"SMITH"},{"data":"Recycle","floor":15,"key":"SMITH"}],"neow_cost":"NONE","seed_source_timestamp":656711011249007,"circlet_count":0,"master_deck":["AscendersBane","Strike_B+1","Strike_B+1","Defend_B","Defend_B","Defend_B","Defend_B","Zap+1","Dualcast","Recycle+1","Streamline+1"],"relics":["Cracked Core","NeowsBlessing","Boot","Smiling Mask","Tiny Chest"],"potions_floor_usage":[],"damage_taken":[{"damage":0,"enemies":"2 Louse","floor":1,"turns":1},{"damage":0,"enemies":"Jaw Worm","floor":4,"turns":1},{"damage":0,"enemies":"3 Sentries","floor":12,"turns":1},{"damage":0,"enemies":"Small Slimes","floor":14,"turns":2},{"damage":66,"enemies":"Hexaghost","floor":16,"turns":8}],"seed_played":"-7610236229718015585","potions_obtained":[],"is_trial":false,"path_per_floor":["M","?","?","M","$","R","T","?","T","$","?","E","R","M","R","B"],"character_chosen":"DEFECT","items_purchased":[],"campfire_rested":0,"item_purchase_floors":[],"current_hp_per_floor":[64,43,43,43,43,43,43,66,66,66,66,66,66,66,66,0],"gold":100,"neow_bonus":"THREE_ENEMY_KILL","is_prod":false,"is_daily":false,"chose_seed":false,"campfire_upgraded":3,"win_rate":0,"timestamp":1553786686,"path_taken":["M","?","?","M","$","R","?","?","T","?","?","E","R","M","R","BOSS"],"build_version":"2019-03-15","purchased_purges":2,"victory":false,"max_hp_per_floor":[71,71,71,71,71,71,71,71,71,71,71,71,71,71,71,71],"card_choices":[{"not_picked":["Gash","Blizzard","Static Discharge"],"picked":"SKIP","floor":1},{"not_picked":["Hologram","Compile Driver"],"picked":"Recycle","floor":4},{"not_picked":["Conserve Battery","Fusion"],"picked":"Streamline","floor":12},{"not_picked":["Sunder","Compile Driver","Auto Shields"],"picked":"SKIP","floor":14}],"player_experience":2969868,"relics_obtained":[{"floor":7,"key":"Boot"},{"floor":9,"key":"Smiling Mask"},{"floor":12,"key":"Tiny Chest"}],"event_choices":[{"damage_healed":0,"gold_gain":0,"player_choice":"Entered Light","damage_taken":21,"max_hp_gain":0,"max_hp_loss":0,"event_name":"Shining Light","floor":2,"gold_loss":0,"cards_upgraded":["Strike_B","Strike_B"]},{"damage_healed":0,"gold_gain":0,"player_choice":"Ignored","damage_taken":0,"max_hp_gain":0,"max_hp_loss":0,"event_name":"Liars Game","floor":3,"gold_loss":0},{"damage_healed":23,"gold_gain":0,"player_choice":"Banana","damage_taken":0,"max_hp_gain":0,"max_hp_loss":0,"event_name":"Big Fish","floor":8,"gold_loss":0},{"damage_healed":0,"gold_gain":0,"player_choice":"Leave","damage_taken":0,"max_hp_gain":0,"max_hp_loss":0,"event_name":"The Cleric","floor":11,"gold_loss":0}],"is_beta":true,"boss_relics":[],"items_purged_floors":[5,10],"is_endless":false,"potions_floor_spawned":[],"killed_by":"Hexaghost","ascension_level":20}