{"gold_per_floor":[367,382,63,63,83,83,112,130,130,149,175,175,194,212,212,287,287,306,26,36,51,69,86,98,98,170,170,185,185,204,204,204,281,281,291,120,140,15,31,31,31,31,31,44,62,81,110,110,110,110],"floor_reached":51,"playtime":5099,"items_purged":["Writhe","Defend_B","Strike_B"],"score":1201,"play_id":"4115fa6b-79e8-41c0-9273-b3a834817c2d","local_time":"20190203143346","is_ascension_mode":true,"campfire_choices":[{"data":"Self Repair","floor":6.0,"key":"SMITH"},{"data":"Go for the Eyes","floor":12.0,"key":"SMITH"},{"data":"Zap","floor":15.0,"key":"SMITH"},{"data":"The Bomb","floor":27.0,"key":"SMITH"},{"data":"Barrage","floor":29.0,"key":"SMITH"},{"data":"Seek","floor":32.0,"key":"SMITH"},{"data":"Seek","floor":40.0,"key":"SMITH"},{"data":"Coolheaded","floor":42.0,"key":"SMITH"},{"data":"Coolheaded","floor":49.0,"key":"SMITH"}],"neow_cost":"CURSE","seed_source_timestamp":11184284381774,"circlet_count":0,"master_deck":["AscendersBane","Strike_B","Strike_B","Strike_B","Defend_B","Defend_B","Zap+1","Dualcast","Coolheaded+1","Glacier","Self Repair+1","Melter","Conserve Battery","Leap","Go for the Eyes+1","Glacier","Seek+1","Barrage+1","Coolheaded+1","Seek+1","Turbo+1","The Bomb+1","Capacitor+1","Reboot","Barrage+1","Machine Learning+1","Defragment+1","Consume+1","Barrage+1"],"special_seed":0,"relics":["Cracked Core","Boot","Potion Belt","Pantograph","Runic Dome","Frozen Egg 2","Inserter","DataDisk","Blue Candle","Orichalcum","CultistMask"],"potions_floor_usage":[],"damage_taken":[{"damage":9.0,"enemies":"Jaw Worm","floor":1.0,"turns":4.0},{"damage":1.0,"enemies":"Cultist","floor":2.0,"turns":3.0},{"damage":5.0,"enemies":"Small Slimes","floor":5.0,"turns":4.0},{"damage":13.0,"enemies":"Lagavulin","floor":7.0,"turns":9.0},{"damage":3.0,"enemies":"3 Louse","floor":8.0,"turns":3.0},{"damage":0.0,"enemies":"Red Slaver","floor":10.0,"turns":6.0},{"damage":35.0,"enemies":"Gremlin Nob","floor":11.0,"turns":4.0},{"damage":0.0,"enemies":"2 Fungi Beasts","floor":13.0,"turns":4.0},{"damage":6.0,"enemies":"Looter","floor":14.0,"turns":3.0},{"damage":2.0,"enemies":"The Guardian","floor":16.0,"turns":13.0},{"damage":0.0,"enemies":"Spheric Guardian","floor":18.0,"turns":2.0},{"damage":9.0,"enemies":"Shell Parasite","floor":20.0,"turns":6.0},{"damage":26.0,"enemies":"Snake Plant","floor":21.0,"turns":6.0},{"damage":14.0,"enemies":"Shelled Parasite and Fungi","floor":22.0,"turns":3.0},{"damage":2.0,"enemies":"3 Cultists","floor":23.0,"turns":4.0},{"damage":8.0,"enemies":"Centurion and Healer","floor":24.0,"turns":10.0},{"damage":0.0,"enemies":"Chosen and Byrds","floor":25.0,"turns":1.0},{"damage":18.0,"enemies":"Shelled Parasite and Fungi","floor":28.0,"turns":3.0},{"damage":7.0,"enemies":"Centurion and Healer","floor":30.0,"turns":5.0},{"damage":45.0,"enemies":"Collector","floor":33.0,"turns":8.0},{"damage":21.0,"enemies":"3 Darklings","floor":35.0,"turns":3.0},{"damage":0.0,"enemies":"Orb Walker","floor":37.0,"turns":4.0},{"damage":0.0,"enemies":"Sphere and 2 Shapes","floor":39.0,"turns":4.0},{"damage":0.0,"enemies":"Maw","floor":44.0,"turns":7.0},{"damage":6.0,"enemies":"Spire Growth","floor":45.0,"turns":6.0},{"damage":10.0,"enemies":"3 Darklings","floor":46.0,"turns":5.0},{"damage":6.0,"enemies":"Reptomancer","floor":47.0,"turns":6.0},{"damage":16,"enemies":"Awakened One","floor":50,"turns":10}],"seed_played":"4124953671414852222","potions_obtained":[{"floor":2.0,"key":"Energy Potion"},{"floor":5.0,"key":"SmokeBomb"},{"floor":10.0,"key":"Swift Potion"},{"floor":11.0,"key":"SpeedPotion"},{"floor":14.0,"key":"LiquidBronze"},{"floor":21.0,"key":"Ancient Potion"},{"floor":23.0,"key":"Regen Potion"},{"floor":28.0,"key":"Fire Potion"},{"floor":30.0,"key":"Ancient Potion"},{"floor":35.0,"key":"AttackPotion"},{"floor":44.0,"key":"SpeedPotion"}],"is_trial":false,"path_per_floor":["M","M","$","?","M","R","E","M","T","M","E","R","M","M","R","B",null,"M","$","M","M","M","M","M","M","T","R","M","R","M","?","R","B",null,"M","$","M","$","M","R","?","R","T","M","M","M","E","?","R","B",null],"character_chosen":"DEFECT","items_purchased":["Glacier","Self Repair","Melter","Conserve Battery","The Bomb","DataDisk"],"campfire_rested":0,"item_purchase_floors":[3,3,3,3,19,36],"current_hp_per_floor":[55,54,54,54,56,56,53,60,60,70,35,35,45,49,49,71,71,71,71,71,55,41,49,66,66,66,66,48,48,51,51,51,36,62,41,41,41,41,51,51,51,51,51,61,65,65,69,69,69,65],"gold":110,"neow_bonus":"TWO_FIFTY_GOLD","is_prod":false,"is_daily":false,"chose_seed":false,"campfire_upgraded":9,"win_rate":0,"timestamp":1549200826,"path_taken":["M","M","$","?","M","R","E","M","T","?","E","R","M","M","R","BOSS","M","$","M","?","M","M","M","M","T","R","M","R","M","?","R","BOSS","M","?","M","$","M","R","?","R","T","M","M","M","E","?","R","BOSS"],"build_version":"2019-01-17v2","purchased_purges":3,"victory":true,"max_hp_per_floor":[71,71,71,71,71,71,71,71,71,71,71,71,71,71,71,71,71,71,71,71,71,71,71,71,71,71,71,71,71,71,71,71,71,71,71,71,71,71,71,71,71,71,71,71,71,71,71,71,71,71],"card_choices":[{"not_picked":["Steam Power","Rebound","Lockon"],"picked":"SKIP","floor":1.0},{"not_picked":["Turbo","Rebound"],"picked":"Coolheaded","floor":2.0},{"not_picked":["Force Field","Ball Lightning"],"picked":"Go for the Eyes","floor":5.0},{"not_picked":["Melter","Steam Power"],"picked":"Glacier","floor":7.0},{"not_picked":["Coolheaded","Sunder","Stack"],"picked":"SKIP","floor":8.0},{"not_picked":["Scrape","Undo"],"picked":"Seek","floor":10.0},{"not_picked":["Auto Shields","Chaos"],"picked":"Barrage","floor":11.0},{"not_picked":["Chill","Darkness"],"picked":"Coolheaded","floor":13.0},{"not_picked":["Tempest","Rebound","Barrage"],"picked":"SKIP","floor":14.0},{"not_picked":["Rainbow","All For One"],"picked":"Seek","floor":16.0},{"not_picked":["Glacier","Ball Lightning"],"picked":"Turbo+1","floor":18.0},{"not_picked":["Redo","Turbo+1","Leap"],"picked":"SKIP","floor":20.0},{"not_picked":["Streamline","Chaos","Compile Driver"],"picked":"SKIP","floor":21.0},{"not_picked":["Streamline","Stack","Sweeping Beam"],"picked":"SKIP","floor":22.0},{"not_picked":["Beam Cell","Melter","Lockon"],"picked":"SKIP","floor":23.0},{"not_picked":["Streamline","Rebound"],"picked":"Capacitor+1","floor":24.0},{"not_picked":["Auto Shields+1","Sweeping Beam"],"picked":"Reboot","floor":28.0},{"not_picked":["Rebound","Coolheaded"],"picked":"Barrage","floor":30.0},{"not_picked":["Fission","Amplify"],"picked":"Machine Learning+1","floor":33.0},{"not_picked":["Auto Shields+1","Recycle"],"picked":"Defragment+1","floor":35.0},{"not_picked":["Consume+1","Go for the Eyes","Compile Driver"],"picked":"SKIP","floor":37.0},{"not_picked":["Go for the Eyes","Compile Driver"],"picked":"Consume+1","floor":37.0},{"not_picked":["Redo","Cold Snap","Streamline"],"picked":"SKIP","floor":39.0},{"not_picked":["Glacier","Reinforced Body","Heatsinks+1"],"picked":"SKIP","floor":44.0},{"not_picked":["Coolheaded","Redo","Cold Snap"],"picked":"SKIP","floor":45.0},{"not_picked":["All For One","Streamline+1"],"picked":"Barrage+1","floor":46.0},{"not_picked":["Genetic Algorithm","Barrage","Go for the Eyes"],"picked":"SKIP","floor":47.0}],"player_experience":1264615,"relics_obtained":[{"floor":7.0,"key":"Boot"},{"floor":9.0,"key":"Potion Belt"},{"floor":11.0,"key":"Pantograph"},{"floor":26.0,"key":"Frozen Egg 2"},{"floor":43.0,"key":"Blue Candle"},{"floor":47.0,"key":"Orichalcum"}],"event_choices":[{"damage_healed":0.0,"max_hp_gain":0.0,"max_hp_loss":0.0,"gold_gain":0.0,"cards_transformed":["Defend_B"],"event_name":"Transmorgrifier","player_choice":"Transformed","floor":4.0,"gold_loss":0.0,"damage_taken":0.0,"cards_obtained":["Leap"]},{"damage_healed":0.0,"max_hp_gain":0.0,"max_hp_loss":0.0,"gold_gain":0.0,"event_name":"Accursed Blacksmith","player_choice":"Forge","floor":31.0,"gold_loss":0.0,"damage_taken":0.0,"cards_upgraded":["Barrage"]},{"damage_healed":0.0,"max_hp_gain":0.0,"max_hp_loss":0.0,"gold_gain":0.0,"event_name":"Mysterious Sphere","player_choice":"Ignored","floor":41.0,"gold_loss":0.0,"damage_taken":0.0},{"damage_healed":0.0,"max_hp_gain":0.0,"max_hp_loss":0.0,"gold_gain":0.0,"event_name":"FaceTrader","player_choice":"Trade","floor":48.0,"gold_loss":0.0,"damage_taken":0.0,"relics_obtained":["CultistMask"]}],"is_beta":false,"boss_relics":[{"not_picked":["Ectoplasm","Fusion Hammer"],"picked":"Runic Dome"},{"not_picked":["Orrery","Empty Cage"],"picked":"Inserter"}],"items_purged_floors":[3,19,38],"is_endless":false,"potions_floor_spawned":[2,5,10,11,14,21,23,25,28,30,35,44,45],"ascension_level":17}