{"path_per_floor":["M","?","$","?","M","E","?","E","T","E","M","R","?","T","R","B",null,"M","M","?","$","?","R","M","R","T","E","$","?","?","?","R","B",null,"M","M","M","M","?","R","E","M","T","M","R","$","R","M","R","B"],"character_chosen":"DEFECT","items_purchased":["Defragment","Defragment","Capacitor","Anchor"],"gold_per_floor":[219,219,74,74,91,117,117,143,143,172,186,186,186,186,186,279,279,304,322,322,152,152,152,168,168,168,208,1,1,1,1,1,97,97,111,136,155,171,171,171,211,235,235,251,251,104,104,122,122,122],"floor_reached":51,"campfire_rested":5,"playtime":1690,"item_purchase_floors":[],"current_hp_per_floor":[62,62,62,62,62,59,59,40,40,30,18,41,41,41,41,37,63,30,30,54,54,54,54,33,33,33,33,33,33,33,33,54,38,64,64,67,30,20,20,41,26,33,33,10,31,31,52,53,53,39],"items_purged":["Strike_B","Strike_B","Writhe"],"gold":122,"score":1216,"play_id":"d4d60897-cd83-4cee-889d-e64b48da6601","local_time":"20180610165830","is_prod":false,"is_daily":false,"chose_seed":false,"is_ascension_mode":true,"campfire_upgraded":3,"win_rate":0,"timestamp":1528642710,"campfire_choices":[{"floor":12.0,"key":"REST"},{"data":"Defragment","floor":15.0,"key":"SMITH"},{"data":"Defragment","floor":23,"key":"SMITH"},{"data":"Biased Cognition","floor":25,"key":"SMITH"},{"floor":32,"key":"REST"},{"floor":40,"key":"REST"},{"floor":45,"key":"REST"},{"floor":47,"key":"REST"},{"data":"Pain","floor":49,"key":"PURGE"}],"path_taken":["M","?","$","?","?","E","?","E","T","E","?","R","?","?","R","BOSS","M","M","?","$","?","R","M","R","T","E","$","?","?","?","R","BOSS","M","M","M","M","?","R","E","M","T","M","R","$","R","M","R","BOSS"],"build_version":"2018-06-07v3","seed_source_timestamp":65095324798461,"purchased_purges":3,"victory":true,"master_deck":["Strike_B","Defend_B","Defend_B","Defend_B","Defend_B","Zap+1","Dualcast","AscendersBane","Cold Snap","Defragment+1","Leap","Cold Snap","Barrage","Barrage","Biased Cognition+1","Compile Driver+1","Defragment+1","Coolheaded","Capacitor","Self Repair","BootSequence"],"max_hp_per_floor":[71,71,71,71,71,71,71,71,71,78,78,78,72,72,72,72,72,72,72,72,72,72,72,72,72,72,72,72,72,72,72,72,72,72,72,72,72,72,72,72,72,72,72,72,72,72,72,72,72,72],"relics":["Cracked Core","Centennial Puzzle","Du-Vu Doll","Peace Pipe","Kunai","Strawberry","Golden Idol","Juzu Bracelet","Inserter","Mercury Hourglass","Mummified Hand","Art of War","Cursed Key","DataDisk","Dodecahedron","Anchor"],"card_choices":[{"not_picked":["Heatsinks","Barrage"],"picked":"Cold Snap","floor":1.0},{"not_picked":["Sunder","Beam Cell"],"picked":"Leap","floor":5.0},{"not_picked":["Sweeping Beam","Buffer"],"picked":"Cold Snap","floor":6.0},{"not_picked":["Skim","Beam Cell"],"picked":"Barrage","floor":8.0},{"not_picked":["Go for the Eyes","Darkness"],"picked":"Barrage","floor":10.0},{"not_picked":["Static Discharge","Genetic Algorithm","Sweeping Beam"],"picked":"SKIP","floor":11.0},{"not_picked":["Reboot","Machine Learning"],"picked":"Biased Cognition","floor":16.0},{"not_picked":["Beam Cell+1","Doom and Gloom"],"picked":"Compile Driver+1","floor":18},{"not_picked":["Steam","Sunder+1","Compile Driver"],"picked":"SKIP","floor":19},{"not_picked":["Steam Power","Sweeping Beam","Streamline"],"picked":"SKIP","floor":24},{"not_picked":["Chaos","Buffer"],"picked":"Coolheaded","floor":27},{"not_picked":["Leap","White Noise"],"picked":"Self Repair","floor":35},{"not_picked":["Sunder+1","Barrage","Stack"],"picked":"SKIP","floor":36},{"not_picked":["Scrape+1","Force Field","Rebound+1"],"picked":"SKIP","floor":37},{"not_picked":["Tempest","Leap","Lockon"],"picked":"SKIP","floor":38},{"not_picked":["Aggregate","Compile Driver","Rebound"],"picked":"SKIP","floor":41},{"not_picked":["Aggregate","Chaos+1","Steam"],"picked":"SKIP","floor":42},{"not_picked":["Consume","Stack+1","Barrage"],"picked":"SKIP","floor":44},{"not_picked":["Capacitor","Ball Lightning"],"picked":"BootSequence","floor":48}],"player_experience":859942,"potions_floor_usage":[27,27,38,50],"damage_taken":[{"damage":2.0,"enemies":"Jaw Worm","floor":1.0,"turns":3.0},{"damage":0.0,"enemies":"2 Louse","floor":5.0,"turns":2.0},{"damage":3.0,"enemies":"3 Sentries","floor":6.0,"turns":10.0},{"damage":19.0,"enemies":"Gremlin Nob","floor":8.0,"turns":4.0},{"damage":17.0,"enemies":"Lagavulin","floor":10.0,"turns":6.0},{"damage":12.0,"enemies":"Small Slimes","floor":11.0,"turns":2.0},{"damage":4.0,"enemies":"The Guardian","floor":16.0,"turns":10.0},{"damage":33,"enemies":"2 Thieves","floor":18,"turns":4},{"damage":0,"enemies":"Chosen","floor":19,"turns":4},{"damage":21,"enemies":"Centurion and Healer","floor":24,"turns":4},{"damage":0,"enemies":"Gremlin Leader","floor":27,"turns":6},{"damage":16,"enemies":"Automaton","floor":33,"turns":8},{"damage":0,"enemies":"Orb Walker","floor":35,"turns":3},{"damage":4,"enemies":"3 Shapes","floor":36,"turns":3},{"damage":37,"enemies":"3 Darklings","floor":37,"turns":5},{"damage":17,"enemies":"4 Shapes","floor":38,"turns":6},{"damage":22,"enemies":"Nemesis","floor":41,"turns":7},{"damage":0,"enemies":"Sphere and 2 Shapes","floor":42,"turns":5},{"damage":30,"enemies":"3 Darklings","floor":44,"turns":4},{"damage":6,"enemies":"4 Shapes","floor":48,"turns":4},{"damage":21,"enemies":"Donu and Deca","floor":50,"turns":11}],"relics_obtained":[{"floor":6.0,"key":"Centennial Puzzle"},{"floor":8.0,"key":"Peace Pipe"},{"floor":9.0,"key":"Kunai"},{"floor":10.0,"key":"Strawberry"},{"floor":14.0,"key":"Juzu Bracelet"},{"floor":26,"key":"Mummified Hand"},{"floor":27,"key":"Art of War"},{"floor":41,"key":"DataDisk"},{"floor":43,"key":"Dodecahedron"}],"event_choices":[{"event_name":"Living Wall","player_choice":"Grow","floor":2.0,"damage_taken":0.0},{"event_name":"Bonfire Elementals","player_choice":"BASIC","floor":4.0,"damage_taken":0.0},{"event_name":"Wheel of Change","player_choice":"Relic","floor":7.0,"damage_taken":0.0},{"event_name":"Golden Idol","player_choice":"Lose Max HP","floor":13.0,"damage_taken":0.0},{"event_name":"The Library","player_choice":"Heal","floor":20,"damage_taken":0},{"event_name":"The Mausoleum","player_choice":"Yes","floor":22,"damage_taken":0},{"event_name":"Addict","player_choice":"Ignored","floor":29,"damage_taken":0},{"event_name":"Vampires","player_choice":"Ignored","floor":30,"damage_taken":0},{"event_name":"Ghosts","player_choice":"Ignored","floor":31,"damage_taken":0},{"event_name":"The Woman in Blue","player_choice":"Bought 0 Potions","floor":39,"damage_taken":0}],"boss_relics":[{"not_picked":["Sozu","Astrolabe"],"picked":"Inserter"},{"not_picked":["Lizard Tail","Black Star"],"picked":"Cursed Key"}],"items_purged_floors":[],"potions_floor_spawned":[6,10,11,27,33,35,41,44],"seed_played":"361268843225789868","ascension_level":14,"potions_obtained":[{"floor":6.0,"key":"Poison Potion"},{"floor":10.0,"key":"SpeedPotion"},{"floor":11.0,"key":"Fire Potion"},{"floor":27,"key":"LiquidBronze"},{"floor":33,"key":"Dexterity Potion"},{"floor":41,"key":"FearPotion"}],"is_trial":false}