{"gold_per_floor":[117,117,132,102,117,117,145,145,216,250,250,250,124,186,186,257,257,274,274,129,129,129,129,154,154,154,171,171,185,215,231,231,309,309,328,328,328,342,35,35,35,35,35,47,85,132,158,202,214,226,238,250,262,47,47],"floor_reached":55,"playtime":3063,"items_purged":["Strike_B","Strike_B","Strike_B"],"score":2240,"play_id":"b4a9bfba-7372-4736-8487-8979d4f9f59e","local_time":"20190407232520","is_ascension_mode":true,"campfire_choices":[{"data":"Dualcast","floor":6.0,"key":"SMITH"},{"data":"Coolheaded","floor":8.0,"key":"SMITH"},{"data":"Streamline","floor":12.0,"key":"SMITH"},{"data":"Beam Cell","floor":15.0,"key":"SMITH"},{"data":"Defragment","floor":23.0,"key":"SMITH"},{"data":"Coolheaded","floor":25.0,"key":"SMITH"},{"floor":28.0,"key":"RECALL"},{"data":"Turbo","floor":32.0,"key":"SMITH"},{"data":"Apotheosis","floor":40.0,"key":"SMITH"},{"data":"Loop","floor":42.0,"key":"SMITH"},{"data":"Buffer","floor":44.0,"key":"SMITH"},{"data":"Reprogram","floor":49.0,"key":"SMITH"},{"floor":53,"key":"REST"}],"neow_cost":"NONE","seed_source_timestamp":1517609597753744,"circlet_count":0,"master_deck":["AscendersBane","Defend_B","Defend_B","Defend_B","Defend_B","Zap+1","Dualcast+1","Coolheaded+1","Doom and Gloom","Streamline+1","Coolheaded+1","Beam Cell+1","Echo Form","Defragment+1","Glacier","Reprogram+1","BootSequence","Turbo+1","Buffer+1","Recycle","Hologram","Loop+1","Apotheosis+1","Reboot","Redo+1","Electrodynamics"],"special_seed":0,"relics":["Cracked Core","NeowsBlessing","Ancient Tea Set","WingedGreaves","Bag of Preparation","Runic Dome","Strawberry","Nunchaku","Centennial Puzzle","Orrery","Boot","MawBank","Prayer Wheel","FossilizedHelix","Pear","Medical Kit"],"potions_floor_usage":[51,51],"damage_taken":[{"damage":0.0,"enemies":"Jaw Worm","floor":1.0,"turns":1.0},{"damage":0.0,"enemies":"Small Slimes","floor":3.0,"turns":1.0},{"damage":0.0,"enemies":"Cultist","floor":5.0,"turns":1.0},{"damage":9.0,"enemies":"Gremlin Nob","floor":7.0,"turns":3.0},{"damage":11.0,"enemies":"Lagavulin","floor":10.0,"turns":6.0},{"damage":8.0,"enemies":"3 Sentries","floor":14.0,"turns":4.0},{"damage":0.0,"enemies":"Slime Boss","floor":16.0,"turns":7.0},{"damage":14.0,"enemies":"Shell Parasite","floor":18.0,"turns":3.0},{"damage":10.0,"enemies":"Book of Stabbing","floor":24.0,"turns":5.0},{"damage":10.0,"enemies":"Chosen","floor":27.0,"turns":5.0},{"damage":2.0,"enemies":"Centurion and Healer","floor":29.0,"turns":5.0},{"damage":18.0,"enemies":"Gremlin Leader","floor":30.0,"turns":5.0},{"damage":4.0,"enemies":"Cultist and Chosen","floor":31.0,"turns":4.0},{"damage":56.0,"enemies":"Collector","floor":33.0,"turns":12.0},{"damage":8.0,"enemies":"Orb Walker","floor":35.0,"turns":5.0},{"damage":15.0,"enemies":"3 Shapes","floor":38.0,"turns":5.0},{"damage":0.0,"enemies":"Nemesis","floor":45.0,"turns":15.0},{"damage":0.0,"enemies":"Giant Head","floor":46.0,"turns":9.0},{"damage":0.0,"enemies":"Transient","floor":47.0,"turns":6.0},{"damage":12.0,"enemies":"Nemesis","floor":48.0,"turns":15.0},{"damage":49,"enemies":"Donu and Deca","floor":50,"turns":20},{"damage":0,"enemies":"Time Eater","floor":51,"turns":17},{"damage":70,"enemies":"Shield and Spear","floor":55,"turns":6}],"seed_played":"-6117700436450762255","potions_obtained":[{"floor":3.0,"key":"GamblersBrew"},{"floor":4.0,"key":"Fruit Juice"},{"floor":4.0,"key":"Explosive Potion"},{"floor":7.0,"key":"Block Potion"},{"floor":16.0,"key":"Block Potion"},{"floor":27.0,"key":"Regen Potion"},{"floor":29.0,"key":"Regen Potion"},{"floor":33.0,"key":"Explosive Potion"},{"floor":45.0,"key":"EntropicBrew"},{"floor":46.0,"key":"PowerPotion"}],"is_trial":false,"path_per_floor":["M","?","M","?","M","R","E","R","T","E","?","R","$","?","R","B",null,"M","?","$","?","?","R","E","R","T","M","R","M","E","M","R","B",null,"M","T","?","M","$","R","?","R","T","R","E","E","M","E","R","B","B",null,"R","$","E"],"character_chosen":"DEFECT","items_purchased":["Coolheaded","Defragment","Apotheosis","Medical Kit"],"campfire_rested":1,"item_purchase_floors":[13,20,39,54],"current_hp_per_floor":[64,43,43,48,48,48,39,39,39,28,53,53,53,45,45,45,68,54,54,54,32,91,91,88,88,88,78,78,90,86,82,82,26,80,72,72,72,57,57,57,57,57,57,57,57,57,57,55,55,6,6,83,108,108,38],"gold":47,"neow_bonus":"THREE_ENEMY_KILL","is_prod":false,"is_daily":false,"chose_seed":false,"campfire_upgraded":11,"win_rate":0,"timestamp":1554650720,"path_taken":["M","?","M","?","?","R","E","R","T","E","?","R","$","?","R","BOSS","M","?","$","?","?","R","E","R","T","M","R","M","E","M","R","BOSS","M","?","?","?","$","R","?","R","T","R","E","E","?","E","R","BOSS","BOSS","R","$","E"],"build_version":"2019-04-04","purchased_purges":3,"victory":false,"max_hp_per_floor":[71,71,71,76,76,76,76,76,76,76,76,76,76,76,76,76,76,76,76,76,81,91,91,98,98,98,98,98,98,98,98,98,98,98,98,98,98,98,98,98,98,98,98,98,98,98,98,108,108,108,108,108,108,108,108],"card_choices":[{"not_picked":["Beam Cell","Sweeping Beam","Gash"],"picked":"SKIP","floor":1.0},{"not_picked":["Recycle","Gash"],"picked":"Coolheaded","floor":3.0},{"not_picked":["Compile Driver","Conserve Battery"],"picked":"Doom and Gloom","floor":5.0},{"not_picked":["Tempest","Gash","Force Field"],"picked":"SKIP","floor":7.0},{"not_picked":["Beam Cell","Chill"],"picked":"Streamline","floor":10.0},{"not_picked":["Coolheaded","Steam"],"picked":"Beam Cell","floor":14.0},{"not_picked":["Creative AI","Reboot"],"picked":"Echo Form","floor":16.0},{"not_picked":["Steam","Coolheaded","Stack"],"picked":"SKIP","floor":18.0},{"not_picked":["Turbo+1","Hologram+1"],"picked":"Glacier","floor":24.0},{"not_picked":["Doom and Gloom+1","Go for the Eyes","Rebound+1"],"picked":"SKIP","floor":27.0},{"not_picked":["Doom and Gloom+1","Go for the Eyes","Rebound+1"],"picked":"SKIP","floor":27.0},{"not_picked":["Sweeping Beam","Gash+1"],"picked":"Reprogram","floor":29.0},{"not_picked":["Stack","Fusion"],"picked":"BootSequence","floor":30.0},{"not_picked":["Leap","Steam"],"picked":"Turbo","floor":31.0},{"not_picked":["Multi-Cast","Hyperbeam"],"picked":"Buffer","floor":33.0},{"not_picked":["Darkness","Turbo"],"picked":"Recycle","floor":34.0},{"not_picked":["Sweeping Beam+1","Redo"],"picked":"Hologram","floor":34.0},{"not_picked":["Gash","Steam"],"picked":"Loop","floor":34.0},{"not_picked":["Stack","Ball Lightning","Sweeping Beam"],"picked":"SKIP","floor":35.0},{"not_picked":["Turbo","Chaos","Lockon"],"picked":"SKIP","floor":38.0},{"not_picked":["Loop","Steam"],"picked":"Reboot","floor":45.0},{"not_picked":["Loop","Doom and Gloom+1"],"picked":"Redo+1","floor":46.0},{"not_picked":["Storm+1","Ball Lightning+1","Sweeping Beam"],"picked":"SKIP","floor":47.0},{"not_picked":["Barrage","Steam","Lockon"],"picked":"SKIP","floor":47.0},{"not_picked":["Sweeping Beam","Sunder"],"picked":"Electrodynamics","floor":48.0}],"player_experience":3012150,"relics_obtained":[{"floor":7.0,"key":"Ancient Tea Set"},{"floor":10.0,"key":"WingedGreaves"},{"floor":14.0,"key":"Bag of Preparation"},{"floor":24.0,"key":"Strawberry"},{"floor":26.0,"key":"Nunchaku"},{"floor":30.0,"key":"Centennial Puzzle"},{"floor":36.0,"key":"Boot"},{"floor":43.0,"key":"MawBank"},{"floor":45.0,"key":"Prayer Wheel"},{"floor":46.0,"key":"FossilizedHelix"},{"floor":48.0,"key":"Pear"}],"event_choices":[{"damage_healed":0.0,"max_hp_gain":0.0,"max_hp_loss":0.0,"gold_gain":0.0,"event_name":"Shining Light","player_choice":"Entered Light","floor":2.0,"gold_loss":0.0,"damage_taken":21.0,"cards_upgraded":["Strike_B","Zap"]},{"damage_healed":0.0,"max_hp_gain":0.0,"max_hp_loss":0.0,"gold_gain":0.0,"event_name":"The Woman in Blue","player_choice":"Bought 2 Potions","floor":4.0,"gold_loss":0.0,"damage_taken":0.0},{"damage_healed":25.0,"max_hp_gain":0.0,"max_hp_loss":0.0,"gold_gain":0.0,"event_name":"Big Fish","player_choice":"Banana","floor":11.0,"gold_loss":0.0,"damage_taken":0.0},{"damage_healed":0.0,"max_hp_gain":0.0,"max_hp_loss":0.0,"gold_gain":0.0,"event_name":"Dead Adventurer","player_choice":"Searched \u00271\u0027 times","floor":14.0,"gold_loss":0.0,"damage_taken":0.0},{"damage_healed":0.0,"max_hp_gain":0.0,"max_hp_loss":0.0,"gold_gain":0.0,"event_name":"Duplicator","player_choice":"Copied","floor":19.0,"gold_loss":0.0,"damage_taken":0.0,"cards_obtained":["Echo Form"]},{"damage_healed":0.0,"max_hp_gain":5.0,"max_hp_loss":0.0,"gold_gain":0.0,"event_name":"Forgotten Altar","player_choice":"Shed Blood","floor":21.0,"gold_loss":0.0,"damage_taken":27.0},{"cards_removed":["Echo Form"],"damage_healed":49.0,"max_hp_gain":10.0,"max_hp_loss":0.0,"gold_gain":0.0,"event_name":"Bonfire Elementals","player_choice":"Offered Rare","floor":22.0,"gold_loss":0.0,"damage_taken":0.0},{"damage_healed":0.0,"max_hp_gain":0.0,"max_hp_loss":0.0,"gold_gain":0.0,"event_name":"Tomb of Lord Red Mask","player_choice":"Ignored","floor":37.0,"gold_loss":0.0,"damage_taken":0.0},{"cards_removed":["Strike_B"],"damage_healed":0.0,"max_hp_gain":0.0,"max_hp_loss":0.0,"gold_gain":0.0,"event_name":"Purifier","player_choice":"Purged","floor":41.0,"gold_loss":0.0,"damage_taken":0.0}],"is_beta":true,"boss_relics":[{"not_picked":["Velvet Choker","Empty Cage"],"picked":"Runic Dome"},{"not_picked":["Coffee Dripper","White Beast Statue"],"picked":"Orrery"}],"items_purged_floors":[13,20,39],"is_endless":false,"potions_floor_spawned":[3,7,16,27,29,33,45,46,48],"killed_by":"Shield and Spear","ascension_level":20}