{"gold_per_floor":[113,130,146,161,73,100,120,120,171,171,201,215,231,24,24,103,103,121,21,21,48,48,48,65,94,94,107,56,56,88,100,100,175,175,187,198,251,264,40,74,74,102,102,116,126,126,158,31,31,31,31,31,31,31,58,58],"floor_reached":57,"playtime":3108,"items_purged":["Strike_G","Strike_G","Strike_G"],"score":3559,"play_id":"9a696b54-cf21-4b8c-9ca6-3ed3e66828d4","local_time":"20190902021436","is_ascension_mode":true,"campfire_choices":[{"data":"Deadly Poison","floor":8.0,"key":"SMITH"},{"data":"Well Laid Plans","floor":10.0,"key":"SMITH"},{"data":"Tactician","floor":15.0,"key":"SMITH"},{"data":"Prepared","floor":23.0,"key":"SMITH"},{"data":"Reflex","floor":29.0,"key":"SMITH"},{"data":"Acrobatics","floor":32.0,"key":"SMITH"},{"data":"Havoc","floor":46.0,"key":"SMITH"},{"floor":49.0,"key":"RECALL"},{"data":"Deep Breath","floor":53.0,"key":"SMITH"}],"neow_cost":"TEN_PERCENT_HP_LOSS","seed_source_timestamp":29694196362365,"circlet_count":0,"master_deck":["AscendersBane","Defend_G","Defend_G","Defend_G","Defend_G","Defend_G","Survivor","Neutralize","Terror","Escape Plan","Well Laid Plans+1","Backflip","Tactician+1","Reflex+1","Grand Finale","Ghostly","Ghostly","Ghostly","Prepared+1","Acrobatics+1","Adrenaline","Night Terror+1","Corpse Explosion+1","Distraction+1","Adrenaline","Finesse","Deep Breath+1","Evolve","Havoc+1","Footwork","Reprogram"],"special_seed":0,"relics":["Ring of the Snake","FossilizedHelix","Strawberry","Bag of Marbles","Mummified Hand","Runic Pyramid","Red Mask","Vajra","Art of War","Astrolabe","Tingsha","PrismaticShard","Bag of Preparation","Potion Belt","Smiling Mask","Darkstone Periapt","Pen Nib"],"potions_floor_usage":[56,56,56,56],"damage_taken":[{"damage":0.0,"enemies":"Cultist","floor":1.0,"turns":4.0},{"damage":0.0,"enemies":"Jaw Worm","floor":2.0,"turns":4.0},{"damage":0.0,"enemies":"2 Louse","floor":3.0,"turns":2.0},{"damage":0.0,"enemies":"2 Fungi Beasts","floor":4.0,"turns":4.0},{"damage":26.0,"enemies":"Lagavulin","floor":6.0,"turns":9.0},{"damage":8.0,"enemies":"Large Slime","floor":7.0,"turns":8.0},{"damage":0.0,"enemies":"Gremlin Nob","floor":11.0,"turns":4.0},{"damage":0.0,"enemies":"Exordium Wildlife","floor":12.0,"turns":4.0},{"damage":0.0,"enemies":"Looter","floor":13.0,"turns":3.0},{"damage":10.0,"enemies":"Hexaghost","floor":16.0,"turns":9.0},{"damage":0.0,"enemies":"Shell Parasite","floor":18.0,"turns":3.0},{"damage":22.0,"enemies":"Masked Bandits","floor":21.0,"turns":4.0},{"damage":5.0,"enemies":"Chosen","floor":24.0,"turns":7.0},{"damage":0.0,"enemies":"Book of Stabbing","floor":25.0,"turns":6.0},{"damage":0.0,"enemies":"Sentry and Sphere","floor":27.0,"turns":7.0},{"damage":0.0,"enemies":"Gremlin Leader","floor":30.0,"turns":4.0},{"damage":0.0,"enemies":"Chosen and Byrds","floor":31.0,"turns":3.0},{"damage":0.0,"enemies":"Collector","floor":33.0,"turns":6.0},{"damage":0.0,"enemies":"3 Darklings","floor":35.0,"turns":3.0},{"damage":0.0,"enemies":"3 Shapes","floor":36.0,"turns":3.0},{"damage":0.0,"enemies":"2 Orb Walkers","floor":37.0,"turns":3.0},{"damage":0.0,"enemies":"Writhing Mass","floor":38.0,"turns":5.0},{"damage":0.0,"enemies":"Giant Head","floor":40.0,"turns":5.0},{"damage":0.0,"enemies":"Nemesis","floor":42.0,"turns":7.0},{"damage":0.0,"enemies":"Transient","floor":44.0,"turns":6.0},{"damage":0.0,"enemies":"4 Shapes","floor":45.0,"turns":7.0},{"damage":0.0,"enemies":"Giant Head","floor":47.0,"turns":4.0},{"damage":0.0,"enemies":"Donu and Deca","floor":50.0,"turns":5.0},{"damage":0.0,"enemies":"Time Eater","floor":51.0,"turns":9.0},{"damage":0.0,"enemies":"Shield and Spear","floor":55.0,"turns":6.0},{"damage":0,"enemies":"The Heart","floor":56,"turns":9}],"seed_played":"-5112446042173372942","potions_obtained":[{"floor":2.0,"key":"Weak Potion"},{"floor":3.0,"key":"Ancient Potion"},{"floor":11.0,"key":"SkillPotion"},{"floor":16.0,"key":"LiquidBronze"},{"floor":18.0,"key":"Energy Potion"},{"floor":31.0,"key":"SpeedPotion"},{"floor":36.0,"key":"Ancient Potion"},{"floor":44.0,"key":"Ancient Potion"},{"floor":45.0,"key":"Explosive Potion"}],"is_trial":false,"path_per_floor":["M","M","M","M","$","E","M","R","T","R","E","M","M","$","R","B",null,"M","$","?","?","?","R","M","E","T","M","$","R","E","M","R","B",null,"M","M","?","M","$","E","?","E","T","M","M","R","E","$","R","B","B",null,"R","$","E","B",null],"character_chosen":"THE_SILENT","items_purchased":["Well Laid Plans","Reflex","Poison Potion","Acrobatics","PrismaticShard","Footwork"],"campfire_rested":0,"item_purchase_floors":[5,14,14,28,39,48],"current_hp_per_floor":[59,59,59,59,59,40,32,32,32,32,32,32,32,32,32,22,56,56,56,33,11,11,11,6,6,6,6,6,6,6,6,6,6,26,26,26,26,26,26,26,16,16,16,16,16,16,16,16,16,16,16,29,29,29,29,29],"gold":58,"neow_bonus":"ONE_RARE_RELIC","is_prod":false,"is_daily":false,"chose_seed":false,"campfire_upgraded":8,"win_rate":0,"timestamp":1567358076,"path_taken":["M","M","M","M","$","E","M","R","T","R","E","M","?","$","R","BOSS","M","$","?","?","?","R","M","E","T","M","$","R","E","M","R","BOSS","M","M","?","M","$","E","?","E","T","M","M","R","E","?","R","BOSS","BOSS","R","$","E","BOSS"],"build_version":"2019-07-17","purchased_purges":3,"victory":true,"max_hp_per_floor":[60,60,60,60,60,67,67,67,67,67,67,67,67,67,67,67,67,67,67,33,33,33,33,33,33,33,33,33,33,33,33,33,33,33,33,33,33,33,33,33,33,33,33,33,33,33,33,33,33,33,33,33,33,33,33,33],"card_choices":[{"not_picked":["Dagger Throw","Eviscerate"],"picked":"Terror","floor":1.0},{"not_picked":["Expertise","Cloak And Dagger","Dodge and Roll"],"picked":"SKIP","floor":2.0},{"not_picked":["Cloak And Dagger","All Out Attack"],"picked":"Deadly Poison","floor":3.0},{"not_picked":["Skewer","Dagger Throw"],"picked":"Escape Plan","floor":4.0},{"not_picked":["Deadly Poison","Deflect","Choke"],"picked":"SKIP","floor":6.0},{"not_picked":["Slice","Sucker Punch","Backflip"],"picked":"SKIP","floor":7.0},{"not_picked":["Slice","Sucker Punch"],"picked":"Backflip","floor":7.0},{"not_picked":["Expertise","All Out Attack"],"picked":"Tactician","floor":11.0},{"not_picked":["Outmaneuver","Prepared","Dodge and Roll"],"picked":"SKIP","floor":12.0},{"not_picked":["All Out Attack","Expertise","Skewer"],"picked":"SKIP","floor":13.0},{"not_picked":["Venomology","Unload"],"picked":"Grand Finale","floor":16.0},{"not_picked":["Heel Hook","Flying Knee","Backstab"],"picked":"SKIP","floor":18.0},{"not_picked":["Bouncing Flask","Distraction+1","Deflect"],"picked":"SKIP","floor":24.0},{"not_picked":["Dagger Spray","Doppelganger","PiercingWail"],"picked":"SKIP","floor":25.0},{"not_picked":["Flying Knee","Prepared","Distraction"],"picked":"SKIP","floor":27.0},{"not_picked":["Eviscerate","Riddle With Holes","Escape Plan"],"picked":"SKIP","floor":30.0},{"not_picked":["PiercingWail","Concentrate","Acrobatics"],"picked":"SKIP","floor":31.0},{"not_picked":["Storm of Steel","Glass Knife"],"picked":"Adrenaline","floor":33.0},{"not_picked":["Flying Knee","Poisoned Stab+1","Cloak And Dagger+1"],"picked":"SKIP","floor":35.0},{"not_picked":["Outmaneuver+1","Blur","Prepared"],"picked":"SKIP","floor":36.0},{"not_picked":["PiercingWail","Backflip+1"],"picked":"Adrenaline","floor":38.0},{"not_picked":["Sweeping Beam","Clash"],"picked":"Finesse","floor":40.0},{"not_picked":["Dramatic Entrance","The Bomb"],"picked":"Deep Breath","floor":41.0},{"not_picked":["Compile Driver","Backflip"],"picked":"Evolve","floor":42.0},{"not_picked":["Forethought","Flame Barrier","Poisoned Stab+1"],"picked":"SKIP","floor":44.0},{"not_picked":["Havoc","Warcry","Bane"],"picked":"SKIP","floor":45.0},{"not_picked":["Warcry","Bane"],"picked":"Havoc","floor":45.0},{"not_picked":["Madness","Dodge and Roll","Secret Technique"],"picked":"SKIP","floor":47.0},{"not_picked":["PanicButton+1","Barrage+1"],"picked":"Reprogram","floor":55.0}],"player_experience":994888,"relics_obtained":[{"floor":6.0,"key":"Strawberry"},{"floor":9.0,"key":"Bag of Marbles"},{"floor":11.0,"key":"Mummified Hand"},{"floor":21.0,"key":"Red Mask"},{"floor":25.0,"key":"Vajra"},{"floor":30.0,"key":"Art of War"},{"floor":37.0,"key":"Tingsha"},{"floor":40.0,"key":"Bag of Preparation"},{"floor":42.0,"key":"Potion Belt"},{"floor":43.0,"key":"Smiling Mask"},{"floor":47.0,"key":"Darkstone Periapt"},{"floor":55.0,"key":"Pen Nib"}],"event_choices":[{"damage_healed":0.0,"max_hp_gain":0.0,"max_hp_loss":34.0,"gold_gain":0.0,"event_name":"Ghosts","player_choice":"Became a Ghost","floor":20.0,"gold_loss":0.0,"damage_taken":0.0,"cards_obtained":["Ghostly","Ghostly","Ghostly"]},{"damage_healed":0.0,"max_hp_gain":0.0,"max_hp_loss":0.0,"gold_gain":0.0,"event_name":"Masked Bandits","player_choice":"Fought Bandits","floor":21.0,"gold_loss":0.0,"damage_taken":0.0},{"damage_healed":0.0,"max_hp_gain":0.0,"max_hp_loss":0.0,"gold_gain":0.0,"event_name":"The Library","player_choice":"Read","floor":22.0,"gold_loss":0.0,"damage_taken":0.0,"cards_obtained":["Prepared"]},{"damage_healed":0.0,"max_hp_gain":0.0,"max_hp_loss":0.0,"gold_gain":0.0,"event_name":"Mysterious Sphere","player_choice":"Fight","floor":37.0,"gold_loss":0.0,"damage_taken":0.0},{"damage_healed":0.0,"max_hp_gain":0.0,"max_hp_loss":0.0,"gold_gain":0.0,"event_name":"SensoryStone","player_choice":"Memory 3","floor":41.0,"gold_loss":0.0,"damage_taken":10.0}],"is_beta":false,"boss_relics":[{"not_picked":["Eternal Feather","Philosopher\u0027s Stone"],"picked":"Runic Pyramid"},{"not_picked":["Coffee Dripper","Fusion Hammer"],"picked":"Astrolabe"}],"items_purged_floors":[14,19,48],"is_endless":false,"potions_floor_spawned":[2,3,4,11,16,18,25,30,31,36,38,44,45,47],"ascension_level":20}