{"gold_per_floor":[112,41,41,41,54,54,54,27,27,27,74,74,101,116,116,213,213,226,246,336,355,371,371,371],"floor_reached":24,"playtime":2538,"items_purged":[],"score":194,"play_id":"b8045ef9-2fa4-47d2-ae09-4dbce61dd4de","local_time":"20190101192003","is_ascension_mode":false,"campfire_choices":[{"data":"Zap","floor":6,"key":"SMITH"},{"data":"Conserve Battery","floor":12,"key":"SMITH"},{"floor":15,"key":"REST"},{"floor":23,"key":"REST"}],"neow_cost":"NONE","seed_source_timestamp":191545945654733,"circlet_count":0,"master_deck":["Strike_B","Strike_B","Strike_B","Strike_B","Defend_B","Defend_B","Defend_B","Defend_B","Zap+1","Dualcast","Rebound","Blizzard+1","Conserve Battery+1","Steam","Reinforced Body","Steam","Electrodynamics","Capacitor","Chill","Beam Cell+1","Amplify"],"relics":["Cracked Core","Bird Faced Urn","Strawberry","Ancient Tea Set","Philosopher\u0027s Stone"],"potions_floor_usage":[16,16,21,22,24],"damage_taken":[{"damage":1,"enemies":"Jaw Worm","floor":1,"turns":5},{"damage":1,"enemies":"Small Slimes","floor":5,"turns":3},{"damage":25,"enemies":"Lagavulin","floor":13,"turns":8},{"damage":2,"enemies":"2 Louse","floor":14,"turns":3},{"damage":85,"enemies":"Slime Boss","floor":16,"turns":17},{"damage":9,"enemies":"3 Byrds","floor":18,"turns":4},{"damage":24,"enemies":"2 Thieves","floor":19,"turns":5},{"damage":15,"enemies":"Centurion and Healer","floor":21,"turns":11},{"damage":20,"enemies":"Snake Plant","floor":22,"turns":4},{"damage":48,"enemies":"Book of Stabbing","floor":24,"turns":7}],"seed_played":"-8342086178568192169","potions_obtained":[{"floor":1,"key":"Ancient Potion"},{"floor":13,"key":"Energy Potion"},{"floor":16,"key":"SpeedPotion"},{"floor":18,"key":"Block Potion"},{"floor":19,"key":"Dexterity Potion"},{"floor":21,"key":"Poison Potion"}],"is_trial":false,"path_per_floor":["M","$","?","?","M","R","?","$","T","?","T","R","E","M","R","B",null,"M","M","?","M","M","R","E"],"character_chosen":"DEFECT","items_purchased":["Blizzard","Steam"],"campfire_rested":2,"item_purchase_floors":[2,8],"current_hp_per_floor":[81,81,81,81,80,80,80,80,80,80,87,87,62,60,86,1,89,80,60,44,33,15,41,0],"gold":371,"neow_bonus":"TEN_PERCENT_HP_BONUS","is_prod":false,"is_daily":false,"chose_seed":false,"campfire_upgraded":2,"win_rate":0.0,"timestamp":1546399203,"path_taken":["M","$","?","?","M","R","?","$","T","?","?","R","E","M","R","BOSS","M","M","?","?","M","R","E"],"build_version":"2018-12-20","purchased_purges":0,"victory":false,"max_hp_per_floor":[82,82,82,82,82,82,82,82,82,82,89,89,89,89,89,89,89,89,89,89,89,89,89,89],"card_choices":[{"not_picked":["Consume","Gash"],"picked":"Rebound","floor":1},{"not_picked":["Coolheaded","Hyperbeam"],"picked":"Conserve Battery","floor":5},{"not_picked":["Go for the Eyes","Rebound"],"picked":"Reinforced Body","floor":13},{"not_picked":["White Noise","Compile Driver"],"picked":"Steam","floor":14},{"not_picked":["Buffer","Core Surge"],"picked":"Electrodynamics","floor":16},{"not_picked":["Conserve Battery","Turbo+1"],"picked":"Capacitor","floor":18},{"not_picked":["Gash+1","Ball Lightning"],"picked":"Chill","floor":19},{"not_picked":["Barrage+1","Steam"],"picked":"Beam Cell+1","floor":21},{"not_picked":["Go for the Eyes+1","Heatsinks"],"picked":"Amplify","floor":22}],"player_experience":84115,"relics_obtained":[{"floor":9,"key":"Bird Faced Urn"},{"floor":11,"key":"Strawberry"},{"floor":13,"key":"Ancient Tea Set"}],"event_choices":[{"damage_healed":0,"gold_gain":0,"player_choice":"Leave","damage_taken":0,"max_hp_gain":0,"max_hp_loss":0,"event_name":"The Cleric","floor":3,"gold_loss":0},{"damage_healed":0,"gold_gain":0,"player_choice":"Grow","damage_taken":0,"max_hp_gain":0,"max_hp_loss":0,"event_name":"Living Wall","floor":4,"gold_loss":0,"cards_upgraded":["Blizzard"]},{"damage_healed":0,"gold_gain":0,"player_choice":"Searched \u00271\u0027 times","damage_taken":0,"max_hp_gain":0,"max_hp_loss":0,"event_name":"Dead Adventurer","floor":7,"gold_loss":0},{"damage_healed":0,"gold_gain":0,"player_choice":"Ignored","damage_taken":0,"max_hp_gain":0,"max_hp_loss":0,"event_name":"Golden Wing","floor":10,"gold_loss":0},{"damage_healed":0,"gold_gain":90,"player_choice":"GOLD ","damage_taken":16,"max_hp_gain":0,"max_hp_loss":0,"event_name":"Knowing Skull","floor":20,"potions_obtained":[],"gold_loss":0,"cards_obtained":[]}],"is_beta":false,"boss_relics":[{"not_picked":["Busted Crown","White Beast Statue"],"picked":"Philosopher\u0027s Stone"}],"items_purged_floors":[],"is_endless":false,"potions_floor_spawned":[1,13,16,18,19,21],"killed_by":"Book of Stabbing","ascension_level":0}