{"gold_per_floor":[116,41,41,67,67,67,100,117,141,141,41,66,66,77,77,162,162,179,179,54,90,90],"floor_reached":22,"playtime":515,"items_purged":["Strike_R","Defend_R","Strike_R"],"score":410,"play_id":"83598f03-304f-4b68-90b3-3b291458de6c","local_time":"20190917123440","is_ascension_mode":true,"campfire_choices":[{"data":"Shrug It Off","floor":6.0,"key":"SMITH"},{"data":"Feel No Pain","floor":10.0,"key":"SMITH"},{"data":"Rampage","floor":13.0,"key":"SMITH"},{"floor":15.0,"key":"RECALL"}],"neow_cost":"NONE","seed_source_timestamp":2850899108319100,"circlet_count":0,"master_deck":["AscendersBane","Strike_R","Strike_R+1","Defend_R+1","Defend_R+1","Defend_R+1","Bash","Shrug It Off+1","Power Through","Feel No Pain+1","Rampage+1","Barricade","Body Slam"],"special_seed":0,"relics":["Burning Blood","NeowsBlessing","CeramicFish","War Paint","Snecko Eye","Red Mask"],"potions_floor_usage":[],"damage_taken":[{"damage":0.0,"enemies":"Small Slimes","floor":1.0,"turns":1.0},{"damage":0.0,"enemies":"Gremlin Nob","floor":7.0,"turns":1.0},{"damage":0.0,"enemies":"Jaw Worm","floor":8.0,"turns":1.0},{"damage":0.0,"enemies":"2 Louse","floor":12.0,"turns":3.0},{"damage":0.0,"enemies":"Looter","floor":14.0,"turns":3.0},{"damage":62.0,"enemies":"Hexaghost","floor":16.0,"turns":10.0},{"damage":0.0,"enemies":"2 Thieves","floor":18.0,"turns":5.0},{"damage":58,"enemies":"Masked Bandits","floor":21,"turns":7},{"damage":0,"enemies":"3 Byrds","floor":22,"turns":3}],"seed_played":"2446524148549955429","potions_obtained":[{"floor":8.0,"key":"DuplicationPotion"},{"floor":16.0,"key":"SpeedPotion"}],"is_trial":false,"path_per_floor":["M","$","?","T","?","R","E","M","T","R","$","M","R","M","R","B",null,"M","?","$","?","M"],"character_chosen":"IRONCLAD","items_purchased":[],"campfire_rested":0,"item_purchase_floors":[],"current_hp_per_floor":[74,74,51,51,44,44,50,56,56,56,56,62,62,68,68,12,59,65,65,65,13,13],"gold":90,"neow_bonus":"THREE_ENEMY_KILL","is_prod":false,"is_daily":false,"chose_seed":false,"campfire_upgraded":3,"win_rate":0,"timestamp":1568694880,"path_taken":["M","$","?","?","?","R","E","M","T","R","$","M","R","M","R","BOSS","M","?","$","?","M"],"build_version":"2019-09-16","purchased_purges":3,"victory":false,"max_hp_per_floor":[75,75,75,75,75,75,75,75,75,75,75,75,75,75,75,75,75,75,75,75,75,75],"card_choices":[{"not_picked":["Dual Wield","Rage"],"picked":"Shrug It Off","floor":1.0},{"not_picked":["Iron Wave","Twin Strike"],"picked":"Power Through","floor":7.0},{"not_picked":["Cleave","Shrug It Off"],"picked":"Feel No Pain","floor":8.0},{"not_picked":["Sentinel","Warcry"],"picked":"Rampage","floor":12.0},{"not_picked":["Rage","Dropkick","Iron Wave"],"picked":"SKIP","floor":14.0},{"not_picked":["Feed","Dark Embrace"],"picked":"Barricade","floor":16.0},{"not_picked":["Headbutt","Anger","Ghostly Armor"],"picked":"SKIP","floor":18.0},{"not_picked":["Havoc","Iron Wave"],"picked":"Body Slam","floor":21}],"player_experience":3305792,"relics_obtained":[{"floor":7.0,"key":"CeramicFish"},{"floor":9.0,"key":"War Paint"},{"floor":21,"key":"Red Mask"}],"event_choices":[{"damage_healed":0.0,"max_hp_gain":0.0,"max_hp_loss":0.0,"gold_gain":0.0,"event_name":"Shining Light","player_choice":"Entered Light","floor":3.0,"gold_loss":0.0,"damage_taken":23.0,"cards_upgraded":["Defend_R","Strike_R"]},{"cards_removed":["Strike_R"],"damage_healed":0.0,"max_hp_gain":0.0,"max_hp_loss":0.0,"gold_gain":0.0,"event_name":"Golden Wing","player_choice":"Card Removal","floor":5.0,"gold_loss":0.0,"damage_taken":7.0},{"damage_healed":0.0,"max_hp_gain":0.0,"max_hp_loss":0.0,"gold_gain":0.0,"event_name":"The Mausoleum","player_choice":"Ignored","floor":19.0,"gold_loss":0.0,"damage_taken":0.0},{"damage_healed":0,"gold_gain":0,"player_choice":"Fought Bandits","damage_taken":0,"max_hp_gain":0,"max_hp_loss":0,"event_name":"Masked Bandits","floor":21,"gold_loss":0}],"is_beta":true,"boss_relics":[{"not_picked":["SacredBark","Busted Crown"],"picked":"Snecko Eye"}],"items_purged_floors":[2,11,20],"is_endless":false,"potions_floor_spawned":[8,16],"killed_by":"3 Byrds","ascension_level":20}