{"path_per_floor":["M","?","$","M","M","E","R","E","T","R","M","M","E","M","R"],"character_chosen":"DEFECT","items_purchased":["Storm"],"gold_per_floor":[112,112,3,20,34,63,63,92,92,92,103,119,154,173,173,173],"floor_reached":16,"campfire_rested":1,"playtime":1264,"item_purchase_floors":[3],"current_hp_per_floor":[67,67,67,66,53,33,33,16,16,38,31,29,35,24,24,0],"items_purged":["Normality"],"gold":173,"score":134,"play_id":"eba01f67-637e-40f3-8a2a-80cade78b421","local_time":"20180606011602","is_prod":false,"is_daily":false,"chose_seed":false,"is_ascension_mode":true,"campfire_upgraded":2,"win_rate":0,"timestamp":1528240562,"campfire_choices":[{"data":"Zap","floor":7,"key":"SMITH"},{"floor":10,"key":"REST"},{"data":"Go for the Eyes","floor":15,"key":"SMITH"}],"path_taken":["M","?","$","?","M","E","R","E","T","R","M","M","E","?","R","BOSS"],"build_version":"2018-05-31","seed_source_timestamp":144727136667266,"purchased_purges":1,"victory":false,"master_deck":["Strike_B","Strike_B","Strike_B","Strike_B","Defend_B","Defend_B","Defend_B","Defend_B","Zap+1","Dualcast","Injury","Doubt","Ball Lightning+1","Storm","Hologram","Heatsinks","Tempest","Force Field","Conserve Battery","Go for the Eyes+1"],"max_hp_per_floor":[75,75,75,75,75,75,75,75,75,75,75,75,89,89,89,89],"relics":["Calling Bell","Vajra","Blue Candle","Unceasing Top","Art of War","Kunai","Dream Catcher","Mango"],"card_choices":[{"not_picked":["Static Discharge","BootSequence"],"picked":"Ball Lightning","floor":1},{"not_picked":["Doom and Gloom","BootSequence","Barrage"],"picked":"SKIP","floor":4},{"not_picked":["Double Energy","Heatsinks"],"picked":"Hologram","floor":5},{"not_picked":["Blizzard","Scrape"],"picked":"Heatsinks","floor":6},{"not_picked":["Turbo","Redo","Melter"],"picked":"SKIP","floor":8},{"not_picked":["Beam Cell","Sweeping Beam"],"picked":"Tempest","floor":10},{"not_picked":["Fission","Stack"],"picked":"Force Field","floor":11},{"not_picked":["Steam","Double Energy"],"picked":"Conserve Battery","floor":12},{"not_picked":["Undo","Rip and Tear","Glacier"],"picked":"SKIP","floor":13},{"not_picked":["Coolheaded","Leap"],"picked":"Go for the Eyes","floor":14}],"player_experience":754349,"potions_floor_usage":[12,16,16],"damage_taken":[{"damage":8,"enemies":"Small Slimes","floor":1,"turns":3},{"damage":1,"enemies":"Cultist","floor":4,"turns":3},{"damage":13,"enemies":"Jaw Worm","floor":5,"turns":4},{"damage":20,"enemies":"3 Sentries","floor":6,"turns":7},{"damage":17,"enemies":"Gremlin Nob","floor":8,"turns":4},{"damage":7,"enemies":"Gremlin Gang","floor":11,"turns":5},{"damage":2,"enemies":"Red Slaver","floor":12,"turns":3},{"damage":8,"enemies":"Lagavulin","floor":13,"turns":7},{"damage":11,"enemies":"Large Slime","floor":14,"turns":5},{"damage":26,"enemies":"The Guardian","floor":16,"turns":8}],"relics_obtained":[{"floor":0,"key":"Vajra"},{"floor":0,"key":"Blue Candle"},{"floor":0,"key":"Unceasing Top"},{"floor":6,"key":"Art of War"},{"floor":8,"key":"Kunai"},{"floor":9,"key":"Dream Catcher"},{"floor":13,"key":"Mango"}],"event_choices":[{"event_name":"Upgrade Shrine","player_choice":"Upgraded","floor":2,"damage_taken":0}],"boss_relics":[],"items_purged_floors":[3],"potions_floor_spawned":[1,6,11],"seed_played":"1289785895268626849","killed_by":"The Guardian","ascension_level":2,"potions_obtained":[{"floor":1,"key":"Dexterity Potion"},{"floor":6,"key":"Swift Potion"},{"floor":11,"key":"Poison Potion"}],"is_trial":false}