{"gold_per_floor":[210,228,239,96,116,142,158,158,227,260,273,308,308,273,273,374,374,357,375,375,386,398,398,31,31,31,51,51,64,64,64,64,169,169,188,188,198,215,215,225,235,14,14,14,14,31,31,43,43,43],"floor_reached":51,"playtime":5346,"items_purged":[],"score":673,"play_id":"a50b09f3-9666-431d-93c3-2fe6c140a571","local_time":"20190916093529","is_ascension_mode":false,"campfire_choices":[{"floor":8.0,"key":"REST"},{"floor":13.0,"key":"REST"},{"data":"Streamline","floor":15.0,"key":"SMITH"},{"floor":23.0,"key":"REST"},{"floor":25.0,"key":"REST"},{"floor":28.0,"key":"REST"},{"data":"Static Discharge","floor":30.0,"key":"SMITH"},{"floor":32.0,"key":"REST"},{"floor":45,"key":"REST"},{"floor":47,"key":"REST"},{"floor":49,"key":"REST"}],"neow_cost":"NONE","seed_source_timestamp":0,"circlet_count":0,"master_deck":["Strike_B+1","Strike_B+1","Defend_B+1","Defend_B+1","Defend_B+1","Defend_B+1","Zap","Dualcast","Go for the Eyes","Cold Snap","Conserve Battery","Melter","Cold Snap","Streamline+1","Thunder Strike","Stack","Stack","Ball Lightning","Multi-Cast","Conserve Battery","Leap+1","Coolheaded+1","Auto Shields","Static Discharge+1","Cold Snap+1","Machine Learning","Echo Form","Streamline+1","Barrage","Glacier","Glacier","Glacier","Stack+1","Storm","Ball Lightning","Loop"],"special_seed":0,"relics":["FrozenCore","Bottled Lightning","Pantograph","Mango","Oddly Smooth Stone","Inserter","Regal Pillow","Chemical X","White Beast Statue","Membership Card","Mummified Hand"],"potions_floor_usage":[38,41,41,48,48,50,50],"damage_taken":[{"damage":6.0,"enemies":"Jaw Worm","floor":1.0,"turns":3.0},{"damage":4.0,"enemies":"Small Slimes","floor":2.0,"turns":3.0},{"damage":0.0,"enemies":"Cultist","floor":3.0,"turns":3.0},{"damage":1.0,"enemies":"Exordium Wildlife","floor":5.0,"turns":2.0},{"damage":7.0,"enemies":"Gremlin Nob","floor":6.0,"turns":5.0},{"damage":4.0,"enemies":"Lots of Slimes","floor":7.0,"turns":2.0},{"damage":24.0,"enemies":"3 Sentries","floor":10.0,"turns":5.0},{"damage":5.0,"enemies":"Looter","floor":11.0,"turns":3.0},{"damage":26.0,"enemies":"Gremlin Nob","floor":12.0,"turns":5.0},{"damage":37.0,"enemies":"Hexaghost","floor":16.0,"turns":11.0},{"damage":28.0,"enemies":"2 Thieves","floor":18.0,"turns":4.0},{"damage":9.0,"enemies":"Shell Parasite","floor":19.0,"turns":6.0},{"damage":42.0,"enemies":"Centurion and Healer","floor":21.0,"turns":13.0},{"damage":0.0,"enemies":"Shelled Parasite and Fungi","floor":22.0,"turns":10.0},{"damage":8.0,"enemies":"Cultist and Chosen","floor":27.0,"turns":8.0},{"damage":6.0,"enemies":"Snecko","floor":29.0,"turns":5.0},{"damage":19.0,"enemies":"Champ","floor":33.0,"turns":17.0},{"damage":18.0,"enemies":"3 Darklings","floor":35.0,"turns":5.0},{"damage":2,"enemies":"3 Shapes","floor":37,"turns":6},{"damage":22,"enemies":"Maw","floor":38,"turns":11},{"damage":14,"enemies":"Writhing Mass","floor":40,"turns":7},{"damage":35,"enemies":"Sphere and 2 Shapes","floor":41,"turns":7},{"damage":12,"enemies":"3 Darklings","floor":46,"turns":9},{"damage":44,"enemies":"Jaw Worm Horde","floor":48,"turns":11},{"damage":88,"enemies":"Donu and Deca","floor":50,"turns":12}],"seed_played":"-3651024101484670315","potions_obtained":[{"floor":2.0,"key":"Explosive Potion"},{"floor":5.0,"key":"GamblersBrew"},{"floor":6.0,"key":"Strength Potion"},{"floor":7.0,"key":"AttackPotion"},{"floor":19.0,"key":"Weak Potion"},{"floor":21.0,"key":"EssenceOfSteel"},{"floor":22.0,"key":"PowerPotion"},{"floor":27.0,"key":"EssenceOfSteel"},{"floor":29.0,"key":"EssenceOfSteel"},{"floor":33.0,"key":"SpeedPotion"},{"floor":35.0,"key":"Swift Potion"},{"floor":37,"key":"FearPotion"},{"floor":38,"key":"Poison Potion"},{"floor":40,"key":"LiquidBronze"},{"floor":41,"key":"Dexterity Potion"},{"floor":46,"key":"SkillPotion"},{"floor":48,"key":"PowerPotion"}],"is_trial":false,"path_per_floor":["M","M","M","$","M","E","M","R","T","E","M","E","R","?","R","B",null,"M","M","?","M","M","R","$","R","T","M","R","M","R","?","R","B",null,"M","?","M","M","?","M","M","$","T","$","R","M","R","M","R","B",null],"character_chosen":"DEFECT","items_purchased":["Fruit Juice","Melter","Regal Pillow","Static Discharge","Chemical X","Membership Card","Storm","EssenceOfSteel"],"campfire_rested":9,"item_purchase_floors":[4,4,24,24,24,42,42,42],"current_hp_per_floor":[69,65,65,70,69,62,58,80,80,70,65,39,67,90,90,57,94,66,57,57,15,15,43,43,86,86,78,94,88,88,88,94,75,94,76,76,74,52,52,38,3,3,3,3,46,34,77,33,76,6],"gold":43,"neow_bonus":"HUNDRED_GOLD","is_prod":false,"is_daily":false,"chose_seed":false,"campfire_upgraded":2,"win_rate":0.0,"timestamp":1568651729,"path_taken":["M","M","M","$","M","E","M","R","T","E","M","E","R","?","R","BOSS","M","M","?","?","M","R","$","R","T","M","R","M","R","?","R","BOSS","M","?","?","M","?","M","?","$","T","$","R","?","R","M","R","BOSS"],"build_version":"2019-09-12","purchased_purges":0,"victory":true,"max_hp_per_floor":[75,75,75,80,80,80,80,80,80,94,94,94,94,94,94,94,94,94,94,94,94,94,94,94,94,94,94,94,94,94,94,94,94,94,94,94,94,94,94,94,94,94,94,94,94,94,94,94,94,94],"card_choices":[{"not_picked":["BootSequence","Rebound"],"picked":"Go for the Eyes","floor":1.0},{"not_picked":["Go for the Eyes","Capacitor"],"picked":"Cold Snap","floor":2.0},{"not_picked":["Self Repair","Capacitor"],"picked":"Conserve Battery","floor":3.0},{"not_picked":["Scrape","Hologram"],"picked":"Cold Snap","floor":5.0},{"not_picked":["Beam Cell","Gash"],"picked":"Streamline","floor":6.0},{"not_picked":["Hologram","Glacier"],"picked":"Thunder Strike","floor":7.0},{"not_picked":["Gash","Fusion"],"picked":"Stack","floor":10.0},{"not_picked":["Leap","Double Energy"],"picked":"Stack","floor":11.0},{"not_picked":["Darkness","Defragment"],"picked":"Ball Lightning","floor":12.0},{"not_picked":["All For One","Biased Cognition"],"picked":"Multi-Cast","floor":16.0},{"not_picked":["Turbo","Go for the Eyes"],"picked":"Conserve Battery","floor":18.0},{"not_picked":["Reinforced Body","Genetic Algorithm"],"picked":"Leap+1","floor":19.0},{"not_picked":["Cold Snap","Hologram"],"picked":"Coolheaded+1","floor":21.0},{"not_picked":["Storm","Force Field+1"],"picked":"Auto Shields","floor":22.0},{"not_picked":["Double Energy","Melter"],"picked":"Cold Snap+1","floor":27.0},{"not_picked":["Gash+1","Consume"],"picked":"Machine Learning","floor":29.0},{"not_picked":["Fission","Creative AI"],"picked":"Echo Form","floor":33.0},{"not_picked":["Hologram","FTL"],"picked":"Streamline+1","floor":35.0},{"not_picked":["Redo","Steam"],"picked":"Barrage","floor":37},{"not_picked":["Turbo","Reinforced Body+1"],"picked":"Glacier","floor":38},{"not_picked":["Conserve Battery","Go for the Eyes+1"],"picked":"Glacier","floor":40},{"not_picked":["Hello World+1","Conserve Battery+1"],"picked":"Stack+1","floor":41},{"not_picked":["Gash","Compile Driver+1"],"picked":"Ball Lightning","floor":46},{"not_picked":["Beam Cell","Buffer"],"picked":"Loop","floor":48}],"player_experience":34078,"relics_obtained":[{"floor":6.0,"key":"Bottled Lightning"},{"floor":9.0,"key":"Pantograph"},{"floor":10.0,"key":"Mango"},{"floor":12.0,"key":"Oddly Smooth Stone"},{"floor":26.0,"key":"White Beast Statue"},{"floor":43,"key":"Mummified Hand"}],"event_choices":[{"damage_healed":23.0,"max_hp_gain":0.0,"max_hp_loss":0.0,"gold_gain":0.0,"event_name":"The Cleric","player_choice":"Healed","floor":14.0,"gold_loss":35.0,"damage_taken":0.0},{"cards_removed":["Strike_B"],"damage_healed":0.0,"max_hp_gain":0.0,"max_hp_loss":0.0,"gold_gain":0.0,"event_name":"Purifier","player_choice":"Purged","floor":20.0,"gold_loss":0.0,"damage_taken":0.0},{"damage_healed":0.0,"max_hp_gain":0.0,"max_hp_loss":0.0,"gold_gain":0.0,"event_name":"Back to Basics","player_choice":"Simplicity","floor":31.0,"gold_loss":0.0,"damage_taken":0.0,"cards_upgraded":["Strike_B","Strike_B","Strike_B","Defend_B","Defend_B","Defend_B","Defend_B"]},{"cards_removed":["Strike_B"],"damage_healed":0,"gold_gain":0,"player_choice":"Purged","damage_taken":0,"max_hp_gain":0,"max_hp_loss":0,"event_name":"Purifier","floor":36,"gold_loss":0},{"damage_healed":0,"gold_gain":0,"player_choice":"Copied","damage_taken":0,"max_hp_gain":0,"max_hp_loss":0,"event_name":"Duplicator","floor":39,"gold_loss":0,"cards_obtained":["Glacier"]}],"is_beta":true,"boss_relics":[{"not_picked":["SlaversCollar","Black Star"],"picked":"Inserter"},{"not_picked":["Sozu","Snecko Eye"],"picked":"FrozenCore"}],"items_purged_floors":[],"is_endless":false,"potions_floor_spawned":[2,5,6,7,19,21,22,27,29,33,35,37,38,40,41,46,48],"ascension_level":0}