{"gold_per_floor":[112,112,21,33,46,80,80,99,99,112,112,132,132,151,151,253,253,268,26,33,33,46,46],"floor_reached":23,"playtime":2736,"items_purged":[],"score":222,"play_id":"8cd6c93c-3106-49e6-b711-9f0799874f4b","local_time":"20181227151347","is_ascension_mode":false,"campfire_choices":[{"floor":7,"key":"REST"},{"data":"Ball Lightning","floor":13,"key":"SMITH"},{"floor":15,"key":"REST"}],"neow_cost":"NONE","seed_source_timestamp":0,"circlet_count":0,"master_deck":["Strike_B","Strike_B","Strike_B","Strike_B","Defend_B","Defend_B","Defend_B","Defend_B","Zap","Barrage+1","Madness","Ball Lightning","Leap","Reinforced Body","Self Repair","Capacitor","Ball Lightning+1","Streamline","Echo Form","Capacitor","Sweeping Beam+1","Steam+1"],"special_seed":0,"relics":["Cracked Core","Oddly Smooth Stone","Girya","Eternal Feather","Pear","MutagenicStrength"],"potions_floor_usage":[23,23],"damage_taken":[{"damage":5.0,"enemies":"Jaw Worm","floor":1.0,"turns":5.0},{"damage":1.0,"enemies":"Cultist","floor":3.0,"turns":4.0},{"damage":6,"enemies":"Cultist","floor":4,"turns":4},{"damage":1,"enemies":"2 Louse","floor":5,"turns":3},{"damage":14,"enemies":"Lagavulin","floor":6,"turns":6},{"damage":13,"enemies":"Gremlin Gang","floor":8,"turns":6},{"damage":13,"enemies":"Lots of Slimes","floor":10,"turns":6},{"damage":4,"enemies":"Looter","floor":12,"turns":4},{"damage":6,"enemies":"Blue Slaver","floor":14,"turns":3},{"damage":62,"enemies":"Hexaghost","floor":16,"turns":10},{"damage":26,"enemies":"Spheric Guardian","floor":18,"turns":6},{"damage":24,"enemies":"2 Thieves","floor":20,"turns":4},{"damage":50,"enemies":"3 Cultists","floor":22,"turns":7},{"damage":15,"enemies":"Slavers","floor":23,"turns":2}],"seed_played":"5029998478284611414","potions_obtained":[{"floor":1.0,"key":"PowerPotion"},{"floor":6,"key":"SpeedPotion"},{"floor":8,"key":"Explosive Potion"}],"is_trial":false,"path_per_floor":["M","?","M","$","M","M","E","R","M","T","M","?","M","R","M","R","B",null,"M","$","M","?","M","E"],"character_chosen":"DEFECT","items_purchased":["Madness","Pear"],"campfire_rested":2,"item_purchase_floors":[3,19],"current_hp_per_floor":[77,77,76,70,69,55,79,66,66,60,60,63,63,57,81,26,82,63,73,56,56,13,0],"gold":46,"neow_bonus":"TEN_PERCENT_HP_BONUS","is_prod":false,"is_daily":false,"chose_seed":false,"campfire_upgraded":1,"win_rate":0.0,"timestamp":1545952427,"path_taken":["M","?","?","M","M","E","R","M","T","M","?","?","R","M","R","BOSS","M","?","M","?","M","E"],"build_version":"2018-12-20","purchased_purges":0,"victory":false,"max_hp_per_floor":[82,82,82,82,82,82,82,82,82,82,82,82,82,82,82,82,82,82,92,92,92,92,92],"card_choices":[{"not_picked":["Reprogram","Aggregate"],"picked":"Barrage","floor":1.0},{"not_picked":["Blizzard","Leap"],"picked":"Ball Lightning","floor":4},{"not_picked":["Ball Lightning","Beam Cell"],"picked":"Leap","floor":5},{"not_picked":["Coolheaded","Chill"],"picked":"Reinforced Body","floor":6},{"not_picked":["FTL","Darkness"],"picked":"Self Repair","floor":8},{"not_picked":["Steam","FTL"],"picked":"Capacitor","floor":10},{"not_picked":["Rebound","Double Energy"],"picked":"Ball Lightning","floor":12},{"not_picked":["Redo","Sweeping Beam"],"picked":"Streamline","floor":14},{"not_picked":["Multi-Cast","Fission"],"picked":"Echo Form","floor":16},{"not_picked":["Stack","Steam Power"],"picked":"Capacitor","floor":18},{"not_picked":["Stack","Gash"],"picked":"Sweeping Beam+1","floor":20},{"not_picked":["Biased Cognition","Consume"],"picked":"Steam+1","floor":22}],"player_experience":35068,"relics_obtained":[{"floor":6,"key":"Oddly Smooth Stone"},{"floor":9,"key":"Girya"}],"event_choices":[{"cards_removed":["Dualcast"],"damage_healed":0.0,"max_hp_gain":0.0,"max_hp_loss":0.0,"gold_gain":0.0,"event_name":"Bonfire Elementals","player_choice":"Offered Basic","floor":2.0,"gold_loss":0.0,"damage_taken":0.0},{"damage_healed":0,"gold_gain":0,"player_choice":"Forge","damage_taken":0,"max_hp_gain":0,"max_hp_loss":0,"event_name":"Accursed Blacksmith","floor":11,"gold_loss":0,"cards_upgraded":["Barrage"]},{"damage_healed":0,"gold_gain":0,"player_choice":"Inject Mutagens","damage_taken":0,"relics_obtained":["MutagenicStrength"],"max_hp_gain":0,"max_hp_loss":0,"event_name":"Drug Dealer","floor":21,"gold_loss":0}],"is_beta":false,"boss_relics":[{"not_picked":["Inserter","Sozu"],"picked":"Eternal Feather"}],"items_purged_floors":[],"is_endless":false,"potions_floor_spawned":[1,6,8,16,22],"killed_by":"Slavers","ascension_level":0}