{"gold_per_floor":[111,61,61,79,154,154,174,174,174,174,185,202,202,74,74,179,179,190,105,31,59,77,77,95,95,95,26,26,39,52,52,52,52],"floor_reached":33,"playtime":1261,"items_purged":[],"score":260,"play_id":"0d07c5bb-c30f-443f-9b7e-178ac8e616cf","local_time":"20190921001419","is_ascension_mode":false,"campfire_choices":[{"data":"Bash","floor":6,"key":"SMITH"},{"data":"Seeing Red","floor":8,"key":"SMITH"},{"data":"Pommel Strike","floor":13,"key":"SMITH"},{"data":"Body Slam","floor":15,"key":"SMITH"},{"floor":23,"key":"REST"},{"floor":25,"key":"REST"},{"floor":28,"key":"REST"},{"floor":32,"key":"REST"}],"neow_cost":"NONE","seed_source_timestamp":7114879156400,"circlet_count":0,"master_deck":["Strike_R","Strike_R","Strike_R","Strike_R","Strike_R","Defend_R","Defend_R","Bash+1","Pommel Strike+1","Iron Wave","Seeing Red+1","Body Slam+1","Battle Trance","Inflame","Havoc","Double Tap","Shrug It Off+1","Evolve","Sever Soul","Dual Wield","Dark Embrace","Dropkick","Shrug It Off+1","Rampage+1","Decay"],"relics":["Burning Blood","Paper Frog","Calipers","Fusion Hammer","Matryoshka","Red Mask","Happy Flower","Pear"],"potions_floor_usage":[22,33,33,33],"damage_taken":[{"damage":0,"enemies":"Small Slimes","floor":1,"turns":3},{"damage":13,"enemies":"Jaw Worm","floor":4,"turns":3},{"damage":1,"enemies":"Cultist","floor":7,"turns":3},{"damage":5,"enemies":"Looter","floor":11,"turns":2},{"damage":18,"enemies":"Large Slime","floor":12,"turns":5},{"damage":41,"enemies":"Hexaghost","floor":16,"turns":8},{"damage":15,"enemies":"Shell Parasite","floor":18,"turns":4},{"damage":55,"enemies":"Masked Bandits","floor":21,"turns":6},{"damage":0,"enemies":"Spheric Guardian","floor":22,"turns":3},{"damage":21,"enemies":"Snake Plant","floor":24,"turns":3},{"damage":13,"enemies":"Snecko","floor":29,"turns":4},{"damage":33,"enemies":"3 Cultists","floor":30,"turns":6},{"damage":100,"enemies":"Automaton","floor":33,"turns":8}],"seed_played":"-6183342315353387326","potions_obtained":[{"floor":4,"key":"SmokeBomb"},{"floor":11,"key":"Regen Potion"},{"floor":12,"key":"Ancient Potion"},{"floor":16,"key":"SteroidPotion"},{"floor":24,"key":"EssenceOfSteel"},{"floor":29,"key":"Strength Potion"}],"is_trial":false,"path_per_floor":["M","?","?","M","?","R","M","R","T","?","M","M","R","$","R","B",null,"M","?","$","?","M","R","M","R","T","$","R","M","M","?","R","B"],"character_chosen":"IRONCLAD","items_purchased":["Inflame","Havoc","Evolve","Dropkick"],"campfire_rested":4,"item_purchase_floors":[14,14,20,27],"current_hp_per_floor":[88,88,81,74,63,63,68,68,68,68,69,57,57,57,57,22,88,79,79,79,30,45,71,56,82,92,92,98,91,64,64,93,0],"gold":52,"neow_bonus":"TEN_PERCENT_HP_BONUS","is_prod":false,"is_daily":false,"chose_seed":false,"campfire_upgraded":4,"win_rate":0,"timestamp":1568996059,"path_taken":["M","?","?","M","?","R","?","R","T","?","?","M","R","$","R","BOSS","M","?","$","?","M","R","M","R","T","$","R","M","M","?","R","BOSS"],"build_version":"2019-07-17","purchased_purges":0,"victory":false,"max_hp_per_floor":[88,88,88,88,88,88,88,88,88,88,88,88,88,88,88,88,88,88,88,88,88,88,88,88,88,98,98,98,98,98,98,98,98],"card_choices":[{"not_picked":["Heavy Blade","True Grit"],"picked":"Pommel Strike","floor":1},{"not_picked":["Sword Boomerang","Thunderclap"],"picked":"Iron Wave","floor":4},{"not_picked":["Dual Wield","Armaments"],"picked":"Seeing Red","floor":7},{"not_picked":["Anger","Power Through"],"picked":"Body Slam","floor":11},{"not_picked":["Intimidate","True Grit"],"picked":"Battle Trance","floor":12},{"not_picked":["Brutality","Fiend Fire"],"picked":"Double Tap","floor":16},{"not_picked":["Pommel Strike","Cleave"],"picked":"Shrug It Off+1","floor":18},{"not_picked":["Cleave","Flame Barrier"],"picked":"Sever Soul","floor":21},{"not_picked":["Shrug It Off","Battle Trance"],"picked":"Dual Wield","floor":22},{"not_picked":["Body Slam","Combust"],"picked":"Dark Embrace","floor":24},{"not_picked":["Entrench","Body Slam"],"picked":"Shrug It Off+1","floor":29},{"not_picked":["Wild Strike","Second Wind+1"],"picked":"Rampage+1","floor":30}],"player_experience":397362,"relics_obtained":[{"floor":9,"key":"Paper Frog"},{"floor":21,"key":"Red Mask"},{"floor":26,"key":"Happy Flower"},{"floor":26,"key":"Pear"}],"event_choices":[{"cards_removed":["Defend_R"],"damage_healed":0,"gold_gain":0,"player_choice":"Card Removal","damage_taken":0,"max_hp_gain":0,"max_hp_loss":0,"event_name":"The Cleric","floor":2,"gold_loss":50},{"cards_removed":["Defend_R"],"damage_healed":0,"gold_gain":0,"player_choice":"Card Removal","damage_taken":7,"max_hp_gain":0,"max_hp_loss":0,"event_name":"Golden Wing","floor":3,"gold_loss":0},{"damage_healed":0,"gold_gain":75,"player_choice":"Gather Gold","damage_taken":11,"max_hp_gain":0,"max_hp_loss":0,"event_name":"World of Goop","floor":5,"gold_loss":0},{"damage_healed":0,"gold_gain":0,"player_choice":"Gave Potion","damage_taken":0,"relics_obtained":["Calipers"],"max_hp_gain":0,"max_hp_loss":0,"event_name":"WeMeetAgain","floor":10,"gold_loss":0},{"damage_healed":0,"gold_gain":0,"player_choice":"Obtained Relic","damage_taken":0,"relics_obtained":["Matryoshka"],"max_hp_gain":0,"max_hp_loss":0,"event_name":"Addict","floor":19,"gold_loss":85},{"damage_healed":0,"gold_gain":0,"player_choice":"Fought Bandits","damage_taken":0,"max_hp_gain":0,"max_hp_loss":0,"event_name":"Masked Bandits","floor":21,"gold_loss":0},{"damage_healed":0,"gold_gain":0,"player_choice":"Smashed Altar","damage_taken":0,"max_hp_gain":0,"max_hp_loss":0,"event_name":"Forgotten Altar","floor":31,"gold_loss":0,"cards_obtained":["Decay"]}],"is_beta":false,"boss_relics":[{"not_picked":["Philosopher\u0027s Stone","Lizard Tail"],"picked":"Fusion Hammer"}],"items_purged_floors":[],"is_endless":false,"potions_floor_spawned":[4,11,12,16,18,24,29,30],"killed_by":"Automaton","ascension_level":0}