{"gold_per_floor":[118,132,43,62,82,82,82,7,56,82,96,96,96,109,109,207,207,230,248,248,248],"floor_reached":21,"playtime":638,"items_purged":[],"score":462,"play_id":"2e3b0f9c-25fd-413f-ba83-efcd703c6706","local_time":"20190813020030","is_ascension_mode":true,"campfire_choices":[{"data":"Well Laid Plans","floor":6.0,"key":"SMITH"},{"data":"Catalyst","floor":12.0,"key":"SMITH"},{"data":"Deadly Poison","floor":15.0,"key":"SMITH"}],"neow_cost":"NONE","seed_source_timestamp":567385877293697,"circlet_count":0,"master_deck":["AscendersBane","Strike_G","Strike_G+1","Strike_G","Defend_G","Defend_G","Defend_G+1","Defend_G","Defend_G","Survivor","Neutralize","Flechettes","Escape Plan","Well Laid Plans+1","Deadly Poison+1","Catalyst+1","Grand Finale","Expertise"],"special_seed":0,"relics":["Ring of the Snake","NeowsBlessing","Art of War","Orichalcum","Golden Idol","Philosopher\u0027s Stone"],"potions_floor_usage":[21],"damage_taken":[{"damage":0.0,"enemies":"Cultist","floor":1.0,"turns":1.0},{"damage":0.0,"enemies":"2 Louse","floor":2.0,"turns":1.0},{"damage":0.0,"enemies":"Jaw Worm","floor":4.0,"turns":1.0},{"damage":3.0,"enemies":"Looter","floor":5.0,"turns":5.0},{"damage":23.0,"enemies":"3 Sentries","floor":10.0,"turns":10.0},{"damage":4.0,"enemies":"2 Fungi Beasts","floor":11.0,"turns":4.0},{"damage":2.0,"enemies":"Lots of Slimes","floor":14.0,"turns":6.0},{"damage":0.0,"enemies":"Hexaghost","floor":16.0,"turns":9.0},{"damage":13.0,"enemies":"Spheric Guardian","floor":18.0,"turns":4.0},{"damage":31,"enemies":"Chosen","floor":19,"turns":7},{"damage":1,"enemies":"Shelled Parasite and Fungi","floor":21,"turns":1}],"seed_played":"-3704684848381242285","potions_obtained":[{"floor":1.0,"key":"Weak Potion"},{"floor":4.0,"key":"Poison Potion"},{"floor":14.0,"key":"SkillPotion"},{"floor":19,"key":"FearPotion"}],"is_trial":false,"path_per_floor":["M","M","$","M","M","R","?","?","T","E","M","R","?","M","R","B",null,"M","M","?","M"],"character_chosen":"THE_SILENT","items_purchased":["Well Laid Plans"],"campfire_rested":0,"item_purchase_floors":[3],"current_hp_per_floor":[59,59,59,59,56,56,36,36,36,13,9,9,9,7,7,7,47,34,3,3,2],"gold":248,"neow_bonus":"THREE_ENEMY_KILL","is_prod":false,"is_daily":false,"chose_seed":false,"campfire_upgraded":3,"win_rate":0,"timestamp":1565629230,"path_taken":["M","M","$","?","M","R","?","?","T","E","M","R","?","M","R","BOSS","M","M","?","M"],"build_version":"2019-07-17","purchased_purges":0,"victory":false,"max_hp_per_floor":[66,66,66,66,66,66,66,66,66,66,66,66,60,60,60,60,60,60,60,60,60],"card_choices":[{"not_picked":["Bane","Blade Dance"],"picked":"Flechettes","floor":1.0},{"not_picked":["Dodge and Roll","Deadly Poison"],"picked":"Escape Plan","floor":2.0},{"not_picked":["Outmaneuver","PiercingWail"],"picked":"Deadly Poison","floor":4.0},{"not_picked":["Dodge and Roll","Expertise","Cloak And Dagger"],"picked":"SKIP","floor":5.0},{"not_picked":["Masterful Stab","Bullet Time"],"picked":"Catalyst","floor":10.0},{"not_picked":["Deadly Poison","Slice","Infinite Blades"],"picked":"SKIP","floor":11.0},{"not_picked":["Sucker Punch","Dagger Throw","Backstab"],"picked":"SKIP","floor":14.0},{"not_picked":["Die Die Die","Malaise"],"picked":"Grand Finale","floor":16.0},{"not_picked":["Riddle With Holes+1","Deflect"],"picked":"Expertise","floor":18.0},{"not_picked":["PiercingWail","Dagger Throw","Quick Slash"],"picked":"SKIP","floor":19}],"player_experience":871921,"relics_obtained":[{"floor":9.0,"key":"Art of War"},{"floor":10.0,"key":"Orichalcum"}],"event_choices":[{"damage_healed":0.0,"max_hp_gain":0.0,"max_hp_loss":0.0,"gold_gain":0.0,"event_name":"Shining Light","player_choice":"Entered Light","floor":7.0,"gold_loss":0.0,"damage_taken":20.0,"cards_upgraded":["Strike_G","Defend_G"]},{"cards_removed":["Strike_G"],"damage_healed":0.0,"max_hp_gain":0.0,"max_hp_loss":0.0,"gold_gain":0.0,"event_name":"The Cleric","player_choice":"Card Removal","floor":8.0,"gold_loss":75.0,"damage_taken":0.0},{"damage_healed":0.0,"max_hp_gain":0.0,"max_hp_loss":6.0,"gold_gain":0.0,"event_name":"Golden Idol","player_choice":"Lose Max HP","floor":13.0,"gold_loss":0.0,"damage_taken":0.0,"relics_obtained":["Golden Idol"]},{"cards_removed":["Strike_G"],"damage_healed":0,"gold_gain":0,"player_choice":"Purged","damage_taken":0,"max_hp_gain":0,"max_hp_loss":0,"event_name":"Purifier","floor":20,"gold_loss":0}],"is_beta":false,"boss_relics":[{"not_picked":["Busted Crown","White Beast Statue"],"picked":"Philosopher\u0027s Stone"}],"items_purged_floors":[],"is_endless":false,"potions_floor_spawned":[1,4,14,19],"killed_by":"Shelled Parasite and Fungi","ascension_level":20}