{"gold_per_floor":[116,127,127,127,137,137,137,156,156,156,156,166,193,205,205,305,305,318,331,348,46,63,63,63,63,90,90,106,121,121,220,220,319,319,333,348,31,0,0,0,0,0,77,88,88,88,88,105,105,105,105,105,7,32,32],"floor_reached":55,"playtime":5855,"items_purged":["Strike_G","Strike_G"],"score":648,"play_id":"e11d4206-16d3-404a-ab7b-1b365476d246","local_time":"20190921095647","is_ascension_mode":true,"campfire_choices":[{"data":"Survivor","floor":6.0,"key":"SMITH"},{"data":"Phantasmal Killer","floor":10.0,"key":"SMITH"},{"floor":15.0,"key":"REST"},{"floor":23.0,"key":"REST"},{"floor":27.0,"key":"REST"},{"floor":32.0,"key":"REST"},{"data":"Die Die Die","floor":40,"key":"SMITH"},{"data":"Dash","floor":42,"key":"SMITH"},{"floor":45,"key":"RECALL"},{"floor":47,"key":"REST"},{"floor":49,"key":"REST"},{"data":"Dodge and Roll","floor":52,"key":"SMITH"}],"neow_cost":"NONE","seed_source_timestamp":0,"circlet_count":0,"master_deck":["Strike_G","Strike_G","Defend_G","Defend_G","Defend_G","Defend_G","Survivor+1","Neutralize","Phantasmal Killer+1","Poisoned Stab","Dodge and Roll+1","Noxious Fumes+1","Acrobatics","Dash+1","Noxious Fumes","Blur+1","Burst","Crippling Poison+1","Poisoned Stab","Distraction+1","Die Die Die+1","Noxious Fumes+1","Deadly Poison","Deadly Poison+1","Envenom","CurseOfTheBell","Acrobatics+1","Outmaneuver+1","Crippling Poison+1","Well Laid Plans","Deflect+1","Bouncing Flask+1","Dodge and Roll+1","Dodge and Roll+1"],"special_seed":0,"relics":["Ring of the Snake","Ice Cream","The Courier","Lizard Tail","Snecko Eye","ClockworkSouvenir","Ancient Tea Set","Art of War","Dream Catcher","Mummified Hand","Calling Bell","War Paint","Meat on the Bone","Du-Vu Doll","Bronze Scales","Toxic Egg 2","Red Mask","HornCleat","Thread and Needle"],"potions_floor_usage":[50,50],"damage_taken":[{"damage":0.0,"enemies":"2 Louse","floor":1.0,"turns":5.0},{"damage":0.0,"enemies":"Jaw Worm","floor":2.0,"turns":3.0},{"damage":0.0,"enemies":"Small Slimes","floor":5.0,"turns":7.0},{"damage":2.0,"enemies":"Looter","floor":8.0,"turns":5.0},{"damage":15.0,"enemies":"Exordium Thugs","floor":12.0,"turns":6.0},{"damage":29.0,"enemies":"Lagavulin","floor":13.0,"turns":7.0},{"damage":1.0,"enemies":"3 Louse","floor":14.0,"turns":5.0},{"damage":16.0,"enemies":"Hexaghost","floor":16.0,"turns":11.0},{"damage":2.0,"enemies":"2 Thieves","floor":18.0,"turns":4.0},{"damage":19.0,"enemies":"Shell Parasite","floor":19.0,"turns":6.0},{"damage":0.0,"enemies":"Shelled Parasite and Fungi","floor":20.0,"turns":6.0},{"damage":42.0,"enemies":"3 Cultists","floor":22.0,"turns":7.0},{"damage":0.0,"enemies":"Chosen and Byrds","floor":28.0,"turns":6.0},{"damage":7.0,"enemies":"Shelled Parasite and Fungi","floor":29.0,"turns":6.0},{"damage":42.0,"enemies":"Automaton","floor":33.0,"turns":8.0},{"damage":14.0,"enemies":"Orb Walker","floor":35.0,"turns":5.0},{"damage":0.0,"enemies":"3 Darklings","floor":36.0,"turns":10.0},{"damage":11,"enemies":"4 Shapes","floor":44,"turns":4},{"damage":16,"enemies":"Spire Growth","floor":48,"turns":5},{"damage":47,"enemies":"Donu and Deca","floor":50,"turns":9},{"damage":34,"enemies":"Shield and Spear","floor":54,"turns":6},{"damage":80,"enemies":"The Heart","floor":55,"turns":8}],"seed_played":"3676074517467960851","potions_obtained":[{"floor":2.0,"key":"Strength Potion"},{"floor":5.0,"key":"Explosive Potion"},{"floor":8.0,"key":"Block Potion"},{"floor":13.0,"key":"GamblersBrew"},{"floor":18.0,"key":"SpeedPotion"},{"floor":22.0,"key":"Block Potion"},{"floor":29.0,"key":"SpeedPotion"},{"floor":35.0,"key":"PowerPotion"},{"floor":44,"key":"Swift Potion"},{"floor":48,"key":"Energy Potion"}],"is_trial":false,"path_per_floor":["M","M","?","$","M","R","T","M","T","R","?","M","E","M","R","B",null,"M","M","M","$","M","R","?","?","T","R","M","M","T","?","R","B",null,"M","M","$","?","$","R","?","R","T","M","R","T","R","M","R","B",null,"R","$","E","B"],"character_chosen":"THE_SILENT","items_purchased":["ClockworkSouvenir","Ancient Tea Set","Bronze Scales","Toxic Egg 2","Dodge and Roll+1"],"campfire_rested":6,"item_purchase_floors":[21,21,37,37,53],"current_hp_per_floor":[70,70,75,75,75,75,75,73,73,73,73,58,29,28,50,34,75,73,54,54,54,12,34,34,34,34,56,56,49,49,49,71,29,75,61,61,61,61,61,61,61,61,61,50,50,50,72,56,75,40,75,75,75,41,0],"gold":32,"neow_bonus":"TRANSFORM_CARD","is_prod":false,"is_daily":false,"chose_seed":false,"campfire_upgraded":5,"win_rate":0,"timestamp":1569085007,"path_taken":["M","M","?","$","M","R","?","M","T","R","?","M","E","M","R","BOSS","M","M","M","$","M","R","?","?","T","R","?","M","?","?","R","BOSS","M","M","$","?","?","R","?","R","T","?","R","?","R","M","R","BOSS","R","$","E","BOSS"],"build_version":"2019-09-20","purchased_purges":2,"victory":false,"max_hp_per_floor":[70,70,75,75,75,75,75,75,75,75,75,75,75,75,75,75,75,75,75,75,75,75,75,75,75,75,75,75,75,75,75,75,75,75,75,75,75,75,75,75,75,75,75,75,75,75,75,75,75,75,75,75,75,75,75],"card_choices":[{"not_picked":["Deflect","Outmaneuver"],"picked":"Poisoned Stab","floor":1.0},{"not_picked":["Predator","Terror"],"picked":"Dodge and Roll","floor":2.0},{"not_picked":["PiercingWail","Cloak And Dagger"],"picked":"Noxious Fumes","floor":5.0},{"not_picked":["Flying Knee","Dagger Throw"],"picked":"Acrobatics","floor":8.0},{"not_picked":["Infinite Blades","Slice"],"picked":"Dash","floor":12.0},{"not_picked":["Wraith Form v2","Masterful Stab"],"picked":"Noxious Fumes","floor":13.0},{"not_picked":["Flying Knee","Heel Hook"],"picked":"Blur","floor":14.0},{"not_picked":["Night Terror","Die Die Die"],"picked":"Burst","floor":16.0},{"not_picked":["Blade Dance","Quick Slash","Underhanded Strike"],"picked":"SKIP","floor":18.0},{"not_picked":["PiercingWail","Blade Dance"],"picked":"Crippling Poison+1","floor":19.0},{"not_picked":["All Out Attack","Prepared"],"picked":"Poisoned Stab","floor":20.0},{"not_picked":["Footwork+1","Blur"],"picked":"Distraction+1","floor":22.0},{"not_picked":["Prepared","Bane"],"picked":"Die Die Die","floor":27.0},{"not_picked":["Bane","Poisoned Stab+1"],"picked":"Noxious Fumes+1","floor":28.0},{"not_picked":["Slice","Bane"],"picked":"Deadly Poison","floor":29.0},{"not_picked":["Distraction+1","Well Laid Plans"],"picked":"Deadly Poison","floor":32.0},{"not_picked":["Die Die Die","Adrenaline"],"picked":"Envenom","floor":33.0},{"not_picked":["Backflip","Dagger Spray"],"picked":"Acrobatics+1","floor":35.0},{"not_picked":["Cloak And Dagger+1","Dagger Throw"],"picked":"Outmaneuver+1","floor":36.0},{"not_picked":["Acrobatics+1","Dagger Throw+1"],"picked":"Crippling Poison+1","floor":44},{"not_picked":["Dagger Throw+1","Sucker Punch"],"picked":"Well Laid Plans","floor":47},{"not_picked":["Flying Knee+1","Acrobatics+1"],"picked":"Deflect+1","floor":48},{"not_picked":["Leg Sweep+1","Dodge and Roll+1"],"picked":"Bouncing Flask+1","floor":49},{"not_picked":["Flying Knee","Glass Knife"],"picked":"Dodge and Roll+1","floor":54}],"player_experience":95891,"relics_obtained":[{"floor":7.0,"key":"Ice Cream"},{"floor":9.0,"key":"The Courier"},{"floor":13.0,"key":"Lizard Tail"},{"floor":26.0,"key":"Dream Catcher"},{"floor":30.0,"key":"Mummified Hand"},{"floor":34.0,"key":"War Paint"},{"floor":34.0,"key":"Meat on the Bone"},{"floor":34.0,"key":"Du-Vu Doll"},{"floor":43,"key":"HornCleat"},{"floor":54,"key":"Thread and Needle"}],"event_choices":[{"damage_healed":0.0,"max_hp_gain":5.0,"max_hp_loss":0.0,"gold_gain":0.0,"event_name":"Big Fish","player_choice":"Donut","floor":3.0,"gold_loss":0.0,"damage_taken":0.0},{"damage_healed":0.0,"max_hp_gain":0.0,"max_hp_loss":0.0,"gold_gain":0.0,"event_name":"Living Wall","player_choice":"Grow","floor":11.0,"gold_loss":0.0,"damage_taken":0.0,"cards_upgraded":["Noxious Fumes"]},{"damage_healed":0.0,"max_hp_gain":0.0,"max_hp_loss":0.0,"gold_gain":0.0,"event_name":"The Mausoleum","player_choice":"Opened","floor":24.0,"gold_loss":0.0,"damage_taken":0.0,"relics_obtained":["Art of War"],"cards_obtained":["Writhe"]},{"cards_removed":["Writhe"],"damage_healed":0.0,"max_hp_gain":0.0,"max_hp_loss":0.0,"gold_gain":0.0,"event_name":"Fountain of Cleansing","player_choice":"Removed Curses","floor":25.0,"gold_loss":0.0,"damage_taken":0.0},{"damage_healed":0.0,"max_hp_gain":0.0,"max_hp_loss":0.0,"gold_gain":99.0,"event_name":"Nest","player_choice":"Stole From Cult","floor":31.0,"gold_loss":0.0,"damage_taken":0.0},{"damage_healed":0,"gold_gain":0,"player_choice":"Paid","damage_taken":0,"relics_obtained":["Red Mask"],"max_hp_gain":0,"max_hp_loss":0,"event_name":"Tomb of Lord Red Mask","floor":38,"gold_loss":31},{"cards_removed":["Defend_G"],"damage_healed":0,"gold_gain":0,"player_choice":"Removed Skill","damage_taken":0,"max_hp_gain":0,"max_hp_loss":0,"event_name":"Falling","floor":41,"gold_loss":0}],"is_beta":true,"boss_relics":[{"not_picked":["Tiny House","Empty Cage"],"picked":"Snecko Eye"},{"not_picked":["Velvet Choker","Fusion Hammer"],"picked":"Calling Bell"}],"items_purged_floors":[21,53],"is_endless":false,"potions_floor_spawned":[2,5,8,13,18,22,29,35,44,48],"killed_by":"The Heart","ascension_level":1}