{"gold_per_floor":[114,27,43,57,57,57,57,57,57,77,77,111,111,111,111,111],"floor_reached":16,"playtime":336,"items_purged":[],"score":196,"play_id":"927e890b-5a2f-45c4-a1cb-399cfc4b21d4","local_time":"20190920215412","is_ascension_mode":true,"campfire_choices":[{"data":"Battle Trance","floor":6,"key":"SMITH"},{"data":"Disarm","floor":8,"key":"SMITH"},{"data":"Searing Blow","floor":11,"key":"SMITH"},{"data":"Searing Blow+1","floor":13,"key":"SMITH"},{"data":"Searing Blow+2","floor":15,"key":"SMITH"}],"neow_cost":"PERCENT_DAMAGE","seed_source_timestamp":879369387389224,"circlet_count":0,"master_deck":["AscendersBane","Strike_R","Strike_R","Defend_R","Defend_R","Defend_R","Defend_R","Bash","Battle Trance+1","Power Through","Disarm+1","Searing Blow+3","Fiend Fire"],"relics":["Burning Blood","Kunai","Toxic Egg 2","Blue Candle"],"potions_floor_usage":[12,16],"damage_taken":[{"damage":6,"enemies":"Jaw Worm","floor":1,"turns":6},{"damage":8,"enemies":"Small Slimes","floor":3,"turns":6},{"damage":1,"enemies":"Cultist","floor":4,"turns":4},{"damage":12,"enemies":"2 Fungi Beasts","floor":10,"turns":5},{"damage":32,"enemies":"Gremlin Nob","floor":12,"turns":4},{"damage":11,"enemies":"Hexaghost","floor":16,"turns":7}],"seed_played":"-6981832241479657013","potions_obtained":[{"floor":1,"key":"Swift Potion"},{"floor":3,"key":"EntropicBrew"}],"is_trial":false,"path_per_floor":["M","$","M","M","?","R","T","R","T","M","R","E","R","?","R","B"],"character_chosen":"IRONCLAD","items_purchased":["Power Through"],"campfire_rested":0,"item_purchase_floors":[2],"current_hp_per_floor":[50,50,48,53,46,46,46,46,46,40,40,14,14,14,14,3],"gold":111,"neow_bonus":"REMOVE_TWO","is_prod":false,"is_daily":false,"chose_seed":false,"campfire_upgraded":5,"win_rate":0,"timestamp":1568987652,"path_taken":["M","$","M","M","?","R","?","R","T","M","R","E","R","?","R","BOSS"],"build_version":"2019-09-19","purchased_purges":0,"victory":false,"max_hp_per_floor":[75,75,75,75,75,75,75,75,75,75,75,75,75,75,75,75],"card_choices":[{"not_picked":["Thunderclap","Shrug It Off"],"picked":"Battle Trance","floor":1},{"not_picked":["Power Through","Cleave","Clash"],"picked":"SKIP","floor":3},{"not_picked":["Wild Strike","Warcry"],"picked":"Disarm","floor":4},{"not_picked":["Bloodletting+1","Headbutt"],"picked":"Searing Blow","floor":10},{"not_picked":["Fiend Fire","Reaper","Heavy Blade"],"picked":"SKIP","floor":12},{"not_picked":["Reaper","Heavy Blade"],"picked":"Fiend Fire","floor":12}],"player_experience":896775,"relics_obtained":[{"floor":7,"key":"Kunai"},{"floor":9,"key":"Toxic Egg 2"},{"floor":12,"key":"Blue Candle"}],"event_choices":[{"cards_removed":["Strike_R"],"damage_healed":0,"gold_gain":0,"player_choice":"Card Removal","damage_taken":7,"max_hp_gain":0,"max_hp_loss":0,"event_name":"Golden Wing","floor":5,"gold_loss":0},{"damage_healed":0,"gold_gain":0,"player_choice":"Ignored","damage_taken":0,"max_hp_gain":0,"max_hp_loss":0,"event_name":"Shining Light","floor":14,"gold_loss":0}],"is_beta":true,"boss_relics":[],"items_purged_floors":[],"is_endless":false,"potions_floor_spawned":[1,3,10],"killed_by":"Hexaghost","ascension_level":20}