{"gold_per_floor":[116,128,33,33,33,33,33,60,60,60,72,107,121,121,121,198,198,208,224,149,149,689,716,716,736,736,746,746,759,759,788,788,864,864,878,566,585,600,612,643,354,354,377,412,431,431,465,465,465,465,465,465,465,28,58,58],"floor_reached":57,"playtime":2718,"items_purged":["Compile Driver","FTL+1","Storm+1"],"score":3676,"play_id":"98e833ae-24be-4510-a0b5-c172da263080","local_time":"20190906232000","daily_mods":["SealedDeck"],"is_ascension_mode":true,"campfire_choices":[{"data":"Turbo","floor":6.0,"key":"SMITH"},{"data":"Impatience","floor":10.0,"key":"SMITH"},{"data":"Heatsinks","floor":15.0,"key":"SMITH"},{"data":"Defragment","floor":24.0,"key":"SMITH"},{"floor":28.0,"key":"RECALL"},{"data":"Double Energy","floor":30.0,"key":"SMITH"},{"data":"FTL","floor":32.0,"key":"SMITH"},{"data":"Loop","floor":42.0,"key":"SMITH"},{"data":"Undo","floor":46.0,"key":"SMITH"},{"data":"Purity","floor":49.0,"key":"SMITH"},{"data":"Gash","floor":53.0,"key":"SMITH"}],"neow_cost":"","seed_source_timestamp":0,"circlet_count":0,"master_deck":["AscendersBane","Coolheaded+1","Double Energy+1","Genetic Algorithm","Hologram","Defragment+1","Turbo+1","Impatience+1","Heatsinks+1","Gash+1","Capacitor+1","Loop+1","Undo+1","Purity+1"],"special_seed":0,"relics":["Cracked Core","Kunai","Torii","Anchor","Oddly Smooth Stone","Orrery","Pantograph","Gambling Chip","Calipers","Empty Cage","Runic Capacitor","Ornamental Fan","DataDisk","Art of War","Centennial Puzzle","Potion Belt","Membership Card","Dodecahedron","Boot"],"potions_floor_usage":[56,56,56],"damage_taken":[{"damage":0.0,"enemies":"Small Slimes","floor":1.0,"turns":3.0},{"damage":7.0,"enemies":"2 Louse","floor":2.0,"turns":2.0},{"damage":0.0,"enemies":"Lagavulin","floor":8.0,"turns":4.0},{"damage":0.0,"enemies":"Jaw Worm","floor":11.0,"turns":1.0},{"damage":0.0,"enemies":"Gremlin Nob","floor":12.0,"turns":2.0},{"damage":0.0,"enemies":"Lots of Slimes","floor":13.0,"turns":2.0},{"damage":0.0,"enemies":"Slime Boss","floor":16.0,"turns":2.0},{"damage":0.0,"enemies":"3 Byrds","floor":18.0,"turns":2.0},{"damage":0.0,"enemies":"2 Thieves","floor":19.0,"turns":2.0},{"damage":0.0,"enemies":"Book of Stabbing","floor":23.0,"turns":3.0},{"damage":0.0,"enemies":"Snake Plant","floor":25.0,"turns":3.0},{"damage":0.0,"enemies":"Chosen and Byrds","floor":27.0,"turns":3.0},{"damage":0.0,"enemies":"Cultist and Chosen","floor":29.0,"turns":5.0},{"damage":1.0,"enemies":"Slavers","floor":31.0,"turns":4.0},{"damage":0.0,"enemies":"Champ","floor":33.0,"turns":6.0},{"damage":0.0,"enemies":"Orb Walker","floor":35.0,"turns":2.0},{"damage":0.0,"enemies":"3 Shapes","floor":37.0,"turns":2.0},{"damage":0.0,"enemies":"Jaw Worm Horde","floor":38.0,"turns":1.0},{"damage":0.0,"enemies":"Maw","floor":39.0,"turns":1.0},{"damage":0.0,"enemies":"Reptomancer","floor":40.0,"turns":2.0},{"damage":0.0,"enemies":"Giant Head","floor":44.0,"turns":2.0},{"damage":0.0,"enemies":"Sphere and 2 Shapes","floor":45.0,"turns":1.0},{"damage":0.0,"enemies":"Reptomancer","floor":47.0,"turns":2.0},{"damage":0.0,"enemies":"Donu and Deca","floor":50.0,"turns":3.0},{"damage":0.0,"enemies":"Time Eater","floor":51.0,"turns":7.0},{"damage":0,"enemies":"Shield and Spear","floor":55,"turns":2},{"damage":0,"enemies":"The Heart","floor":56,"turns":6}],"seed_played":"-3897411966855857238","potions_obtained":[{"floor":2.0,"key":"FairyPotion"},{"floor":13.0,"key":"Dexterity Potion"},{"floor":16.0,"key":"SkillPotion"},{"floor":19.0,"key":"FocusPotion"},{"floor":35.0,"key":"GamblersBrew"}],"is_trial":true,"path_per_floor":["M","M","$","?","?","R","?","E","T","R","M","E","M","T","R","B",null,"M","M","$","?","?","E","R","M","T","M","R","M","R","E","R","B",null,"M","$","M","M","M","E","$","R","T","E","M","R","E","?","R","B","B",null,"R","$","E","B",null],"character_chosen":"DEFECT","items_purchased":["Impatience","Runic Capacitor","DataDisk","Membership Card","Dodecahedron","Strength Potion","LiquidBronze"],"campfire_rested":0,"item_purchase_floors":[3,36,41,54,54,54,54],"current_hp_per_floor":[64,57,57,57,36,36,10,10,10,10,10,10,10,10,10,10,56,56,56,56,56,7,7,7,7,7,7,7,7,7,6,6,31,61,61,61,61,61,61,61,61,61,61,61,61,61,61,61,61,71,71,71,71,71,71,71],"gold":58,"neow_bonus":"","is_prod":false,"is_daily":false,"chose_seed":false,"campfire_upgraded":10,"win_rate":0,"timestamp":1567783200,"path_taken":["M","M","$","?","?","R","?","E","T","R","M","E","M","?","R","BOSS","M","M","$","?","?","E","R","M","T","M","R","M","R","E","R","BOSS","M","$","M","M","?","E","$","R","T","E","M","R","E","?","R","BOSS","BOSS","R","$","E","BOSS"],"build_version":"2019-08-26","purchased_purges":3,"victory":true,"max_hp_per_floor":[71,71,71,71,71,71,71,71,71,71,71,71,71,71,71,71,71,71,71,71,71,71,71,71,71,71,71,71,71,71,71,71,71,71,71,71,71,71,71,71,71,71,71,71,71,71,71,71,71,71,71,71,71,71,71,71],"card_choices":[{"not_picked":["Steam","Darkness"],"picked":"Turbo","floor":1.0},{"not_picked":["Leap","Redo","Hologram"],"picked":"SKIP","floor":2.0},{"not_picked":["Beam Cell","Steam"],"picked":"Heatsinks","floor":8.0},{"not_picked":["Sweeping Beam","Redo","Beam Cell"],"picked":"SKIP","floor":11.0},{"not_picked":["Tempest","Reinforced Body","Doom and Gloom"],"picked":"SKIP","floor":12.0},{"not_picked":["Static Discharge","Leap","Stack"],"picked":"SKIP","floor":13.0},{"not_picked":["Compile Driver","Glacier","Rebound+1"],"picked":"SKIP","floor":18.0},{"not_picked":["Steam","Capacitor","Chill"],"picked":"SKIP","floor":19.0},{"not_picked":["Auto Shields","Sweeping Beam","Cold Snap"],"picked":"SKIP","floor":23.0},{"not_picked":["Electrodynamics","Self Repair","Cold Snap"],"picked":"SKIP","floor":25.0},{"not_picked":["Beam Cell","Streamline"],"picked":"Gash","floor":27.0},{"not_picked":["Hologram","Ball Lightning","Steam Power"],"picked":"SKIP","floor":29.0},{"not_picked":["Cold Snap","Amplify","Capacitor+1"],"picked":"SKIP","floor":31.0},{"not_picked":["Cold Snap","Amplify"],"picked":"Capacitor+1","floor":31.0},{"not_picked":["Streamline","Stack+1","Compile Driver"],"picked":"SKIP","floor":35.0},{"not_picked":["Cold Snap","Sweeping Beam","Ball Lightning"],"picked":"SKIP","floor":37.0},{"not_picked":["Cold Snap","Sweeping Beam","Ball Lightning"],"picked":"SKIP","floor":37.0},{"not_picked":["Sweeping Beam","Redo"],"picked":"Loop","floor":38.0},{"not_picked":["Streamline+1","Rip and Tear","Coolheaded"],"picked":"SKIP","floor":39.0},{"not_picked":["Rebound","Fission"],"picked":"Undo","floor":40.0},{"not_picked":["Darkness","Tempest+1","Static Discharge+1"],"picked":"SKIP","floor":44.0},{"not_picked":["Beam Cell","Redo","Sweeping Beam"],"picked":"SKIP","floor":45.0},{"not_picked":["Conserve Battery+1","Ball Lightning","Biased Cognition"],"picked":"SKIP","floor":47.0},{"not_picked":["Dark Shackles","Impatience"],"picked":"Purity","floor":48.0},{"not_picked":["Coolheaded","Stack","Auto Shields+1"],"picked":"SKIP","floor":55}],"player_experience":3187516,"relics_obtained":[{"floor":8.0,"key":"Torii"},{"floor":9.0,"key":"Anchor"},{"floor":12.0,"key":"Oddly Smooth Stone"},{"floor":23.0,"key":"Pantograph"},{"floor":26.0,"key":"Gambling Chip"},{"floor":31.0,"key":"Calipers"},{"floor":40.0,"key":"Ornamental Fan"},{"floor":43.0,"key":"Art of War"},{"floor":44.0,"key":"Centennial Puzzle"},{"floor":47.0,"key":"Potion Belt"},{"floor":55,"key":"Boot"}],"event_choices":[{"damage_healed":0.0,"max_hp_gain":0.0,"max_hp_loss":0.0,"gold_gain":0.0,"event_name":"Liars Game","player_choice":"Ignored","floor":4.0,"gold_loss":0.0,"damage_taken":0.0},{"damage_healed":0.0,"max_hp_gain":0.0,"max_hp_loss":0.0,"gold_gain":0.0,"event_name":"Shining Light","player_choice":"Entered Light","floor":5.0,"gold_loss":0.0,"damage_taken":21.0,"cards_upgraded":["Storm","Coolheaded"]},{"damage_healed":0.0,"max_hp_gain":0.0,"max_hp_loss":0.0,"gold_gain":0.0,"event_name":"Scrap Ooze","player_choice":"Success","floor":7.0,"gold_loss":0.0,"damage_taken":26.0,"relics_obtained":["Kunai"]},{"damage_healed":0.0,"max_hp_gain":0.0,"max_hp_loss":0.0,"gold_gain":0.0,"event_name":"Vampires","player_choice":"Ignored","floor":21.0,"gold_loss":0.0,"damage_taken":0.0},{"damage_healed":0.0,"max_hp_gain":0.0,"max_hp_loss":0.0,"gold_gain":540.0,"event_name":"Knowing Skull","player_choice":"GOLD GOLD GOLD GOLD GOLD GOLD ","floor":22.0,"potions_obtained":[],"gold_loss":0.0,"damage_taken":49.0,"cards_obtained":[]},{"damage_healed":0.0,"max_hp_gain":0.0,"max_hp_loss":0.0,"gold_gain":0.0,"event_name":"SensoryStone","player_choice":"Memory 1","floor":48.0,"gold_loss":0.0,"damage_taken":0.0}],"is_beta":true,"boss_relics":[{"not_picked":["Sozu","Fusion Hammer"],"picked":"Orrery"},{"not_picked":["Inserter","Black Star"],"picked":"Empty Cage"}],"items_purged_floors":[20,36,41],"is_endless":false,"potions_floor_spawned":[2,13,16,19,23,27,29,35,37,44],"ascension_level":20}