{"gold_per_floor":[111,36,36,36,36,36,64,84,135,166,166,198,218,143,143,219,219,239,239,239,254,272,304,315,342,342,342,376,117,150,161,161,238,288,301,317,330,345,345,373,373,401,401,426,445,445,445,445,445,445,445,445,445,54,85,85],"floor_reached":57,"playtime":2226,"items_purged":["Flechettes","Concentrate"],"score":4047,"play_id":"1c656613-098c-4d1c-a6f6-71a5043a3c86","local_time":"20190823204744","daily_mods":["SealedDeck"],"is_ascension_mode":true,"campfire_choices":[{"data":"Calculated Gamble","floor":6,"key":"SMITH"},{"data":"Reflex","floor":11,"key":"SMITH"},{"data":"Tactician","floor":15,"key":"SMITH"},{"data":"Eviscerate","floor":27,"key":"SMITH"},{"data":"Well Laid Plans","floor":32,"key":"SMITH"},{"floor":41,"key":"RECALL"},{"data":"Backflip","floor":47,"key":"SMITH"},{"data":"Escape Plan","floor":49,"key":"SMITH"},{"floor":53,"key":"REST"}],"neow_cost":"","seed_source_timestamp":0,"circlet_count":0,"master_deck":["AscendersBane","Backflip+1","Calculated Gamble+1","Reflex+1","Eviscerate+1","Tactician+1","Acrobatics+1","Well Laid Plans+1","Escape Plan+1"],"relics":["Ring of the Snake","Sundial","Kunai","Potion Belt","Strawberry","Empty Cage","MutagenicStrength","Ornamental Fan","Art of War","Paper Crane","The Courier","Nunchaku","Membership Card","Prayer Wheel","Tiny House","Dodecahedron","Frozen Egg 2","Centennial Puzzle","Pear","Bottled Lightning","Anchor","Tough Bandages","Vajra"],"potions_floor_usage":[28,33,50,50,56,56,56,56,56,56,56,56],"damage_taken":[{"damage":0,"enemies":"2 Louse","floor":1,"turns":1},{"damage":0,"enemies":"Lagavulin","floor":7,"turns":3},{"damage":0,"enemies":"Small Slimes","floor":8,"turns":1},{"damage":0,"enemies":"3 Sentries","floor":10,"turns":2},{"damage":0,"enemies":"Gremlin Nob","floor":12,"turns":1},{"damage":0,"enemies":"Jaw Worm","floor":13,"turns":1},{"damage":0,"enemies":"The Guardian","floor":16,"turns":1},{"damage":0,"enemies":"Shell Parasite","floor":18,"turns":1},{"damage":0,"enemies":"2 Thieves","floor":21,"turns":1},{"damage":0,"enemies":"Centurion and Healer","floor":22,"turns":1},{"damage":0,"enemies":"Slavers","floor":23,"turns":1},{"damage":0,"enemies":"3 Cultists","floor":24,"turns":1},{"damage":0,"enemies":"Book of Stabbing","floor":25,"turns":1},{"damage":0,"enemies":"Gremlin Leader","floor":28,"turns":1},{"damage":0,"enemies":"Book of Stabbing","floor":30,"turns":1},{"damage":0,"enemies":"Snake Plant","floor":31,"turns":1},{"damage":0,"enemies":"Collector","floor":33,"turns":1},{"damage":0,"enemies":"3 Shapes","floor":35,"turns":1},{"damage":0,"enemies":"3 Darklings","floor":36,"turns":1},{"damage":0,"enemies":"Sphere and 2 Shapes","floor":37,"turns":1},{"damage":0,"enemies":"Maw","floor":38,"turns":1},{"damage":0,"enemies":"Nemesis","floor":40,"turns":1},{"damage":0,"enemies":"Giant Head","floor":42,"turns":1},{"damage":0,"enemies":"Nemesis","floor":44,"turns":1},{"damage":0,"enemies":"3 Darklings","floor":45,"turns":1},{"damage":0,"enemies":"Time Eater","floor":50,"turns":7},{"damage":0,"enemies":"Donu and Deca","floor":51,"turns":1},{"damage":0,"enemies":"Shield and Spear","floor":55,"turns":1},{"damage":0,"enemies":"The Heart","floor":56,"turns":4}],"seed_played":"4366069906181817038","potions_obtained":[{"floor":8,"key":"Ancient Potion"},{"floor":13,"key":"Fire Potion"},{"floor":16,"key":"Fire Potion"},{"floor":21,"key":"Regen Potion"},{"floor":25,"key":"SteroidPotion"},{"floor":30,"key":"SteroidPotion"},{"floor":36,"key":"Energy Potion"},{"floor":37,"key":"Dexterity Potion"},{"floor":42,"key":"GhostInAJar"}],"is_trial":true,"path_per_floor":["M","?","?","$","?","R","E","M","T","E","R","E","M","$","R","B",null,"M","?","?","M","M","E","M","E","T","R","E","$","E","M","R","B",null,"M","M","M","M","?","E","R","E","T","E","M","?","R","$","R","B","B",null,"R","$","E","B",null],"character_chosen":"THE_SILENT","items_purchased":["Membership Card","Well Laid Plans","EntropicBrew","PowerPotion","GhostInAJar","Bottled Lightning","Anchor","Tough Bandages"],"campfire_rested":1,"item_purchase_floors":[29,29,54,54,54,54,54,54],"current_hp_per_floor":[59,59,52,52,41,41,41,41,41,41,41,48,48,48,48,48,67,67,67,67,67,67,67,67,67,67,67,67,67,67,67,67,67,77,77,77,77,77,77,77,77,77,77,87,87,87,87,87,87,87,87,88,88,88,88,88],"gold":85,"neow_bonus":"","is_prod":false,"is_daily":false,"chose_seed":false,"campfire_upgraded":7,"win_rate":0,"timestamp":1566564464,"path_taken":["M","?","?","?","?","R","E","M","T","E","R","E","M","$","R","BOSS","M","?","?","M","?","E","M","E","T","R","E","$","E","M","R","BOSS","M","?","M","M","?","E","R","E","T","E","?","?","R","?","R","BOSS","BOSS","R","$","E","BOSS"],"build_version":"2019-08-15","purchased_purges":2,"victory":true,"max_hp_per_floor":[66,66,66,66,66,66,66,66,66,66,66,73,73,73,73,73,73,73,73,73,73,73,73,73,73,73,73,73,73,73,73,73,73,78,78,78,78,78,78,78,78,78,78,88,88,88,88,88,88,88,88,88,88,88,88,88],"card_choices":[{"not_picked":["Catalyst","Slice","Flechettes"],"picked":"SKIP","floor":1},{"not_picked":["Masterful Stab","Quick Slash","Deflect"],"picked":"SKIP","floor":7},{"not_picked":["Dagger Throw","Slice","Quick Slash"],"picked":"SKIP","floor":8},{"not_picked":["Prepared","Dash"],"picked":"Eviscerate","floor":10},{"not_picked":["Poisoned Stab","Reflex","Flying Knee"],"picked":"SKIP","floor":12},{"not_picked":["Poisoned Stab","Reflex","Flying Knee"],"picked":"SKIP","floor":12},{"not_picked":["Distraction","Dash"],"picked":"Tactician","floor":13},{"not_picked":["Quick Slash","Noxious Fumes","Dagger Throw"],"picked":"SKIP","floor":18},{"not_picked":["Dagger Throw","Dodge and Roll","Slice+1"],"picked":"SKIP","floor":21},{"not_picked":["Burst","Masterful Stab"],"picked":"Acrobatics","floor":22},{"not_picked":["Blade Dance+1","Reflex","Accuracy"],"picked":"SKIP","floor":23},{"not_picked":["Choke+1","Heel Hook","Bane"],"picked":"SKIP","floor":24},{"not_picked":["Calculated Gamble","Caltrops","Leg Sweep"],"picked":"SKIP","floor":25},{"not_picked":["Blade Dance","PiercingWail","Sucker Punch"],"picked":"SKIP","floor":28},{"not_picked":["Backstab","Expertise","Prepared"],"picked":"SKIP","floor":30},{"not_picked":["Flying Knee","PiercingWail","Finisher"],"picked":"SKIP","floor":31},{"not_picked":["Dodge and Roll","Caltrops","Outmaneuver"],"picked":"SKIP","floor":31},{"not_picked":["Doppelganger","Malaise"],"picked":"Grand Finale","floor":33},{"not_picked":["Sucker Punch","Dagger Spray","Flying Knee"],"picked":"SKIP","floor":35},{"not_picked":["Tactician+1","All Out Attack","Outmaneuver"],"picked":"SKIP","floor":35},{"not_picked":["Caltrops","Bane+1","Backflip+1"],"picked":"SKIP","floor":36},{"not_picked":["Dagger Spray","PiercingWail+1","Blade Dance"],"picked":"SKIP","floor":36},{"not_picked":["Venomology","Poisoned Stab","Sucker Punch"],"picked":"SKIP","floor":37},{"not_picked":["Quick Slash","Bane","Calculated Gamble+1"],"picked":"SKIP","floor":37},{"not_picked":["PiercingWail+1","Finisher","Deflect"],"picked":"SKIP","floor":38},{"not_picked":["Prepared","Well Laid Plans+1","Acrobatics"],"picked":"SKIP","floor":38},{"not_picked":["Corpse Explosion","Flying Knee+1","Underhanded Strike+1"],"picked":"SKIP","floor":40},{"not_picked":["Die Die Die","Acrobatics","Deflect"],"picked":"SKIP","floor":42},{"not_picked":["Dagger Spray","Storm of Steel","Infinite Blades+1"],"picked":"SKIP","floor":44},{"not_picked":["Concentrate+1","Quick Slash"],"picked":"Escape Plan","floor":45},{"not_picked":["Poisoned Stab","Outmaneuver","Dagger Throw"],"picked":"SKIP","floor":45},{"not_picked":["Expertise+1","Masterful Stab","Wraith Form v2+1"],"picked":"SKIP","floor":55}],"player_experience":3093097,"relics_obtained":[{"floor":7,"key":"Kunai"},{"floor":10,"key":"Potion Belt"},{"floor":12,"key":"Strawberry"},{"floor":23,"key":"Art of War"},{"floor":25,"key":"Paper Crane"},{"floor":26,"key":"The Courier"},{"floor":28,"key":"Nunchaku"},{"floor":30,"key":"Prayer Wheel"},{"floor":40,"key":"Dodecahedron"},{"floor":42,"key":"Frozen Egg 2"},{"floor":43,"key":"Centennial Puzzle"},{"floor":44,"key":"Pear"},{"floor":55,"key":"Vajra"}],"event_choices":[{"cards_removed":["Deflect"],"damage_healed":0,"gold_gain":0,"player_choice":"Card Removal","damage_taken":0,"max_hp_gain":0,"max_hp_loss":0,"event_name":"The Cleric","floor":2,"gold_loss":75},{"cards_removed":["Backstab"],"damage_healed":0,"gold_gain":0,"player_choice":"Card Removal","damage_taken":7,"max_hp_gain":0,"max_hp_loss":0,"event_name":"Golden Wing","floor":3,"gold_loss":0},{"damage_healed":0,"gold_gain":0,"player_choice":"Success","damage_taken":11,"relics_obtained":["Sundial"],"max_hp_gain":0,"max_hp_loss":0,"event_name":"Scrap Ooze","floor":5,"gold_loss":0},{"damage_healed":0,"gold_gain":0,"player_choice":"Inject Mutagens","damage_taken":0,"relics_obtained":["MutagenicStrength"],"max_hp_gain":0,"max_hp_loss":0,"event_name":"Drug Dealer","floor":19,"gold_loss":0},{"damage_healed":0,"gold_gain":0,"player_choice":"Gave Potion","damage_taken":0,"relics_obtained":["Ornamental Fan"],"max_hp_gain":0,"max_hp_loss":0,"event_name":"WeMeetAgain","floor":20,"gold_loss":0},{"cards_removed":["Prepared"],"damage_healed":0,"gold_gain":0,"player_choice":"Card Removal","damage_taken":0,"max_hp_gain":0,"max_hp_loss":0,"event_name":"Wheel of Change","floor":39,"gold_loss":0},{"cards_removed":["Grand Finale"],"damage_healed":0,"gold_gain":0,"player_choice":"Removed Attack","damage_taken":0,"max_hp_gain":0,"max_hp_loss":0,"event_name":"Falling","floor":46,"gold_loss":0}],"is_beta":true,"boss_relics":[{"not_picked":["Runic Pyramid","Coffee Dripper"],"picked":"Empty Cage"},{"not_picked":["Sozu","Busted Crown"],"picked":"Tiny House"}],"items_purged_floors":[14,29],"is_endless":false,"potions_floor_spawned":[8,13,16,21,25,30,33,36,37,42,45,55],"ascension_level":20}