{"gold_per_floor":[111,125,140,155,224,256,256,276,300,375,375,407,407,372,372,372],"floor_reached":16,"playtime":1524,"items_purged":[],"score":110,"play_id":"083ef54e-b167-47b8-a52f-09a64b85b094","local_time":"20190111212343","is_ascension_mode":false,"campfire_choices":[{"data":"Limit Break","floor":7.0,"key":"SMITH"},{"floor":13,"key":"REST"},{"floor":15,"key":"REST"}],"neow_cost":"NONE","seed_source_timestamp":0,"circlet_count":0,"master_deck":["Strike_R","Strike_R","Strike_R","Defend_R","Defend_R","Defend_R","Defend_R","Bash","Carnage","Iron Wave","Anger","Whirlwind","Impervious","Limit Break+1","Intimidate","Sentinel","Searing Blow"],"special_seed":0,"relics":["Burning Blood","Juzu Bracelet","Anchor","Omamori"],"potions_floor_usage":[8,12],"damage_taken":[{"damage":7.0,"enemies":"Small Slimes","floor":1.0,"turns":4.0},{"damage":6.0,"enemies":"Jaw Worm","floor":2.0,"turns":2.0},{"damage":2.0,"enemies":"2 Louse","floor":3.0,"turns":3.0},{"damage":6.0,"enemies":"Blue Slaver","floor":4.0,"turns":4.0},{"damage":16.0,"enemies":"Gremlin Nob","floor":6.0,"turns":5.0},{"damage":6,"enemies":"Exordium Wildlife","floor":8,"turns":2},{"damage":41,"enemies":"Lagavulin","floor":12,"turns":11},{"damage":86,"enemies":"Slime Boss","floor":16,"turns":14}],"seed_played":"-1180528707356976770","potions_obtained":[{"floor":1.0,"key":"SpeedPotion"},{"floor":4.0,"key":"AttackPotion"}],"is_trial":false,"path_per_floor":["M","M","M","M","?","E","R","M","T","?","?","E","R","?","R","B"],"character_chosen":"IRONCLAD","items_purchased":[],"campfire_rested":2,"item_purchase_floors":[],"current_hp_per_floor":[79,79,80,80,80,70,70,70,70,59,59,24,48,68,80,0],"gold":372,"neow_bonus":"TRANSFORM_CARD","is_prod":false,"is_daily":false,"chose_seed":false,"campfire_upgraded":1,"win_rate":0.0,"timestamp":1547270623,"path_taken":["M","M","M","M","?","E","R","M","T","?","?","E","R","?","R","BOSS"],"build_version":"2019-01-10","purchased_purges":0,"victory":false,"max_hp_per_floor":[80,80,80,80,80,80,80,80,80,80,80,80,80,80,80,80],"card_choices":[{"not_picked":["Rupture","Body Slam"],"picked":"Iron Wave","floor":1.0},{"not_picked":["Sword Boomerang","Warcry"],"picked":"Anger","floor":2.0},{"not_picked":["Warcry","Corruption"],"picked":"Whirlwind","floor":3.0},{"not_picked":["Havoc","Warcry"],"picked":"Impervious","floor":4.0},{"not_picked":["Sever Soul","Pummel"],"picked":"Limit Break","floor":6.0},{"not_picked":["Warcry","Twin Strike"],"picked":"Intimidate","floor":8},{"not_picked":["Shrug It Off","Sword Boomerang"],"picked":"Searing Blow","floor":12}],"player_experience":138196,"relics_obtained":[{"floor":6.0,"key":"Juzu Bracelet"},{"floor":9,"key":"Anchor"},{"floor":12,"key":"Omamori"}],"event_choices":[{"damage_healed":0.0,"max_hp_gain":0.0,"max_hp_loss":0.0,"gold_gain":69.0,"event_name":"Golden Wing","player_choice":"Gained Gold","floor":5.0,"gold_loss":0.0,"damage_taken":0.0},{"damage_healed":0,"gold_gain":75,"player_choice":"Gather Gold","damage_taken":11,"max_hp_gain":0,"max_hp_loss":0,"event_name":"World of Goop","floor":10,"gold_loss":0},{"damage_healed":0,"gold_gain":0,"cards_transformed":["Strike_R"],"player_choice":"Change","damage_taken":0,"max_hp_gain":0,"max_hp_loss":0,"event_name":"Living Wall","floor":11,"gold_loss":0,"cards_obtained":["Sentinel"]},{"damage_healed":20,"gold_gain":0,"player_choice":"Healed","damage_taken":0,"max_hp_gain":0,"max_hp_loss":0,"event_name":"The Cleric","floor":14,"gold_loss":35}],"is_beta":false,"boss_relics":[],"items_purged_floors":[],"is_endless":false,"potions_floor_spawned":[1,4],"killed_by":"Slime Boss","ascension_level":0}