{"gold_per_floor":[364,364,439,439,70,103,103,113,140,155,173,73,73,108,108,186,186,197,31,49,68,68,68,82,116,174,221,233,245,291,316,328,418,430,453,465,477,268,268,298,192,223,275,300,315,315,315,349,349,349,349,349,349,53,88,88],"floor_reached":57,"playtime":1926,"items_purged":["Strike_G","Strike_G","Strike_G","Skewer+1","Defend_G+1","Corpse Explosion+1"],"score":3699,"play_id":"267caca4-1a1b-4cb5-8832-3b1a7b73b797","local_time":"20190919195328","is_ascension_mode":true,"campfire_choices":[{"floor":7.0,"key":"REST"},{"data":"Acrobatics","floor":15.0,"key":"SMITH"},{"data":"Well Laid Plans","floor":23.0,"key":"SMITH"},{"data":"Neutralize","floor":28.0,"key":"SMITH"},{"data":"Corpse Explosion","floor":32.0,"key":"SMITH"},{"data":"Prepared","floor":47.0,"key":"SMITH"},{"floor":49.0,"key":"RECALL"}],"neow_cost":"PERCENT_DAMAGE","seed_source_timestamp":294297798641083,"circlet_count":0,"master_deck":["AscendersBane","Defend_G+1","Defend_G+1","Defend_G+1","Defend_G+1","Survivor+1","Neutralize+1","Terror+1","Acrobatics+1","Backflip+1","Heel Hook+1","Well Laid Plans+1","After Image+1","Grand Finale+1","Reflex+1","Calculated Gamble+1","Prepared+1"],"special_seed":0,"relics":["Ring of the Snake","Medical Kit","Bag of Preparation","Anchor","Sundial","Coffee Dripper","MawBank","Smiling Mask","White Beast Statue","Red Mask","Runic Pyramid","Orrery","Mark of the Bloom","Singing Bowl","Vajra","Bag of Marbles","Blood Vial","FossilizedHelix","Dream Catcher","OrangePellets"],"potions_floor_usage":[56,56],"damage_taken":[{"damage":0.0,"enemies":"Jaw Worm","floor":1.0,"turns":5.0},{"damage":20.0,"enemies":"Lagavulin","floor":6.0,"turns":8.0},{"damage":0.0,"enemies":"Cultist","floor":8.0,"turns":3.0},{"damage":0.0,"enemies":"Small Slimes","floor":10.0,"turns":3.0},{"damage":16.0,"enemies":"Exordium Thugs","floor":11.0,"turns":6.0},{"damage":15.0,"enemies":"3 Sentries","floor":14.0,"turns":11.0},{"damage":0.0,"enemies":"Slime Boss","floor":16.0,"turns":3.0},{"damage":0.0,"enemies":"Chosen","floor":18.0,"turns":3.0},{"damage":0.0,"enemies":"Shell Parasite","floor":20.0,"turns":3.0},{"damage":15.0,"enemies":"Snake Plant","floor":21.0,"turns":5.0},{"damage":0.0,"enemies":"Centurion and Healer","floor":24.0,"turns":3.0},{"damage":0.0,"enemies":"Book of Stabbing","floor":25.0,"turns":5.0},{"damage":0.0,"enemies":"Gremlin Leader","floor":27.0,"turns":6.0},{"damage":0.0,"enemies":"Masked Bandits","floor":30.0,"turns":2.0},{"damage":0.0,"enemies":"Snecko","floor":31.0,"turns":3.0},{"damage":19.0,"enemies":"Champ","floor":33.0,"turns":11.0},{"damage":0.0,"enemies":"3 Shapes","floor":35.0,"turns":2.0},{"damage":0.0,"enemies":"Nemesis","floor":40.0,"turns":3.0},{"damage":0.0,"enemies":"Giant Head","floor":42.0,"turns":1.0},{"damage":0.0,"enemies":"Reptomancer","floor":44.0,"turns":2.0},{"damage":0.0,"enemies":"Orb Walker","floor":45.0,"turns":1.0},{"damage":0.0,"enemies":"Nemesis","floor":48.0,"turns":1.0},{"damage":0.0,"enemies":"Awakened One","floor":50.0,"turns":4.0},{"damage":0.0,"enemies":"Time Eater","floor":51.0,"turns":3.0},{"damage":0.0,"enemies":"Shield and Spear","floor":55.0,"turns":2.0},{"damage":0,"enemies":"The Heart","floor":56,"turns":5}],"seed_played":"5658245843573662011","potions_obtained":[{"floor":1.0,"key":"Fruit Juice"},{"floor":10.0,"key":"Swift Potion"},{"floor":11.0,"key":"DuplicationPotion"},{"floor":20.0,"key":"Poison Potion"},{"floor":24.0,"key":"SkillPotion"},{"floor":25.0,"key":"FearPotion"},{"floor":30.0,"key":"PowerPotion"},{"floor":33.0,"key":"Energy Potion"},{"floor":35.0,"key":"Swift Potion"},{"floor":48.0,"key":"Regen Potion"}],"is_trial":false,"path_per_floor":["M","?","?","?","$","E","R","M","T","M","M","$","?","E","R","B",null,"M","$","M","M","?","R","M","E","T","E","R","?","?","M","R","B",null,"M","?","T","$","?","E","$","E","T","E","M","?","R","E","R","B","B",null,"R","$","E","B",null],"character_chosen":"THE_SILENT","items_purchased":["Medical Kit","Terror","Fire Potion","Well Laid Plans","Orrery","Prepared","DuplicationPotion","OrangePellets"],"campfire_rested":1,"item_purchase_floors":[5,5,5,19,38,41,54,54],"current_hp_per_floor":[49,49,38,38,38,18,39,39,39,39,23,23,23,8,8,8,55,55,55,55,40,40,40,40,40,40,40,40,54,54,54,54,35,62,62,62,62,62,62,62,62,62,62,62,62,62,62,62,62,62,62,62,62,62,62,62],"gold":88,"neow_bonus":"TWO_FIFTY_GOLD","is_prod":false,"is_daily":false,"chose_seed":false,"campfire_upgraded":5,"win_rate":0,"timestamp":1568890408,"path_taken":["M","?","?","?","$","E","R","M","T","?","M","?","?","E","R","BOSS","M","$","M","M","?","R","M","E","T","E","R","?","?","M","R","BOSS","M","?","?","$","?","E","?","E","T","E","M","?","R","E","R","BOSS","BOSS","R","$","E","BOSS"],"build_version":"2019-09-18","purchased_purges":6,"victory":true,"max_hp_per_floor":[71,71,71,71,71,71,71,71,71,71,71,71,71,71,71,71,71,71,71,71,71,71,71,71,71,71,71,71,71,71,71,71,71,71,71,67,67,67,67,69,69,71,71,73,75,75,75,77,77,77,77,77,77,77,79,79],"card_choices":[{"not_picked":["Setup","Blur"],"picked":"Skewer","floor":1.0},{"not_picked":["Sucker Punch","Eviscerate","Distraction"],"picked":"SKIP","floor":6.0},{"not_picked":["Backstab","Setup"],"picked":"Acrobatics","floor":8.0},{"not_picked":["Deadly Poison","Slice","Quick Slash"],"picked":"SKIP","floor":10.0},{"not_picked":["Quick Slash","Slice"],"picked":"Backflip","floor":11.0},{"not_picked":["Footwork","Noxious Fumes","Deflect"],"picked":"SKIP","floor":14.0},{"not_picked":["Night Terror","Tools of the Trade"],"picked":"Corpse Explosion","floor":16.0},{"not_picked":["Blade Dance","Riddle With Holes"],"picked":"Heel Hook","floor":18.0},{"not_picked":["Expertise","Poisoned Stab","PiercingWail"],"picked":"SKIP","floor":20.0},{"not_picked":["All Out Attack","Acrobatics","PiercingWail"],"picked":"SKIP","floor":21.0},{"not_picked":["Dagger Throw","Poisoned Stab","Underhanded Strike"],"picked":"SKIP","floor":24.0},{"not_picked":["Bane","Distraction","Quick Slash"],"picked":"SKIP","floor":25.0},{"not_picked":["Dagger Spray","Venomology"],"picked":"After Image","floor":27.0},{"not_picked":["Riddle With Holes","Prepared","Underhanded Strike"],"picked":"SKIP","floor":31.0},{"not_picked":["A Thousand Cuts","Venomology"],"picked":"Grand Finale","floor":33.0},{"not_picked":["Reflex","Eviscerate","PiercingWail"],"picked":"SKIP","floor":35.0},{"not_picked":["Eviscerate","PiercingWail"],"picked":"Reflex","floor":35.0},{"not_picked":["Quick Slash","PiercingWail"],"picked":"Calculated Gamble+1","floor":38.0},{"not_picked":["Concentrate+1","Predator","Escape Plan"],"picked":"Singing Bowl","floor":40.0},{"not_picked":["Quick Slash","Prepared+1","Outmaneuver+1"],"picked":"Singing Bowl","floor":42.0},{"not_picked":["Blade Dance","Bouncing Flask","Dagger Spray+1"],"picked":"Singing Bowl","floor":44.0},{"not_picked":["Underhanded Strike","Backflip+1","Reflex"],"picked":"Singing Bowl","floor":45.0},{"not_picked":["Underhanded Strike","Noxious Fumes","Finisher"],"picked":"Singing Bowl","floor":48.0},{"not_picked":["Leg Sweep","Sucker Punch","Dodge and Roll+1"],"picked":"Singing Bowl","floor":55}],"player_experience":1105644,"relics_obtained":[{"floor":6.0,"key":"Bag of Preparation"},{"floor":9.0,"key":"Anchor"},{"floor":14.0,"key":"Sundial"},{"floor":25.0,"key":"MawBank"},{"floor":26.0,"key":"Smiling Mask"},{"floor":27.0,"key":"White Beast Statue"},{"floor":30.0,"key":"Red Mask"},{"floor":40.0,"key":"Singing Bowl"},{"floor":42.0,"key":"Vajra"},{"floor":43.0,"key":"Bag of Marbles"},{"floor":44.0,"key":"Blood Vial"},{"floor":48.0,"key":"Dream Catcher"}],"event_choices":[{"cards_removed":["Strike_G"],"damage_healed":0.0,"max_hp_gain":0.0,"max_hp_loss":0.0,"gold_gain":0.0,"event_name":"Living Wall","player_choice":"Forget","floor":2.0,"gold_loss":0.0,"damage_taken":0.0},{"damage_healed":0.0,"max_hp_gain":0.0,"max_hp_loss":0.0,"gold_gain":75.0,"event_name":"World of Goop","player_choice":"Gather Gold","floor":3.0,"gold_loss":0.0,"damage_taken":11.0},{"damage_healed":0.0,"max_hp_gain":0.0,"max_hp_loss":0.0,"gold_gain":0.0,"event_name":"Upgrade Shrine","player_choice":"Upgraded","floor":4.0,"gold_loss":0.0,"damage_taken":0.0,"cards_upgraded":["Skewer"]},{"cards_removed":["Strike_G"],"damage_healed":0.0,"max_hp_gain":0.0,"max_hp_loss":0.0,"gold_gain":0.0,"event_name":"Purifier","player_choice":"Purged","floor":13.0,"gold_loss":0.0,"damage_taken":0.0},{"damage_healed":0.0,"max_hp_gain":0.0,"max_hp_loss":0.0,"gold_gain":0.0,"event_name":"Vampires","player_choice":"Ignored","floor":22.0,"gold_loss":0.0,"damage_taken":0.0},{"damage_healed":14.0,"max_hp_gain":0.0,"max_hp_loss":0.0,"gold_gain":0.0,"event_name":"The Library","player_choice":"Heal","floor":29.0,"gold_loss":0.0,"damage_taken":0.0},{"damage_healed":0.0,"max_hp_gain":0.0,"max_hp_loss":0.0,"gold_gain":0.0,"event_name":"Masked Bandits","player_choice":"Fought Bandits","floor":30.0,"gold_loss":0.0,"damage_taken":0.0},{"damage_healed":0.0,"max_hp_gain":0.0,"max_hp_loss":4.0,"gold_gain":0.0,"event_name":"Winding Halls","player_choice":"Max HP","floor":36.0,"gold_loss":0.0,"damage_taken":0.0},{"damage_healed":0.0,"max_hp_gain":0.0,"max_hp_loss":0.0,"gold_gain":0.0,"event_name":"MindBloom","player_choice":"Upgrade","floor":39.0,"gold_loss":0.0,"damage_taken":0.0,"cards_upgraded":["Defend_G","Defend_G","Defend_G","Defend_G","Defend_G","Survivor","Terror","Backflip","Heel Hook","After Image","Grand Finale","Reflex"],"relics_obtained":["Mark of the Bloom"]},{"damage_healed":0.0,"max_hp_gain":0.0,"max_hp_loss":0.0,"gold_gain":0.0,"event_name":"WeMeetAgain","player_choice":"Gave Potion","floor":46.0,"gold_loss":0.0,"damage_taken":0.0,"relics_obtained":["FossilizedHelix"]}],"is_beta":true,"boss_relics":[{"not_picked":["Velvet Choker","Fusion Hammer"],"picked":"Coffee Dripper"},{"not_picked":["Ring of the Serpent","WristBlade"],"picked":"Runic Pyramid"}],"items_purged_floors":[5,12,19,38,41,54],"is_endless":false,"potions_floor_spawned":[1,10,11,14,20,24,25,30,31,33,35,40,42,44,45,48,55],"ascension_level":20}