{"gold_per_floor":[115,115,115,132,132,176,191,207,255,33,54,54,54,89,89,180,180,201,216,178,178,106,139,139,26,26,39,39,39,55,81,81,81,81,92,119,195,195,195,221,221,239,239,17,45,45,55,18,18,18,18],"floor_reached":52,"playtime":2164,"items_purged":["Strike_B+1","Defend_B","Strike_B+1","Strike_B+1"],"score":2133,"play_id":"cf0d0a1a-1903-42b9-a7b0-0a4fc025e575","local_time":"20190408111221","is_ascension_mode":true,"campfire_choices":[{"data":"Dualcast","floor":13.0,"key":"SMITH"},{"data":"Coolheaded","floor":15.0,"key":"SMITH"},{"floor":24.0,"key":"REST"},{"data":"Hologram","floor":28.0,"key":"SMITH"},{"data":"Electrodynamics","floor":32.0,"key":"SMITH"},{"floor":41,"key":"RECALL"},{"data":"Glacier","floor":49,"key":"SMITH"}],"neow_cost":"NONE","seed_source_timestamp":2163262407171,"circlet_count":0,"master_deck":["AscendersBane","Defend_B","Defend_B+1","Defend_B","Zap","Dualcast+1","Undo+1","Coolheaded+1","Electrodynamics+1","Hologram+1","Skim+1","Echo Form","Glacier+1","Hologram+1","Defragment+1","Loop+1","Capacitor+1"],"special_seed":0,"relics":["Cracked Core","NeowsBlessing","Bloody Idol","Pear","Omamori","Membership Card","DataDisk","Whetstone","Snecko Eye","Unceasing Top","Tiny Chest","War Paint","Cables","Busted Crown","Juzu Bracelet","Toxic Egg 2","Darkstone Periapt","Mango","Frozen Egg 2","Runic Capacitor","Bag of Preparation"],"potions_floor_usage":[50,50],"damage_taken":[{"damage":0.0,"enemies":"Small Slimes","floor":1.0,"turns":1.0},{"damage":0.0,"enemies":"2 Louse","floor":4.0,"turns":1.0},{"damage":0.0,"enemies":"3 Sentries","floor":6.0,"turns":1.0},{"damage":0.0,"enemies":"Jaw Worm","floor":7.0,"turns":3.0},{"damage":6.0,"enemies":"2 Fungi Beasts","floor":8.0,"turns":3.0},{"damage":13.0,"enemies":"Lots of Slimes","floor":11.0,"turns":3.0},{"damage":10.0,"enemies":"Lagavulin","floor":14.0,"turns":7.0},{"damage":0.0,"enemies":"The Guardian","floor":16.0,"turns":13.0},{"damage":0.0,"enemies":"3 Byrds","floor":18.0,"turns":2.0},{"damage":22.0,"enemies":"2 Thieves","floor":19.0,"turns":3.0},{"damage":31.0,"enemies":"Slavers","floor":23.0,"turns":3.0},{"damage":11.0,"enemies":"Snake Plant","floor":27.0,"turns":4.0},{"damage":0.0,"enemies":"Snecko","floor":30.0,"turns":7.0},{"damage":2.0,"enemies":"Gremlin Leader","floor":31.0,"turns":6.0},{"damage":26.0,"enemies":"Collector","floor":33.0,"turns":14.0},{"damage":5,"enemies":"Orb Walker","floor":35,"turns":3},{"damage":7,"enemies":"Reptomancer","floor":40,"turns":7},{"damage":5,"enemies":"3 Darklings","floor":42,"turns":4},{"damage":19,"enemies":"Giant Head","floor":45,"turns":14},{"damage":0,"enemies":"4 Shapes","floor":47,"turns":2},{"damage":2,"enemies":"Time Eater","floor":50,"turns":13},{"damage":0,"enemies":"Donu and Deca","floor":51,"turns":9}],"seed_played":"1427112512721162305","potions_obtained":[{"floor":1.0,"key":"FearPotion"},{"floor":6.0,"key":"Strength Potion"},{"floor":11.0,"key":"Regen Potion"},{"floor":14.0,"key":"GamblersBrew"},{"floor":16.0,"key":"AttackPotion"},{"floor":23.0,"key":"Strength Potion"},{"floor":27.0,"key":"FocusPotion"},{"floor":35,"key":"PowerPotion"},{"floor":45,"key":"SteroidPotion"},{"floor":47,"key":"LiquidBronze"}],"is_trial":false,"path_per_floor":["M","?","?","M","?","E","M","M","T","$","M","?","R","E","R","B",null,"M","M","$","?","$","E","R","$","T","M","R","T","M","E","R","B",null,"M","T","T","T","?","E","R","M","T","$","E","$","M","$","R","B","B",null],"character_chosen":"DEFECT","items_purchased":["Membership Card","Skim","Tiny Chest","Defragment+1","Runic Capacitor","Capacitor+1"],"campfire_rested":1,"item_purchase_floors":[10,22,25,44,44,48],"current_hp_per_floor":[64,43,43,43,43,53,53,47,47,47,34,34,34,39,39,39,65,65,43,43,43,43,17,39,44,44,38,38,38,43,46,46,20,61,61,66,71,71,71,83,83,83,83,83,69,69,74,74,74,72,72],"gold":18,"neow_bonus":"THREE_ENEMY_KILL","is_prod":false,"is_daily":false,"chose_seed":false,"campfire_upgraded":5,"win_rate":0,"timestamp":1554693141,"path_taken":["M","?","?","M","?","E","M","M","T","$","?","?","R","E","R","BOSS","M","M","?","?","?","E","R","$","T","M","R","?","?","E","R","BOSS","M","?","?","?","?","E","R","M","T","?","E","$","M","$","R","BOSS","BOSS"],"build_version":"2019-04-04","purchased_purges":4,"victory":true,"max_hp_per_floor":[71,71,71,71,64,74,74,74,74,74,74,74,74,74,74,74,74,74,74,74,74,74,74,74,74,74,74,74,74,74,74,74,74,74,74,74,74,74,74,88,88,88,88,88,88,88,88,88,88,88,88],"card_choices":[{"not_picked":["Fusion","Cold Snap","Go for the Eyes"],"picked":"SKIP","floor":1.0},{"not_picked":["Turbo","Storm"],"picked":"Undo","floor":4.0},{"not_picked":["Compile Driver","Rip and Tear","Thunder Strike"],"picked":"SKIP","floor":6.0},{"not_picked":["Reinforced Body","Stack"],"picked":"Coolheaded","floor":7.0},{"not_picked":["Hello World","Sweeping Beam"],"picked":"Doom and Gloom","floor":8.0},{"not_picked":["Tempest","Steam","Rip and Tear"],"picked":"SKIP","floor":11.0},{"not_picked":["Stack","Aggregate","Hyperbeam"],"picked":"SKIP","floor":14.0},{"not_picked":["Core Surge","Echo Form"],"picked":"Electrodynamics","floor":16.0},{"not_picked":["Compile Driver","Conserve Battery"],"picked":"Hologram","floor":18.0},{"not_picked":["Steam","Stack","Streamline"],"picked":"SKIP","floor":19.0},{"not_picked":["Streamline","Coolheaded"],"picked":"Echo Form","floor":23.0},{"not_picked":["Stack","Cold Snap","Streamline"],"picked":"SKIP","floor":27.0},{"not_picked":["Storm","Leap+1"],"picked":"Glacier","floor":30.0},{"not_picked":["Amplify","Lockon+1","Auto Shields+1"],"picked":"SKIP","floor":31.0},{"not_picked":["Undo+1"],"picked":"SKIP","floor":35},{"not_picked":[],"picked":"Hologram+1","floor":40},{"not_picked":["Reprogram+1"],"picked":"SKIP","floor":42},{"not_picked":[],"picked":"Loop+1","floor":45},{"not_picked":["Gash"],"picked":"SKIP","floor":47}],"player_experience":3018213,"relics_obtained":[{"floor":6.0,"key":"Pear"},{"floor":9.0,"key":"Omamori"},{"floor":14.0,"key":"Whetstone"},{"floor":23.0,"key":"Unceasing Top"},{"floor":26.0,"key":"War Paint"},{"floor":31.0,"key":"Cables"},{"floor":36,"key":"Juzu Bracelet"},{"floor":37,"key":"Toxic Egg 2"},{"floor":38,"key":"Darkstone Periapt"},{"floor":40,"key":"Mango"},{"floor":43,"key":"Frozen Egg 2"},{"floor":45,"key":"Bag of Preparation"}],"event_choices":[{"damage_healed":0.0,"max_hp_gain":0.0,"max_hp_loss":0.0,"gold_gain":0.0,"event_name":"Shining Light","player_choice":"Entered Light","floor":2.0,"gold_loss":0.0,"damage_taken":21.0,"cards_upgraded":["Strike_B","Defend_B"]},{"cards_removed":["Strike_B"],"damage_healed":0.0,"max_hp_gain":0.0,"max_hp_loss":0.0,"gold_gain":0.0,"event_name":"Living Wall","player_choice":"Forget","floor":3.0,"gold_loss":0.0,"damage_taken":0.0},{"damage_healed":0.0,"max_hp_gain":0.0,"max_hp_loss":7.0,"gold_gain":0.0,"event_name":"Golden Idol","player_choice":"Lose Max HP","floor":5.0,"gold_loss":0.0,"damage_taken":0.0,"relics_obtained":["Golden Idol"]},{"cards_removed":["Doom and Gloom"],"damage_healed":0.0,"max_hp_gain":0.0,"max_hp_loss":0.0,"gold_gain":0.0,"event_name":"WeMeetAgain","player_choice":"Gave Card","floor":12.0,"gold_loss":0.0,"damage_taken":0.0,"relics_obtained":["DataDisk"]},{"damage_healed":0.0,"max_hp_gain":0.0,"max_hp_loss":0.0,"gold_gain":0.0,"event_name":"Forgotten Altar","player_choice":"Gave Idol","floor":21.0,"relics_lost":["Golden Idol"],"gold_loss":0.0,"damage_taken":0.0,"relics_obtained":["Bloody Idol"]},{"damage_healed":0,"gold_gain":0,"player_choice":"Ignored","damage_taken":0,"max_hp_gain":0,"max_hp_loss":0,"event_name":"Tomb of Lord Red Mask","floor":39,"gold_loss":0}],"is_beta":true,"boss_relics":[{"not_picked":["Nuclear Battery","Calling Bell"],"picked":"Snecko Eye"},{"not_picked":["Tiny House","FrozenCore"],"picked":"Busted Crown"}],"items_purged_floors":[20,22,25,44],"is_endless":false,"potions_floor_spawned":[1,6,11,14,16,23,27,35,45,47],"ascension_level":20}