{"path_per_floor":["M","M","M","M","M","$","E","M","T","?","M","E","R","M","R","B",null,"M","M","?","?","?","R","$","?","T","E","R","M","E","M","R","B",null,"M","M","M","M","?","E","R","M","T","?","$","R","?","$","R","B"],"character_chosen":"DEFECT","items_purchased":["Static Discharge","GamblersBrew","Secret Technique","Loop+1"],"gold_per_floor":[111,125,145,161,172,15,44,57,104,104,115,150,150,160,160,260,260,272,289,317,317,317,317,237,237,237,266,266,283,318,332,332,428,428,441,454,467,483,483,514,514,530,530,578,254,254,254,70,70,70],"floor_reached":51,"campfire_rested":5,"playtime":2850,"item_purchase_floors":[6,45,45,48],"current_hp_per_floor":[71,71,71,69,63,63,38,28,28,28,28,15,52,26,63,27,75,74,65,69,69,69,69,69,69,69,57,57,42,40,36,73,23,75,75,73,68,56,56,36,73,59,59,30,30,66,72,72,72,29],"items_purged":["Strike_B","Strike_B","Parasite","Writhe"],"gold":70,"score":840,"play_id":"f1ed716b-f12b-4978-b4ac-8e83db92035b","local_time":"20180606164759","is_prod":false,"is_daily":false,"chose_seed":false,"is_ascension_mode":true,"campfire_upgraded":3,"win_rate":0,"timestamp":1528296479,"campfire_choices":[{"floor":13,"key":"REST"},{"floor":15,"key":"REST"},{"data":"Dualcast","floor":23,"key":"SMITH"},{"data":"Storm","floor":28,"key":"SMITH"},{"floor":32,"key":"REST"},{"floor":41,"key":"REST"},{"floor":46,"key":"REST"},{"data":"Defragment","floor":49,"key":"SMITH"}],"path_taken":["M","M","M","M","M","$","E","M","T","?","M","E","R","M","R","BOSS","M","M","?","?","?","R","$","?","T","E","R","M","E","?","R","BOSS","M","M","M","M","?","E","R","M","T","?","$","R","?","$","R","BOSS"],"build_version":"2018-05-31","seed_source_timestamp":199046602842623,"purchased_purges":4,"victory":true,"master_deck":["Defend_B","Defend_B","Defend_B","Zap+1","Dualcast+1","Steam","Ball Lightning","Go for the Eyes","Steam","White Noise","Static Discharge","Defragment","Defragment+1","Hologram","Electrodynamics","Hologram+1","Ball Lightning+1","Storm+1","Thunder Strike+1","Sweeping Beam+1","Blizzard+1","Skim+1","Self Repair+1","Go for the Eyes+1","Reboot","Secret Technique","Loop+1"],"max_hp_per_floor":[75,75,75,75,75,75,75,75,75,75,75,75,75,75,75,75,75,75,75,75,75,75,75,75,75,75,75,75,75,75,75,75,75,75,75,75,75,75,75,75,75,75,75,75,72,72,72,72,72,72],"relics":["Cracked Core","The Courier","Omamori","Regal Pillow","Cursed Key","Red Mask","Molten Egg 2","Centennial Puzzle","Bronze Scales","Astrolabe","Art of War","Frozen Egg 2"],"card_choices":[{"not_picked":["Chaos","Cold Snap"],"picked":"Steam","floor":1},{"not_picked":["Redo","Conserve Battery"],"picked":"Ball Lightning","floor":2},{"not_picked":["Fusion","Doom and Gloom"],"picked":"Go for the Eyes","floor":3},{"not_picked":["Beam Cell","Lockon"],"picked":"Steam","floor":4},{"not_picked":["Barrage","Steam"],"picked":"White Noise","floor":5},{"not_picked":["Undo","Reboot"],"picked":"Defragment","floor":7},{"not_picked":["Scrape","Leap","Consume"],"picked":"SKIP","floor":8},{"not_picked":["Reprogram","Gash"],"picked":"Go for the Eyes","floor":11},{"not_picked":["Compile Driver","Cold Snap"],"picked":"Defragment","floor":12},{"not_picked":["Barrage","Steam Power"],"picked":"Hologram","floor":14},{"not_picked":["Thunder Strike","Biased Cognition"],"picked":"Electrodynamics","floor":16},{"not_picked":["Stack+1","Beam Cell"],"picked":"Hologram+1","floor":18},{"not_picked":["Conserve Battery","Recycle"],"picked":"Ball Lightning+1","floor":19},{"not_picked":["Steam","Reprogram"],"picked":"Storm","floor":27},{"not_picked":["Static Discharge","Compile Driver+1","Leap"],"picked":"SKIP","floor":29},{"not_picked":["Fission","Aggregate"],"picked":"Thunder Strike+1","floor":30},{"not_picked":["Barrage+1","Sweeping Beam+1","Conserve Battery+1"],"picked":"SKIP","floor":31},{"not_picked":["Cold Snap+1","Hologram+1"],"picked":"Self Repair+1","floor":35},{"not_picked":["Barrage+1","Redo+1","Sweeping Beam+1"],"picked":"SKIP","floor":36},{"not_picked":["Redo+1","Chill"],"picked":"Go for the Eyes+1","floor":37},{"not_picked":["Blizzard+1","Coolheaded","Chaos"],"picked":"SKIP","floor":38},{"not_picked":["BootSequence+1","Steam","Sweeping Beam+1"],"picked":"SKIP","floor":40},{"not_picked":["Hologram+1","Reprogram","Beam Cell+1"],"picked":"SKIP","floor":42},{"not_picked":["Genetic Algorithm","Gash+1"],"picked":"Reboot","floor":44}],"player_experience":775765,"potions_floor_usage":[12,12,33,33,50,50],"damage_taken":[{"damage":4,"enemies":"Jaw Worm","floor":1,"turns":3},{"damage":0,"enemies":"Small Slimes","floor":2,"turns":2},{"damage":0,"enemies":"Cultist","floor":3,"turns":3},{"damage":2,"enemies":"3 Louse","floor":4,"turns":3},{"damage":6,"enemies":"2 Fungi Beasts","floor":5,"turns":4},{"damage":25,"enemies":"Gremlin Nob","floor":7,"turns":4},{"damage":17,"enemies":"Lots of Slimes","floor":8,"turns":3},{"damage":0,"enemies":"Looter","floor":11,"turns":3},{"damage":27,"enemies":"3 Sentries","floor":12,"turns":5},{"damage":26,"enemies":"Exordium Thugs","floor":14,"turns":4},{"damage":36,"enemies":"The Guardian","floor":16,"turns":10},{"damage":1,"enemies":"Spheric Guardian","floor":18,"turns":3},{"damage":9,"enemies":"Shell Parasite","floor":19,"turns":5},{"damage":3,"enemies":"Masked Bandits","floor":20,"turns":3},{"damage":12,"enemies":"Gremlin Leader","floor":27,"turns":5},{"damage":15,"enemies":"Snake Plant","floor":29,"turns":3},{"damage":9,"enemies":"Book of Stabbing","floor":30,"turns":4},{"damage":4,"enemies":"Cultist and Chosen","floor":31,"turns":3},{"damage":50,"enemies":"Champ","floor":33,"turns":6},{"damage":0,"enemies":"3 Shapes","floor":35,"turns":2},{"damage":2,"enemies":"Orb Walker","floor":36,"turns":2},{"damage":15,"enemies":"Sphere and 2 Shapes","floor":37,"turns":4},{"damage":22,"enemies":"3 Darklings","floor":38,"turns":3},{"damage":30,"enemies":"2 Orb Walkers","floor":40,"turns":3},{"damage":24,"enemies":"4 Shapes","floor":42,"turns":4},{"damage":29,"enemies":"Mysterious Sphere","floor":44,"turns":3},{"damage":53,"enemies":"Time Eater","floor":50,"turns":5}],"relics_obtained":[{"floor":7,"key":"The Courier"},{"floor":9,"key":"Omamori"},{"floor":12,"key":"Regal Pillow"},{"floor":20,"key":"Red Mask"},{"floor":26,"key":"Molten Egg 2"},{"floor":27,"key":"Centennial Puzzle"},{"floor":30,"key":"Bronze Scales"},{"floor":40,"key":"Art of War"},{"floor":43,"key":"Frozen Egg 2"}],"event_choices":[{"event_name":"Shining Light","player_choice":"Ignored","floor":10,"damage_taken":0},{"event_name":"Masked Bandits","player_choice":"Fought over 289 gold","floor":20,"damage_taken":0},{"event_name":"Forgotten Altar","player_choice":"Smashed Altar","floor":21,"damage_taken":0},{"event_name":"Back to Basics","player_choice":"Elegance","floor":22,"damage_taken":0},{"event_name":"Vampires","player_choice":"Ignored","floor":25,"damage_taken":0},{"event_name":"SensoryStone","player_choice":"Memory 1","floor":39,"damage_taken":0},{"event_name":"Mysterious Sphere","player_choice":"Fight","floor":44,"damage_taken":0},{"event_name":"Winding Halls","player_choice":"Writhe","floor":47,"damage_taken":0}],"boss_relics":[{"not_picked":["Lizard Tail","Snecko Eye"],"picked":"Cursed Key"},{"not_picked":["Nuclear Battery","Calling Bell"],"picked":"Astrolabe"}],"items_purged_floors":[6,24,45,48],"potions_floor_spawned":[1,3,8,11,27,29,31,33,37,38,42,44],"seed_played":"3228540900870848803","ascension_level":4,"potions_obtained":[{"floor":1,"key":"Regen Potion"},{"floor":3,"key":"Energy Potion"},{"floor":8,"key":"FocusPotion"},{"floor":27,"key":"Strength Potion"},{"floor":29,"key":"SkillPotion"},{"floor":31,"key":"Dexterity Potion"},{"floor":33,"key":"Fire Potion"},{"floor":37,"key":"Explosive Potion"},{"floor":38,"key":"FocusPotion"}],"is_trial":false}