{"gold_per_floor":[113,130,130,130,144,144,144,144,144,144,162,182,1,18,18,118,118,101,101,120,133,56,56,67,67,67,79,79,96,96],"floor_reached":30,"playtime":2225,"items_purged":[],"score":224,"play_id":"d2b916c6-ee11-4d0c-96fc-55aad9d25a3d","local_time":"20190913114840","is_ascension_mode":false,"campfire_choices":[{"data":"Dodge and Roll","floor":6,"key":"SMITH"},{"data":"Poisoned Stab","floor":8,"key":"SMITH"},{"data":"Survivor","floor":10,"key":"SMITH"},{"floor":15,"key":"REST"},{"floor":23,"key":"REST"},{"floor":25,"key":"REST"}],"neow_cost":"NONE","seed_source_timestamp":9706752488690,"circlet_count":0,"master_deck":["Strike_G","Strike_G","Strike_G","Strike_G","Strike_G","Defend_G","Defend_G","Defend_G","Defend_G","Defend_G","Survivor+1","Neutralize","Poisoned Stab+1","Dagger Throw","Dodge and Roll+1","Quick Slash","Dagger Spray","Blade Dance","Flying Knee","PiercingWail","Doppelganger","Footwork","PiercingWail+1","Dash+1","Backflip+1","Infinite Blades","Bane"],"relics":["Ring of the Snake","CultistMask","Ninja Scroll","Bronze Scales","SlaversCollar","Sundial"],"potions_floor_usage":[16,16,21,24,27],"damage_taken":[{"damage":0,"enemies":"Small Slimes","floor":1,"turns":3},{"damage":0,"enemies":"2 Louse","floor":2,"turns":2},{"damage":0,"enemies":"Cultist","floor":5,"turns":5},{"damage":8,"enemies":"Large Slime","floor":11,"turns":8},{"damage":5,"enemies":"Exordium Thugs","floor":12,"turns":4},{"damage":8,"enemies":"3 Louse","floor":14,"turns":1},{"damage":64,"enemies":"Slime Boss","floor":16,"turns":12},{"damage":14,"enemies":"2 Thieves","floor":18,"turns":4},{"damage":15,"enemies":"Spheric Guardian","floor":20,"turns":4},{"damage":31,"enemies":"Cultist and Chosen","floor":21,"turns":8},{"damage":20,"enemies":"Snecko","floor":24,"turns":6},{"damage":22,"enemies":"Shelled Parasite and Fungi","floor":27,"turns":8},{"damage":13,"enemies":"Snake Plant","floor":29,"turns":5},{"damage":12,"enemies":"Chosen and Byrds","floor":30,"turns":6}],"seed_played":"8937353223286267759","potions_obtained":[{"floor":2,"key":"DuplicationPotion"},{"floor":12,"key":"SkillPotion"},{"floor":18,"key":"Weak Potion"},{"floor":24,"key":"Energy Potion"},{"floor":29,"key":"GamblersBrew"}],"is_trial":false,"path_per_floor":["M","M","$","?","M","R","?","R","T","R","M","M","$","M","R","B",null,"M","?","M","M","$","R","M","R","T","M","$","M","M"],"character_chosen":"THE_SILENT","items_purchased":["Bronze Scales","Flying Knee","Regen Potion"],"campfire_rested":3,"item_purchase_floors":[13,13,22],"current_hp_per_floor":[70,70,70,70,70,70,70,70,70,70,62,57,57,49,70,6,70,56,56,41,10,10,31,26,47,47,25,25,12,0],"gold":96,"neow_bonus":"THREE_CARDS","is_prod":false,"is_daily":false,"chose_seed":false,"campfire_upgraded":3,"win_rate":0.0,"timestamp":1568400520,"path_taken":["M","M","$","?","M","R","?","R","T","R","M","M","$","?","R","BOSS","M","?","M","M","$","R","M","R","T","M","?","M","M"],"build_version":"2019-09-12","purchased_purges":0,"victory":false,"max_hp_per_floor":[70,70,70,70,70,70,70,70,70,70,70,70,70,70,70,70,70,70,70,70,70,70,70,70,70,70,70,70,70,70],"card_choices":[{"not_picked":["Dagger Throw","Outmaneuver"],"picked":"Poisoned Stab","floor":0},{"not_picked":["Underhanded Strike","Outmaneuver"],"picked":"Dagger Throw","floor":1},{"not_picked":["Acrobatics","Underhanded Strike"],"picked":"Dodge and Roll","floor":2},{"not_picked":["Endless Agony","Prepared"],"picked":"Quick Slash","floor":5},{"not_picked":["Quick Slash","PiercingWail"],"picked":"Dagger Spray","floor":11},{"not_picked":["Dodge and Roll","Wraith Form v2"],"picked":"Blade Dance","floor":12},{"not_picked":["Well Laid Plans","Blade Dance"],"picked":"PiercingWail","floor":14},{"not_picked":["A Thousand Cuts","Tools of the Trade"],"picked":"Doppelganger","floor":16},{"not_picked":["Flechettes","Heel Hook"],"picked":"Footwork","floor":18},{"not_picked":["Outmaneuver","Well Laid Plans+1"],"picked":"PiercingWail+1","floor":20},{"not_picked":["Expertise","Flying Knee+1"],"picked":"Dash+1","floor":21},{"not_picked":["Flying Knee","Acrobatics"],"picked":"Backflip+1","floor":24},{"not_picked":["Prepared","Outmaneuver"],"picked":"Infinite Blades","floor":27},{"not_picked":["Prepared","Night Terror"],"picked":"Bane","floor":29}],"player_experience":20777,"relics_obtained":[{"floor":9,"key":"Ninja Scroll"},{"floor":26,"key":"Sundial"}],"event_choices":[{"damage_healed":0,"gold_gain":0,"player_choice":"Ignored","damage_taken":0,"max_hp_gain":0,"max_hp_loss":0,"event_name":"Shining Light","floor":4,"gold_loss":0},{"damage_healed":0,"gold_gain":0,"player_choice":"Trade","damage_taken":0,"relics_obtained":["CultistMask"],"max_hp_gain":0,"max_hp_loss":0,"event_name":"FaceTrader","floor":7,"gold_loss":0},{"damage_healed":0,"gold_gain":0,"player_choice":"Ignored","damage_taken":0,"max_hp_gain":0,"max_hp_loss":0,"event_name":"Ghosts","floor":19,"gold_loss":0}],"is_beta":true,"boss_relics":[{"not_picked":["Busted Crown","Snecko Eye"],"picked":"SlaversCollar"}],"items_purged_floors":[],"is_endless":false,"potions_floor_spawned":[2,12,18,24,29],"killed_by":"Chosen and Byrds","ascension_level":0}