{"gold_per_floor":[110,185,110,110,128,128,158,158,158,158,175,191,3,32,32,103,103,120,138,158,33,51,51,51],"floor_reached":24,"playtime":841,"items_purged":["Strike_G","Strike_G","Strike_G"],"score":462,"play_id":"fca196f1-44f9-44ec-acd3-7ccd3032cb38","local_time":"20190901161220","is_ascension_mode":true,"campfire_choices":[{"data":"Calculated Gamble","floor":6.0,"key":"SMITH"},{"data":"Flechettes","floor":8.0,"key":"SMITH"},{"data":"Neutralize","floor":15.0,"key":"SMITH"},{"data":"Acrobatics","floor":23.0,"key":"SMITH"}],"neow_cost":"NONE","seed_source_timestamp":1480183653486700,"circlet_count":0,"master_deck":["AscendersBane","Defend_G","Defend_G","Defend_G","Defend_G","Defend_G","Survivor","Neutralize+1","Calculated Gamble+1","Flechettes+1","Footwork+1","Well Laid Plans+1","Grand Finale","Reflex+1","Acrobatics+1"],"special_seed":0,"relics":["Ring of the Snake","NeowsBlessing","Pantograph","Question Card","Frozen Egg 2","Oddly Smooth Stone","Empty Cage"],"potions_floor_usage":[],"damage_taken":[{"damage":0.0,"enemies":"2 Louse","floor":1.0,"turns":1.0},{"damage":0.0,"enemies":"Small Slimes","floor":5.0,"turns":1.0},{"damage":0.0,"enemies":"3 Sentries","floor":7.0,"turns":1.0},{"damage":1.0,"enemies":"Jaw Worm","floor":11.0,"turns":3.0},{"damage":1.0,"enemies":"Blue Slaver","floor":12.0,"turns":6.0},{"damage":16.0,"enemies":"Gremlin Nob","floor":14.0,"turns":4.0},{"damage":11.0,"enemies":"Slime Boss","floor":16.0,"turns":14.0},{"damage":3.0,"enemies":"Spheric Guardian","floor":18.0,"turns":5.0},{"damage":0.0,"enemies":"3 Byrds","floor":19.0,"turns":5.0},{"damage":0.0,"enemies":"Snecko","floor":20.0,"turns":6.0},{"damage":0.0,"enemies":"3 Cultists","floor":22.0,"turns":2.0},{"damage":36,"enemies":"Slavers","floor":24,"turns":4}],"seed_played":"5321131051115368448","potions_obtained":[{"floor":1.0,"key":"Fire Potion"},{"floor":5.0,"key":"SkillPotion"},{"floor":18.0,"key":"Block Potion"}],"is_trial":false,"path_per_floor":["M","?","$","?","M","R","E","R","T","?","M","M","$","E","R","B",null,"M","M","M","$","M","R","E"],"character_chosen":"THE_SILENT","items_purchased":["Well Laid Plans+1"],"campfire_rested":0,"item_purchase_floors":[13],"current_hp_per_floor":[59,48,48,66,66,66,66,66,66,31,30,29,29,13,13,27,56,53,53,53,53,53,53,17],"gold":51,"neow_bonus":"THREE_ENEMY_KILL","is_prod":false,"is_daily":false,"chose_seed":false,"campfire_upgraded":4,"win_rate":0,"timestamp":1567325540,"path_taken":["M","?","$","?","M","R","E","R","T","?","M","M","?","E","R","BOSS","M","M","M","$","?","R","E"],"build_version":"2019-08-26","purchased_purges":3,"victory":false,"max_hp_per_floor":[66,66,66,66,66,66,66,66,66,66,66,66,66,66,66,66,66,66,66,66,66,66,66,66],"card_choices":[{"not_picked":["Setup","Bane","Dagger Spray"],"picked":"SKIP","floor":1.0},{"not_picked":["Blade Dance","Deadly Poison"],"picked":"Calculated Gamble","floor":5.0},{"not_picked":["Burst","Dagger Spray"],"picked":"Flechettes","floor":7.0},{"not_picked":["Leg Sweep","Dash","Caltrops+1","Deflect"],"picked":"SKIP","floor":11.0},{"not_picked":["Noxious Fumes+1","Masterful Stab","Dagger Spray"],"picked":"Footwork+1","floor":12.0},{"not_picked":["Finisher","Prepared","Poisoned Stab","Slice"],"picked":"SKIP","floor":14.0},{"not_picked":["Tools of the Trade+1","Venomology","A Thousand Cuts+1"],"picked":"Grand Finale","floor":16.0},{"not_picked":["Sucker Punch","Prepared","Skewer"],"picked":"Reflex+1","floor":18.0},{"not_picked":["Deflect","Deadly Poison","Outmaneuver","Bouncing Flask"],"picked":"SKIP","floor":19.0},{"not_picked":["Slice","Cloak And Dagger","Deadly Poison","Phantasmal Killer"],"picked":"SKIP","floor":20.0},{"not_picked":["Sucker Punch","Expertise","Underhanded Strike"],"picked":"Acrobatics","floor":22.0}],"player_experience":3145864,"relics_obtained":[{"floor":7.0,"key":"Pantograph"},{"floor":9.0,"key":"Question Card"},{"floor":14.0,"key":"Oddly Smooth Stone"}],"event_choices":[{"damage_healed":0.0,"max_hp_gain":0.0,"max_hp_loss":0.0,"gold_gain":75.0,"event_name":"World of Goop","player_choice":"Gather Gold","floor":2.0,"gold_loss":0.0,"damage_taken":11.0},{"damage_healed":22.0,"max_hp_gain":0.0,"max_hp_loss":0.0,"gold_gain":0.0,"event_name":"Big Fish","player_choice":"Banana","floor":4.0,"gold_loss":0.0,"damage_taken":0.0},{"damage_healed":0.0,"max_hp_gain":0.0,"max_hp_loss":0.0,"gold_gain":0.0,"event_name":"Scrap Ooze","player_choice":"Success","floor":10.0,"gold_loss":0.0,"damage_taken":35.0,"relics_obtained":["Frozen Egg 2"]}],"is_beta":true,"boss_relics":[{"not_picked":["Busted Crown","Cursed Key"],"picked":"Empty Cage"}],"items_purged_floors":[3,13,21],"is_endless":false,"potions_floor_spawned":[1,5,12,18],"killed_by":"Slavers","ascension_level":20}