{"gold_per_floor":[111,36,36,36,51,92,92,123,123,139,139,179,193,211,211,306,369,383,283,301,226,242,242,273,148,148,191,214,257,276,292,292,387,387,406,475,499,51,66,66,107,131,131,131,151,182,197,220,220,220,220,220,220,80,124,124],"floor_reached":57,"playtime":3210,"items_purged":["Establishment","ClearTheMind","Crescendo","InnerPeace","Blasphemy+1"],"score":3767,"play_id":"ae01a1dc-3dfe-4af3-afc1-efddbdee90d6","local_time":"20190914200215","daily_mods":["SealedDeck"],"is_ascension_mode":true,"campfire_choices":[{"data":"EmptyMind","floor":11.0,"key":"SMITH"},{"data":"Adaptation","floor":15.0,"key":"SMITH"},{"floor":23.0,"key":"RECALL"},{"data":"Fasting","floor":32.0,"key":"SMITH"},{"data":"EmptyBody","floor":40.0,"key":"SMITH"},{"data":"Meditate","floor":49,"key":"SMITH"},{"data":"Blasphemy","floor":53,"key":"SMITH"}],"neow_cost":"","seed_source_timestamp":0,"circlet_count":0,"master_deck":["AscendersBane","Prostrate+1","EmptyMind+1","FearNoEvil+1","Fasting+1","Adaptation+1","EmptyBody+1","Meditate+1"],"special_seed":0,"relics":["PureWater","Golden Idol","Sundial","HornCleat","Toy Ornithopter","Whetstone","Tiny House","Mercury Hourglass","The Courier","PreservedInsect","Lizard Tail","SacredBark","Mango","Anchor","Question Card","Incense Burner","Meat on the Bone","Orichalcum"],"potions_floor_usage":[56,56],"damage_taken":[{"damage":9.0,"enemies":"2 Louse","floor":1.0,"turns":2.0},{"damage":8.0,"enemies":"Jaw Worm","floor":5.0,"turns":3.0},{"damage":6.0,"enemies":"3 Sentries","floor":6.0,"turns":4.0},{"damage":0.0,"enemies":"Gremlin Nob","floor":8.0,"turns":2.0},{"damage":0.0,"enemies":"Small Slimes","floor":10.0,"turns":2.0},{"damage":0.0,"enemies":"3 Sentries","floor":12.0,"turns":1.0},{"damage":0.0,"enemies":"Exordium Wildlife","floor":13.0,"turns":1.0},{"damage":0.0,"enemies":"Blue Slaver","floor":14.0,"turns":1.0},{"damage":0.0,"enemies":"The Guardian","floor":16.0,"turns":3.0},{"damage":0.0,"enemies":"2 Thieves","floor":18.0,"turns":1.0},{"damage":0.0,"enemies":"Spheric Guardian","floor":20.0,"turns":1.0},{"damage":0.0,"enemies":"Centurion and Healer","floor":22.0,"turns":1.0},{"damage":0.0,"enemies":"Slavers","floor":24.0,"turns":1.0},{"damage":0.0,"enemies":"Gremlin Leader","floor":27.0,"turns":2.0},{"damage":0.0,"enemies":"3 Cultists","floor":28.0,"turns":2.0},{"damage":0.0,"enemies":"Slavers","floor":29.0,"turns":1.0},{"damage":0.0,"enemies":"Snake Plant","floor":30.0,"turns":1.0},{"damage":0.0,"enemies":"Cultist and Chosen","floor":31.0,"turns":1.0},{"damage":0.0,"enemies":"Champ","floor":33.0,"turns":1.0},{"damage":0.0,"enemies":"3 Shapes","floor":35.0,"turns":1.0},{"damage":0.0,"enemies":"2 Orb Walkers","floor":36.0,"turns":1.0},{"damage":0.0,"enemies":"Orb Walker","floor":37.0,"turns":1.0},{"damage":0.0,"enemies":"Jaw Worm Horde","floor":39.0,"turns":1.0},{"damage":0.0,"enemies":"Nemesis","floor":41.0,"turns":1.0},{"damage":0.0,"enemies":"Sphere and 2 Shapes","floor":42.0,"turns":1.0},{"damage":0.0,"enemies":"3 Darklings","floor":45.0,"turns":1.0},{"damage":0,"enemies":"Giant Head","floor":46,"turns":1},{"damage":0,"enemies":"Spire Growth","floor":47,"turns":1},{"damage":0,"enemies":"Writhing Mass","floor":48,"turns":1},{"damage":0,"enemies":"Donu and Deca","floor":50,"turns":1},{"damage":0,"enemies":"Awakened One","floor":51,"turns":2},{"damage":0,"enemies":"Shield and Spear","floor":55,"turns":2},{"damage":0,"enemies":"The Heart","floor":56,"turns":4}],"seed_played":"37651843897010539","potions_obtained":[{"floor":5.0,"key":"EssenceOfSteel"},{"floor":6.0,"key":"AttackPotion"},{"floor":12.0,"key":"Fire Potion"},{"floor":16.0,"key":"PowerPotion"},{"floor":17.0,"key":"SmokeBomb"},{"floor":18.0,"key":"Poison Potion"},{"floor":27.0,"key":"Energy Potion"},{"floor":30.0,"key":"Weak Potion"},{"floor":33.0,"key":"Strength Potion"},{"floor":39.0,"key":"Block Potion"},{"floor":41.0,"key":"PowerPotion"},{"floor":44.0,"key":"PowerPotion"}],"is_trial":true,"path_per_floor":["M","$","?","?","M","E","$","E","T","M","R","E","M","M","R","B",null,"M","$","M","?","M","R","E","$","T","E","M","E","M","M","R","B",null,"M","?","M","$","M","R","E","M","T","?","M","E","M","M","R","B","B",null,"R","$","E","B",null],"character_chosen":"WATCHER","items_purchased":["Anchor","Question Card"],"campfire_rested":0,"item_purchase_floors":[38,38],"current_hp_per_floor":[46,46,39,18,10,4,4,4,4,4,4,14,14,14,14,19,56,61,61,61,61,61,61,61,61,61,61,61,61,61,61,61,61,65,65,79,79,79,79,79,79,79,79,79,79,79,79,79,79,79,79,80,80,80,80,80],"gold":124,"neow_bonus":"","is_prod":false,"is_daily":false,"chose_seed":false,"campfire_upgraded":6,"win_rate":0,"timestamp":1568462535,"path_taken":["M","$","?","?","M","E","$","E","T","M","R","E","M","M","R","BOSS","M","$","M","?","M","R","E","$","T","E","M","E","M","M","R","BOSS","M","?","M","$","M","R","E","M","T","?","M","E","M","?","R","BOSS","BOSS","R","$","E","BOSS"],"build_version":"2019-09-12","purchased_purges":5,"victory":true,"max_hp_per_floor":[61,61,61,61,61,61,61,61,61,61,61,61,61,61,61,61,66,66,66,66,66,66,66,66,66,66,66,66,66,66,66,66,66,66,66,80,80,80,80,80,80,80,80,80,80,80,80,80,80,80,80,80,80,80,80,80],"card_choices":[{"not_picked":["Wireheading","SpiritShield","Protect"],"picked":"SKIP","floor":1.0},{"not_picked":["Consecrate","Crescendo","CrushJoints"],"picked":"SKIP","floor":5.0},{"not_picked":["Scrawl","FollowUp","Crescendo"],"picked":"SKIP","floor":6.0},{"not_picked":["DeceiveReality","ForeignInfluence","Weave"],"picked":"SKIP","floor":8.0},{"not_picked":["CrushJoints","Worship","JustLucky"],"picked":"SKIP","floor":10.0},{"not_picked":["EmptyMind","Adaptation","CleanseEvil"],"picked":"SKIP","floor":12.0},{"not_picked":["CrushJoints","Crescendo","Adaptation"],"picked":"SKIP","floor":13.0},{"not_picked":["Consecrate","Weave","Prostrate"],"picked":"SKIP","floor":14.0},{"not_picked":["Unraveling","LessonLearned"],"picked":"Blasphemy","floor":16.0},{"not_picked":["Consecrate","EmptyBody","Prostrate"],"picked":"SKIP","floor":18.0},{"not_picked":["Sanctity","BowlingBash+1","Establishment+1"],"picked":"SKIP","floor":20.0},{"not_picked":["SandsOfTime","Vault","Clarity"],"picked":"SKIP","floor":22.0},{"not_picked":["FlyingSleeves","Weave"],"picked":"InnerPeace","floor":24.0},{"not_picked":["JustLucky","SandsOfTime","Halt"],"picked":"SKIP","floor":27.0},{"not_picked":["Clarity","EmptyBody","BowlingBash"],"picked":"SKIP","floor":28.0},{"not_picked":["FollowUp+1","WindmillStrike+1","Fasting"],"picked":"SKIP","floor":29.0},{"not_picked":["WindmillStrike","EmptyBody","CrushJoints+1"],"picked":"SKIP","floor":30.0},{"not_picked":["Prostrate","CrushJoints"],"picked":"EmptyBody","floor":31.0},{"not_picked":["BowlingBash","Halt","Prostrate"],"picked":"SKIP","floor":35.0},{"not_picked":["Consecrate","LessonLearned","Protect"],"picked":"SKIP","floor":37.0},{"not_picked":["CrushJoints","Consecrate","WreathOfFlame+1","Halt"],"picked":"SKIP","floor":39.0},{"not_picked":["Unraveling","Fasting+1","DevaForm","Evaluate"],"picked":"SKIP","floor":41.0},{"not_picked":["BowlingBash","Protect+1","Devotion","Scrawl"],"picked":"SKIP","floor":42.0},{"not_picked":["Halt","JustLucky+1","Prostrate","ReachHeaven"],"picked":"SKIP","floor":45.0},{"not_picked":["SandsOfTime","FlyingSleeves","BowlingBash"],"picked":"Meditate","floor":46},{"not_picked":["WaveOfTheHand","Adaptation","Scrawl+1","Evaluate"],"picked":"SKIP","floor":47},{"not_picked":["JustLucky","BowlingBash","Collect","Protect"],"picked":"SKIP","floor":48},{"not_picked":["Nirvana","Weave","SpiritShield","EmptyBody"],"picked":"SKIP","floor":55}],"player_experience":3302582,"relics_obtained":[{"floor":6.0,"key":"Sundial"},{"floor":8.0,"key":"HornCleat"},{"floor":9.0,"key":"Toy Ornithopter"},{"floor":12.0,"key":"Whetstone"},{"floor":24.0,"key":"Mercury Hourglass"},{"floor":26.0,"key":"The Courier"},{"floor":27.0,"key":"PreservedInsect"},{"floor":29.0,"key":"Lizard Tail"},{"floor":36.0,"key":"Mango"},{"floor":41.0,"key":"Incense Burner"},{"floor":46,"key":"Meat on the Bone"},{"floor":55,"key":"Orichalcum"}],"event_choices":[{"cards_removed":["Sanctity"],"damage_healed":0.0,"max_hp_gain":0.0,"max_hp_loss":0.0,"gold_gain":0.0,"event_name":"Golden Wing","player_choice":"Card Removal","floor":3.0,"gold_loss":0.0,"damage_taken":7.0},{"damage_healed":0.0,"max_hp_gain":0.0,"max_hp_loss":0.0,"gold_gain":0.0,"event_name":"Golden Idol","player_choice":"Take Damage","floor":4.0,"gold_loss":0.0,"damage_taken":21.0,"relics_obtained":["Golden Idol"]},{"cards_removed":["FlurryOfBlows"],"damage_healed":0.0,"max_hp_gain":0.0,"max_hp_loss":0.0,"gold_gain":0.0,"event_name":"Beggar","player_choice":"Gave Gold","floor":21.0,"gold_loss":75.0,"damage_taken":0.0},{"damage_healed":0.0,"max_hp_gain":0.0,"max_hp_loss":0.0,"gold_gain":0.0,"event_name":"Mysterious Sphere","player_choice":"Fight","floor":36.0,"gold_loss":0.0,"damage_taken":0.0},{"damage_healed":0.0,"max_hp_gain":0.0,"max_hp_loss":0.0,"gold_gain":0.0,"event_name":"Lab","player_choice":"Got Potions","floor":44.0,"gold_loss":0.0,"damage_taken":0.0}],"is_beta":true,"boss_relics":[{"not_picked":["Ectoplasm","Busted Crown"],"picked":"Tiny House"},{"not_picked":["Coffee Dripper","Astrolabe"],"picked":"SacredBark"}],"items_purged_floors":[2,19,25,38,54],"is_endless":false,"potions_floor_spawned":[5,6,12,16,18,27,30,33,35,39,41,48],"ascension_level":20}