{"gold_per_floor":[368,238,257,57,57,87,100,100,100,100,100,60,94,112,112,203,203,227,251,274,274,292,292,306,181,181,194,194,229,79,120,120,218,218,233,256,81,101,26,357,377,410,488,503,546,346,346,346,346,346,346,346,346,80,120,120],"floor_reached":57,"playtime":2425,"items_purged":["Strike_R","Strike_R","Bash","Strike_R","Defend_R","Defend_R"],"score":3655,"play_id":"da041486-eadd-41b4-a923-858fb49c3623","local_time":"20190531234307","is_ascension_mode":true,"campfire_choices":[{"data":"Deep Breath","floor":8.0,"key":"SMITH"},{"data":"Burning Pact","floor":10.0,"key":"SMITH"},{"data":"Evolve","floor":15.0,"key":"SMITH"},{"data":"Pommel Strike","floor":23.0,"key":"SMITH"},{"data":"Body Slam","floor":32.0,"key":"SMITH"},{"data":"Second Wind","floor":47.0,"key":"SMITH"},{"floor":49.0,"key":"RECALL"},{"data":"Seeing Red","floor":53.0,"key":"SMITH"}],"neow_cost":"TEN_PERCENT_HP_LOSS","seed_source_timestamp":1171104324015744,"circlet_count":0,"master_deck":["AscendersBane","Defend_R","Seeing Red+1","Deep Breath+1","Burning Pact+1","Evolve+1","Pommel Strike+1","Body Slam+1","Second Wind+1","Power Through+1"],"special_seed":0,"relics":["Burning Blood","Sundial","Matryoshka","Golden Idol","Art of War","Empty Cage","Kunai","Nunchaku","Enchiridion","Toxic Egg 2","Ginger","Black Star","Old Coin","Pocketwatch","Charon\u0027s Ashes","Ice Cream","Bag of Preparation","Bottled Lightning","Champion Belt","Shuriken","Bag of Marbles","Pantograph"],"potions_floor_usage":[56],"damage_taken":[{"damage":4.0,"enemies":"2 Louse","floor":1.0,"turns":3.0},{"damage":11.0,"enemies":"Jaw Worm","floor":3.0,"turns":6.0},{"damage":30.0,"enemies":"Lagavulin","floor":6.0,"turns":7.0},{"damage":2.0,"enemies":"Cultist","floor":7.0,"turns":4.0},{"damage":14.0,"enemies":"Gremlin Nob","floor":13.0,"turns":3.0},{"damage":6.0,"enemies":"Looter","floor":14.0,"turns":4.0},{"damage":0.0,"enemies":"Slime Boss","floor":16.0,"turns":3.0},{"damage":0.0,"enemies":"Spheric Guardian","floor":18.0,"turns":2.0},{"damage":0.0,"enemies":"2 Thieves","floor":19.0,"turns":1.0},{"damage":0.0,"enemies":"Snake Plant","floor":20.0,"turns":2.0},{"damage":0.0,"enemies":"3 Cultists","floor":22.0,"turns":2.0},{"damage":16.0,"enemies":"Snecko","floor":24.0,"turns":5.0},{"damage":0.0,"enemies":"Chosen and Byrds","floor":27.0,"turns":2.0},{"damage":4.0,"enemies":"Slavers","floor":29.0,"turns":2.0},{"damage":1.0,"enemies":"Book of Stabbing","floor":31.0,"turns":2.0},{"damage":0.0,"enemies":"Champ","floor":33.0,"turns":3.0},{"damage":0.0,"enemies":"3 Shapes","floor":35.0,"turns":3.0},{"damage":0.0,"enemies":"3 Darklings","floor":36.0,"turns":3.0},{"damage":0.0,"enemies":"Jaw Worm Horde","floor":38.0,"turns":2.0},{"damage":0.0,"enemies":"Reptomancer","floor":40.0,"turns":1.0},{"damage":0.0,"enemies":"Maw","floor":41.0,"turns":2.0},{"damage":0.0,"enemies":"Giant Head","floor":42.0,"turns":2.0},{"damage":18.0,"enemies":"4 Shapes","floor":44.0,"turns":2.0},{"damage":0.0,"enemies":"Reptomancer","floor":45.0,"turns":1.0},{"damage":0.0,"enemies":"Awakened One","floor":50.0,"turns":2.0},{"damage":0.0,"enemies":"Donu and Deca","floor":51.0,"turns":1.0},{"damage":0,"enemies":"Shield and Spear","floor":55,"turns":1},{"damage":0,"enemies":"The Heart","floor":56,"turns":4}],"seed_played":"2818072566422281821","potions_obtained":[{"floor":6.0,"key":"Energy Potion"},{"floor":13.0,"key":"LiquidBronze"},{"floor":19.0,"key":"BloodPotion"},{"floor":22.0,"key":"Swift Potion"},{"floor":31.0,"key":"Swift Potion"},{"floor":33.0,"key":"Dexterity Potion"},{"floor":38.0,"key":"Ancient Potion"}],"is_trial":false,"path_per_floor":["M","$","M","$","?","E","M","R","T","R","?","$","E","M","R","B",null,"M","M","M","?","M","R","M","$","T","M","?","E","$","E","R","B",null,"M","M","$","M","?","E","M","E","T","M","E","$","R","?","R","B","B",null,"R","$","E","B",null],"character_chosen":"IRONCLAD","items_purchased":["Strength Potion","Deep Breath","Evolve","Shuriken"],"campfire_rested":0,"item_purchase_floors":[2,4,12,54],"current_hp_per_floor":[68,68,63,63,68,44,48,48,48,48,48,48,40,40,40,46,61,66,66,66,66,66,66,56,56,56,62,41,43,43,48,48,54,63,66,66,66,66,66,66,66,66,66,54,60,60,60,60,60,66,66,66,66,66,66,66],"gold":120,"neow_bonus":"TWO_FIFTY_GOLD","is_prod":false,"is_daily":false,"chose_seed":false,"campfire_upgraded":7,"win_rate":0,"timestamp":1559317387,"path_taken":["M","$","M","$","?","E","M","R","T","R","?","?","E","M","R","BOSS","M","?","M","?","?","R","M","$","T","M","?","E","$","E","R","BOSS","M","M","$","M","?","E","M","E","T","M","E","?","R","?","R","BOSS","BOSS","R","$","E","BOSS"],"build_version":"2019-05-28","purchased_purges":6,"victory":true,"max_hp_per_floor":[68,68,68,68,73,73,73,73,73,73,66,66,66,66,66,66,66,66,66,66,66,66,66,66,66,66,66,66,66,66,66,66,66,66,66,66,66,66,66,66,66,66,66,66,66,66,66,66,66,66,66,66,66,66,66,66],"card_choices":[{"not_picked":["Perfected Strike","Iron Wave","Clothesline"],"picked":"SKIP","floor":1.0},{"not_picked":["Clothesline","Dropkick"],"picked":"Seeing Red","floor":3.0},{"not_picked":["Armaments","Dropkick"],"picked":"Burning Pact","floor":6.0},{"not_picked":["Hemokinesis","Cleave","Brutality"],"picked":"SKIP","floor":7.0},{"not_picked":["Bloodletting","Rupture","Headbutt"],"picked":"SKIP","floor":13.0},{"not_picked":["Fire Breathing","Disarm","Thunderclap"],"picked":"SKIP","floor":14.0},{"not_picked":["Shrug It Off","Sword Boomerang"],"picked":"Pommel Strike","floor":18.0},{"not_picked":["Twin Strike+1","Bloodletting","Cleave"],"picked":"SKIP","floor":19.0},{"not_picked":["Headbutt","Cleave","Hemokinesis"],"picked":"SKIP","floor":20.0},{"not_picked":["Burning Pact","Sword Boomerang","Ghostly Armor"],"picked":"SKIP","floor":22.0},{"not_picked":["Havoc","Blood for Blood"],"picked":"Body Slam","floor":24.0},{"not_picked":["Combust","Perfected Strike"],"picked":"Second Wind","floor":27.0},{"not_picked":["Flex","True Grit+1"],"picked":"Power Through","floor":29.0},{"not_picked":["Havoc+1","Infernal Blade+1","Searing Blow"],"picked":"SKIP","floor":31.0},{"not_picked":["Sword Boomerang+1","Iron Wave","Perfected Strike"],"picked":"SKIP","floor":35.0},{"not_picked":["Thunderclap+1","Sword Boomerang","Spot Weakness+1"],"picked":"SKIP","floor":36.0},{"not_picked":["Thunderclap","Clothesline","Spot Weakness+1"],"picked":"SKIP","floor":38.0},{"not_picked":["Havoc+1","Spot Weakness+1","Anger"],"picked":"SKIP","floor":40.0},{"not_picked":["Ghostly Armor+1","Rampage","Bloodletting+1"],"picked":"SKIP","floor":41.0},{"not_picked":["Sword Boomerang","Dual Wield+1","Thunderclap"],"picked":"SKIP","floor":42.0},{"not_picked":["Clash","Dual Wield+1","Pommel Strike"],"picked":"SKIP","floor":44.0},{"not_picked":["Thunderclap","Bloodletting+1","Berserk"],"picked":"SKIP","floor":45.0},{"not_picked":["Thunderclap+1","Havoc+1","Flex+1"],"picked":"SKIP","floor":55}],"player_experience":3065488,"relics_obtained":[{"floor":6.0,"key":"Sundial"},{"floor":9.0,"key":"Matryoshka"},{"floor":13.0,"key":"Art of War"},{"floor":26.0,"key":"Kunai"},{"floor":26.0,"key":"Nunchaku"},{"floor":28.0,"key":"Enchiridion"},{"floor":29.0,"key":"Toxic Egg 2"},{"floor":31.0,"key":"Ginger"},{"floor":40.0,"key":"Old Coin"},{"floor":40.0,"key":"Pocketwatch"},{"floor":42.0,"key":"Charon\u0027s Ashes"},{"floor":42.0,"key":"Ice Cream"},{"floor":43.0,"key":"Bag of Preparation"},{"floor":45.0,"key":"Bottled Lightning"},{"floor":45.0,"key":"Champion Belt"},{"floor":55,"key":"Bag of Marbles"},{"floor":55,"key":"Pantograph"}],"event_choices":[{"damage_healed":0.0,"max_hp_gain":5.0,"max_hp_loss":0.0,"gold_gain":0.0,"event_name":"Big Fish","player_choice":"Donut","floor":5.0,"gold_loss":0.0,"damage_taken":0.0},{"damage_healed":0.0,"max_hp_gain":0.0,"max_hp_loss":7.0,"gold_gain":0.0,"event_name":"Golden Idol","player_choice":"Lose Max HP","floor":11.0,"gold_loss":0.0,"damage_taken":0.0,"relics_obtained":["Golden Idol"]},{"damage_healed":0.0,"max_hp_gain":0.0,"max_hp_loss":0.0,"gold_gain":0.0,"event_name":"N\u0027loth","player_choice":"Ignored","floor":21.0,"gold_loss":0.0,"damage_taken":0.0},{"damage_healed":0.0,"max_hp_gain":0.0,"max_hp_loss":0.0,"gold_gain":0.0,"event_name":"Cursed Tome","player_choice":"Obtained Book","floor":28.0,"gold_loss":0.0,"damage_taken":21.0},{"cards_removed":["Defend_R"],"damage_healed":0.0,"max_hp_gain":0.0,"max_hp_loss":0.0,"gold_gain":0.0,"event_name":"Designer","player_choice":"Single Remove","floor":39.0,"gold_loss":75.0,"damage_taken":0.0},{"damage_healed":0.0,"max_hp_gain":0.0,"max_hp_loss":0.0,"gold_gain":0.0,"event_name":"SensoryStone","player_choice":"Memory 1","floor":48.0,"gold_loss":0.0,"damage_taken":0.0}],"is_beta":true,"boss_relics":[{"not_picked":["Velvet Choker","Tiny House"],"picked":"Empty Cage"},{"not_picked":["Pandora\u0027s Box","Runic Pyramid"],"picked":"Black Star"}],"items_purged_floors":[2,4,25,30,37,46],"is_endless":false,"potions_floor_spawned":[6,13,19,22,31,33,38,42,55],"ascension_level":20}