{"gold_per_floor":[114,114,31,47,60,60,88,88,88,88,88,13,42,42,42,114,114,130,130,145,157,157,157,82,82,159,159,74,121,156,187,199,282,294,319,34,34,48,48,75,12,32,32,58,58,75,87,107,107,107,107,107,107,27,62,62],"floor_reached":57,"playtime":2350,"items_purged":["Parasite","Skewer+1","Defend_G"],"score":2897,"play_id":"7f2b1d34-7f8f-4c7a-95b3-003b40a025ed","local_time":"20190818062211","is_ascension_mode":true,"campfire_choices":[{"data":"Skewer","floor":6.0,"key":"SMITH"},{"data":"Acrobatics","floor":8.0,"key":"SMITH"},{"data":"Doppelganger","floor":15.0,"key":"SMITH"},{"data":"Tactician","floor":23.0,"key":"SMITH"},{"data":"Leg Sweep","floor":25.0,"key":"SMITH"},{"data":"Distraction","floor":32.0,"key":"SMITH"},{"data":"Acrobatics","floor":45.0,"key":"SMITH"},{"floor":49.0,"key":"RECALL"},{"floor":53.0,"key":"REST"}],"neow_cost":"CURSE","seed_source_timestamp":266785596170139,"circlet_count":0,"master_deck":["AscendersBane","Defend_G","Defend_G","Defend_G","Survivor","Neutralize+1","Leg Sweep+1","Doppelganger+1","Heel Hook+1","Tactician+1","Escape Plan","Acrobatics+1","Corpse Explosion","Deflect","Die Die Die+1","Distraction+1","Wraith Form v2+1","Blade Dance+1","Acrobatics+1","Venomology","Distraction+1","Terror+1","Purity"],"special_seed":0,"relics":["Ring of the Snake","Mercury Hourglass","Boot","Shuriken","Matryoshka","Runic Pyramid","Enchiridion","Blood Vial","Frozen Egg 2","MawBank","Dead Branch","Centennial Puzzle","Snake Skull","Philosopher\u0027s Stone","Membership Card","Bag of Marbles","Whetstone","Pen Nib"],"potions_floor_usage":[55,55,55,56,56,56],"damage_taken":[{"damage":0.0,"enemies":"2 Louse","floor":1.0,"turns":5.0},{"damage":10.0,"enemies":"Jaw Worm","floor":4.0,"turns":10.0},{"damage":0.0,"enemies":"Small Slimes","floor":5.0,"turns":7.0},{"damage":16.0,"enemies":"3 Sentries","floor":7.0,"turns":14.0},{"damage":0.0,"enemies":"Lagavulin","floor":13.0,"turns":6.0},{"damage":27.0,"enemies":"Slime Boss","floor":16.0,"turns":8.0},{"damage":3.0,"enemies":"Spheric Guardian","floor":18.0,"turns":3.0},{"damage":4.0,"enemies":"Chosen","floor":20.0,"turns":5.0},{"damage":0.0,"enemies":"3 Cultists","floor":21.0,"turns":3.0},{"damage":0.0,"enemies":"Book of Stabbing","floor":29.0,"turns":6.0},{"damage":0.0,"enemies":"Centurion and Healer","floor":31.0,"turns":5.0},{"damage":9.0,"enemies":"Champ","floor":33.0,"turns":14.0},{"damage":0.0,"enemies":"Orb Walker","floor":35.0,"turns":4.0},{"damage":0.0,"enemies":"3 Shapes","floor":38.0,"turns":2.0},{"damage":0.0,"enemies":"Giant Head","floor":40.0,"turns":7.0},{"damage":0.0,"enemies":"Maw","floor":42.0,"turns":5.0},{"damage":7.0,"enemies":"Nemesis","floor":44.0,"turns":5.0},{"damage":0.0,"enemies":"3 Darklings","floor":46.0,"turns":2.0},{"damage":0.0,"enemies":"4 Shapes","floor":47.0,"turns":2.0},{"damage":0.0,"enemies":"Jaw Worm Horde","floor":48.0,"turns":2.0},{"damage":4.0,"enemies":"Donu and Deca","floor":50.0,"turns":6.0},{"damage":34.0,"enemies":"Time Eater","floor":51.0,"turns":8.0},{"damage":10,"enemies":"Shield and Spear","floor":55,"turns":6},{"damage":37,"enemies":"The Heart","floor":56,"turns":9}],"seed_played":"8585796495306281338","potions_obtained":[{"floor":4.0,"key":"SneckoOil"},{"floor":7.0,"key":"LiquidBronze"},{"floor":13.0,"key":"Weak Potion"},{"floor":16.0,"key":"PowerPotion"},{"floor":35.0,"key":"EntropicBrew"},{"floor":55,"key":"SkillPotion"}],"is_trial":false,"path_per_floor":["M","?","$","M","M","R","E","R","T","?","?","$","E","$","R","B",null,"M","?","M","M","?","R","?","R","T","?","?","E","T","M","R","B",null,"M","$","?","M","?","E","$","M","T","E","R","M","M","M","R","B","B",null,"R","$","E","B",null],"character_chosen":"THE_SILENT","items_purchased":["Tactician","Membership Card","Acrobatics","Purity","PowerPotion"],"campfire_rested":1,"item_purchase_floors":[3,36,36,54,54],"current_hp_per_floor":[59,39,39,29,29,29,13,13,13,35,30,30,30,30,30,3,48,45,45,41,41,20,20,20,20,20,20,20,22,22,24,24,17,52,54,54,54,56,56,58,58,60,60,55,55,57,59,61,61,59,27,54,63,63,53,18],"gold":62,"neow_bonus":"TRANSFORM_TWO_CARDS","is_prod":false,"is_daily":false,"chose_seed":false,"campfire_upgraded":7,"win_rate":0,"timestamp":1566076931,"path_taken":["M","?","$","M","M","R","E","R","T","?","?","$","E","?","R","BOSS","M","?","M","?","?","R","?","R","T","?","?","E","?","?","R","BOSS","M","$","?","M","?","E","$","M","T","E","R","?","?","?","R","BOSS","BOSS","R","$","E","BOSS"],"build_version":"2019-07-17","purchased_purges":3,"victory":true,"max_hp_per_floor":[66,66,66,66,66,66,66,66,66,66,66,63,63,63,63,63,63,63,63,63,63,63,63,63,63,63,63,63,63,63,63,63,63,63,63,63,63,63,63,63,63,63,63,63,63,63,63,63,63,63,63,63,63,63,63,63],"card_choices":[{"not_picked":["Dagger Spray","Blade Dance"],"picked":"Heel Hook","floor":1.0},{"not_picked":["Prepared","PiercingWail"],"picked":"Escape Plan","floor":4.0},{"not_picked":["PiercingWail","Dagger Spray"],"picked":"Skewer","floor":5.0},{"not_picked":["Deflect","Distraction"],"picked":"Acrobatics","floor":7.0},{"not_picked":["Bane","Concentrate","Riddle With Holes"],"picked":"SKIP","floor":13.0},{"not_picked":["Malaise","Die Die Die"],"picked":"Corpse Explosion","floor":16.0},{"not_picked":["Dodge and Roll+1","Deadly Poison","Eviscerate"],"picked":"SKIP","floor":18.0},{"not_picked":["Dagger Throw","Bane","Quick Slash"],"picked":"SKIP","floor":20.0},{"not_picked":["Sucker Punch","Outmaneuver","Cloak And Dagger"],"picked":"SKIP","floor":21.0},{"not_picked":["Caltrops+1","All Out Attack"],"picked":"Distraction","floor":29.0},{"not_picked":["Outmaneuver","Acrobatics","Sucker Punch"],"picked":"SKIP","floor":31.0},{"not_picked":["Tools of the Trade+1","Envenom+1"],"picked":"Wraith Form v2+1","floor":33.0},{"not_picked":["Sucker Punch","Leg Sweep+1"],"picked":"Blade Dance+1","floor":35.0},{"not_picked":["Bouncing Flask","Dagger Throw","Dagger Spray"],"picked":"SKIP","floor":38.0},{"not_picked":["Dodge and Roll","Corpse Explosion","Underhanded Strike"],"picked":"SKIP","floor":40.0},{"not_picked":["Bouncing Flask+1","Leg Sweep","Dagger Spray"],"picked":"SKIP","floor":42.0},{"not_picked":["Underhanded Strike","Deadly Poison"],"picked":"Venomology","floor":44.0},{"not_picked":["Sucker Punch","Deadly Poison","Predator+1"],"picked":"SKIP","floor":46.0},{"not_picked":["Bane","Riddle With Holes"],"picked":"Distraction+1","floor":47.0},{"not_picked":["Flying Knee","Bane","Terror+1"],"picked":"SKIP","floor":48.0},{"not_picked":["Flying Knee","Bane"],"picked":"Terror+1","floor":48.0},{"not_picked":["Sucker Punch+1","Skewer","Bane"],"picked":"SKIP","floor":55}],"player_experience":922630,"relics_obtained":[{"floor":7.0,"key":"Mercury Hourglass"},{"floor":9.0,"key":"Boot"},{"floor":13.0,"key":"Matryoshka"},{"floor":22.0,"key":"Enchiridion"},{"floor":26.0,"key":"Blood Vial"},{"floor":26.0,"key":"Frozen Egg 2"},{"floor":29.0,"key":"Dead Branch"},{"floor":30.0,"key":"Centennial Puzzle"},{"floor":30.0,"key":"Snake Skull"},{"floor":40.0,"key":"Bag of Marbles"},{"floor":44.0,"key":"Whetstone"},{"floor":55,"key":"Pen Nib"}],"event_choices":[{"damage_healed":0.0,"max_hp_gain":0.0,"max_hp_loss":0.0,"gold_gain":0.0,"event_name":"Shining Light","player_choice":"Entered Light","floor":2.0,"gold_loss":0.0,"damage_taken":20.0,"cards_upgraded":["Neutralize","Strike_G"]},{"damage_healed":22.0,"max_hp_gain":0.0,"max_hp_loss":0.0,"gold_gain":0.0,"event_name":"Big Fish","player_choice":"Banana","floor":10.0,"gold_loss":0.0,"damage_taken":0.0},{"damage_healed":0.0,"max_hp_gain":0.0,"max_hp_loss":0.0,"gold_gain":0.0,"event_name":"Scrap Ooze","player_choice":"Success","floor":11.0,"gold_loss":0.0,"damage_taken":5.0,"relics_obtained":["Shuriken"]},{"damage_healed":0.0,"max_hp_gain":0.0,"max_hp_loss":0.0,"gold_gain":0.0,"event_name":"Lab","player_choice":"Got Potions","floor":19.0,"gold_loss":0.0,"damage_taken":0.0},{"damage_healed":0.0,"max_hp_gain":0.0,"max_hp_loss":0.0,"gold_gain":0.0,"event_name":"Cursed Tome","player_choice":"Obtained Book","floor":22.0,"gold_loss":0.0,"damage_taken":21.0},{"cards_removed":["Strike_G"],"damage_healed":0.0,"max_hp_gain":0.0,"max_hp_loss":0.0,"gold_gain":0.0,"event_name":"Beggar","player_choice":"Gave Gold","floor":24.0,"gold_loss":75.0,"damage_taken":0.0},{"damage_healed":0.0,"max_hp_gain":0.0,"max_hp_loss":0.0,"gold_gain":0.0,"cards_transformed":["Strike_G","Strike_G"],"event_name":"Drug Dealer","player_choice":"Became Test Subject","floor":27.0,"gold_loss":0.0,"damage_taken":0.0,"cards_obtained":["Deflect","Die Die Die"]},{"damage_healed":0.0,"max_hp_gain":0.0,"max_hp_loss":0.0,"gold_gain":0.0,"event_name":"Addict","player_choice":"Obtained Relic","floor":28.0,"gold_loss":85.0,"damage_taken":0.0,"relics_obtained":["MawBank"]},{"cards_removed":["Defend_G"],"damage_healed":0.0,"max_hp_gain":0.0,"max_hp_loss":0.0,"gold_gain":0.0,"event_name":"Falling","player_choice":"Removed Skill","floor":37.0,"gold_loss":0.0,"damage_taken":0.0},{"damage_healed":0.0,"max_hp_gain":0.0,"max_hp_loss":0.0,"gold_gain":0.0,"event_name":"SecretPortal","player_choice":"Ignored","floor":39.0,"gold_loss":0.0,"damage_taken":0.0}],"is_beta":false,"boss_relics":[{"not_picked":["Ectoplasm","Runic Dome"],"picked":"Runic Pyramid"},{"not_picked":["Pandora\u0027s Box","Cursed Key"],"picked":"Philosopher\u0027s Stone"}],"items_purged_floors":[12,36,41],"is_endless":false,"potions_floor_spawned":[4,7,13,16,21,29,31,35,40,42,47,55],"ascension_level":20}