{"gold_per_floor":[115,133,133,149,167,167,15,15,15,15,32,42,42,54,54,151,151,164,164,183,193,209,209,239,239,239,239,239,23,23],"floor_reached":30,"playtime":2901,"items_purged":[],"score":242,"play_id":"6d621eab-e6b4-463b-a428-c080e8c0e706","local_time":"20190116190049","is_ascension_mode":false,"campfire_choices":[{"data":"Conserve Battery","floor":6,"key":"SMITH"},{"data":"Cold Snap","floor":8,"key":"SMITH"},{"data":"Go for the Eyes","floor":13,"key":"SMITH"},{"floor":15,"key":"REST"},{"floor":23,"key":"REST"},{"floor":27,"key":"REST"}],"neow_cost":"NONE","seed_source_timestamp":183265570380292,"circlet_count":0,"master_deck":["Zap+1","Dualcast","Stack","Double Energy","Cold Snap+1","Go for the Eyes+1","Conserve Battery+1","All For One","Ball Lightning+1","Hologram","All For One","Seek","White Noise","Gash","Stack","Echo Form","Compile Driver","Meteor Strike","Consume","Genetic Algorithm","Sunder+1","Beam Cell","White Noise","Auto Shields","Hologram","Undo","Hyperbeam","Defragment","The Bomb"],"relics":["Cracked Core","Pen Nib","Gremlin Horn","Pandora\u0027s Box","Whetstone","Letter Opener"],"potions_floor_usage":[11,18,21,24],"damage_taken":[{"damage":1,"enemies":"Jaw Worm","floor":1,"turns":5},{"damage":0,"enemies":"2 Louse","floor":2,"turns":3},{"damage":0,"enemies":"Cultist","floor":4,"turns":4},{"damage":5,"enemies":"Looter","floor":5,"turns":3},{"damage":0,"enemies":"Gremlin Gang","floor":11,"turns":2},{"damage":4,"enemies":"Blue Slaver","floor":12,"turns":3},{"damage":0,"enemies":"Lots of Slimes","floor":14,"turns":2},{"damage":24,"enemies":"The Guardian","floor":16,"turns":10},{"damage":0,"enemies":"3 Byrds","floor":18,"turns":4},{"damage":21,"enemies":"Shell Parasite","floor":20,"turns":5},{"damage":27,"enemies":"Cultist and Chosen","floor":21,"turns":6},{"damage":20,"enemies":"Centurion and Healer","floor":22,"turns":5},{"damage":31,"enemies":"Slavers","floor":24,"turns":5},{"damage":31,"enemies":"Gremlin Leader","floor":30,"turns":2}],"seed_played":"4026673037226062254","potions_obtained":[{"floor":1,"key":"Block Potion"},{"floor":5,"key":"Explosive Potion"},{"floor":14,"key":"Regen Potion"},{"floor":16,"key":"Strength Potion"},{"floor":20,"key":"SneckoOil"},{"floor":24,"key":"SpeedPotion"}],"is_trial":false,"path_per_floor":["M","M","?","M","M","R","$","R","T","?","M","M","R","M","R","B",null,"M","?","M","M","M","R","E","?","T","R","?","$","E"],"character_chosen":"DEFECT","items_purchased":["Pen Nib","Defragment","The Bomb"],"campfire_rested":3,"item_purchase_floors":[7,29,29],"current_hp_per_floor":[74,74,74,74,69,69,69,69,69,69,69,65,65,65,75,51,75,75,72,51,38,18,40,9,9,9,31,31,31,0],"gold":23,"neow_bonus":"THREE_CARDS","is_prod":false,"is_daily":false,"chose_seed":false,"campfire_upgraded":3,"win_rate":0.0,"timestamp":1547694049,"path_taken":["M","M","?","M","M","R","$","R","T","?","M","M","R","?","R","BOSS","M","?","?","M","M","R","E","?","T","R","?","$","E"],"build_version":"2019-01-10","purchased_purges":0,"victory":false,"max_hp_per_floor":[75,75,75,75,75,75,75,75,75,75,75,75,75,75,75,75,75,75,75,75,75,75,75,75,75,75,75,75,75,75],"card_choices":[{"not_picked":["Double Energy","Glacier"],"picked":"Stack","floor":0},{"not_picked":["Turbo","Gash"],"picked":"Double Energy","floor":1},{"not_picked":["Barrage","Gash"],"picked":"Cold Snap","floor":2},{"not_picked":["Force Field","Stack"],"picked":"Go for the Eyes","floor":4},{"not_picked":["Streamline","Fusion"],"picked":"Conserve Battery","floor":5},{"not_picked":["Barrage","Redo"],"picked":"All For One","floor":11},{"not_picked":["Cold Snap","Gash"],"picked":"Ball Lightning","floor":12},{"not_picked":["Lockon","Gash"],"picked":"Hologram","floor":14},{"not_picked":["Core Surge","Multi-Cast"],"picked":"All For One","floor":16},{"not_picked":["Reinforced Body+1","Barrage+1"],"picked":"Genetic Algorithm","floor":18},{"not_picked":["Hologram","Turbo"],"picked":"Sunder","floor":20},{"not_picked":["Tempest","Rebound"],"picked":"Beam Cell","floor":21},{"not_picked":["Go for the Eyes","Steam Power"],"picked":"White Noise","floor":22},{"not_picked":["Force Field+1","Tempest"],"picked":"Auto Shields","floor":24}],"player_experience":209527,"relics_obtained":[{"floor":9,"key":"Gremlin Horn"},{"floor":24,"key":"Whetstone"},{"floor":26,"key":"Letter Opener"}],"event_choices":[{"damage_healed":0,"gold_gain":0,"player_choice":"Leave","damage_taken":0,"max_hp_gain":0,"max_hp_loss":0,"event_name":"The Cleric","floor":3,"gold_loss":0},{"damage_healed":0,"gold_gain":0,"player_choice":"Upgraded","damage_taken":0,"max_hp_gain":0,"max_hp_loss":0,"event_name":"Upgrade Shrine","floor":10,"gold_loss":0,"cards_upgraded":["Zap"]},{"damage_healed":0,"gold_gain":0,"player_choice":"Punched","damage_taken":3,"max_hp_gain":0,"max_hp_loss":0,"event_name":"Designer","floor":19,"gold_loss":0},{"damage_healed":0,"gold_gain":0,"player_choice":"Ignored","damage_taken":0,"max_hp_gain":0,"max_hp_loss":0,"event_name":"Cursed Tome","floor":25,"gold_loss":0},{"damage_healed":0,"gold_gain":0,"player_choice":"3 cards matched","damage_taken":0,"max_hp_gain":0,"max_hp_loss":0,"event_name":"Match and Keep!","floor":28,"gold_loss":0,"cards_obtained":["Hologram","Undo","Hyperbeam"]}],"is_beta":false,"boss_relics":[{"not_picked":["FrozenCore","Lizard Tail"],"picked":"Pandora\u0027s Box"}],"items_purged_floors":[],"is_endless":false,"potions_floor_spawned":[1,5,14,16,20,24],"killed_by":"Gremlin Leader","ascension_level":0}