{"gold_per_floor":[116,116,136,21,21,49,49,61,61,61,76,90,125,34,34,139,139,158,158,169,15,25,55,67,67,67,67,67,86,86,103,103,103],"floor_reached":33,"playtime":2826,"items_purged":[],"score":291,"play_id":"1c77645d-5f23-4137-809c-9fd3303b8059","local_time":"20190918131207","is_ascension_mode":true,"campfire_choices":[{"floor":7,"key":"REST"},{"floor":10,"key":"REST"},{"floor":15,"key":"REST"},{"floor":28,"key":"REST"},{"floor":30,"key":"DIG"},{"floor":32,"key":"REST"}],"neow_cost":"NONE","seed_source_timestamp":243290360393911,"circlet_count":0,"master_deck":["Strike_G","Strike_G","Strike_G","Strike_G","Defend_G","Defend_G","Defend_G","Defend_G","Defend_G","Survivor","Neutralize","Outmaneuver","Poisoned Stab","Catalyst","Poisoned Stab","PiercingWail","Deadly Poison","Adrenaline","Deflect","PiercingWail","Catalyst","Corpse Explosion","CurseOfTheBell","Footwork","Poisoned Stab+1","Dash+1","Envenom","Crippling Poison"],"relics":["Ring of the Snake","Ice Cream","Tough Bandages","Meat on the Bone","Calling Bell","Dream Catcher","HornCleat","Shovel","Juzu Bracelet","Pen Nib","Strawberry","White Beast Statue","Ginger"],"potions_floor_usage":[16,16,24,33,33,33],"damage_taken":[{"damage":0,"enemies":"2 Louse","floor":1,"turns":3},{"damage":2,"enemies":"Cultist","floor":3,"turns":6},{"damage":52,"enemies":"3 Sentries","floor":6,"turns":14},{"damage":0,"enemies":"Jaw Worm","floor":8,"turns":3},{"damage":4,"enemies":"Large Slime","floor":11,"turns":7},{"damage":3,"enemies":"2 Fungi Beasts","floor":12,"turns":5},{"damage":23,"enemies":"Lagavulin","floor":13,"turns":6},{"damage":27,"enemies":"Slime Boss","floor":16,"turns":9},{"damage":14,"enemies":"Spheric Guardian","floor":18,"turns":4},{"damage":9,"enemies":"3 Byrds","floor":20,"turns":4},{"damage":33,"enemies":"Sentry and Sphere","floor":22,"turns":7},{"damage":6,"enemies":"Gremlin Leader","floor":23,"turns":8},{"damage":6,"enemies":"Chosen and Byrds","floor":24,"turns":5},{"damage":9,"enemies":"Snecko","floor":29,"turns":5},{"damage":0,"enemies":"Snake Plant","floor":31,"turns":3},{"damage":112,"enemies":"Automaton","floor":33,"turns":12}],"seed_played":"4728377430167650249","potions_obtained":[{"floor":3,"key":"SpeedPotion"},{"floor":11,"key":"Dexterity Potion"},{"floor":13,"key":"PowerPotion"},{"floor":22,"key":"SpeedPotion"},{"floor":23,"key":"Energy Potion"},{"floor":24,"key":"SpeedPotion"},{"floor":29,"key":"EssenceOfSteel"}],"is_trial":false,"path_per_floor":["M","?","M","$","?","E","R","M","T","R","M","M","E","$","R","B",null,"M","?","M","$","M","E","M","?","T","?","R","M","R","M","R","B"],"character_chosen":"THE_SILENT","items_purchased":["Poisoned Stab","Catalyst","PiercingWail","Catalyst","Pen Nib"],"campfire_rested":5,"item_purchase_floors":[4,4,14,14,21],"current_hp_per_floor":[77,77,75,75,75,23,46,46,46,69,65,62,39,39,62,47,77,63,63,54,54,33,46,52,52,52,52,77,68,68,68,84,0],"gold":103,"neow_bonus":"TEN_PERCENT_HP_BONUS","is_prod":false,"is_daily":false,"chose_seed":false,"campfire_upgraded":0,"win_rate":0,"timestamp":1568837527,"path_taken":["M","?","?","?","?","E","R","M","T","R","M","M","E","$","R","BOSS","M","?","M","$","M","E","M","?","T","?","R","M","R","M","R","BOSS"],"build_version":"2019-09-18","purchased_purges":0,"victory":false,"max_hp_per_floor":[77,77,77,77,77,77,77,77,77,77,77,77,77,77,77,77,77,77,77,77,77,77,84,84,84,84,84,84,84,84,84,84,84],"card_choices":[{"not_picked":["Acrobatics","Slice","Flying Knee"],"picked":"SKIP","floor":1},{"not_picked":["Dagger Throw","Dagger Spray"],"picked":"Outmaneuver","floor":3},{"not_picked":["Acrobatics","Bane"],"picked":"Poisoned Stab","floor":6},{"not_picked":["Endless Agony","Deadly Poison"],"picked":"PiercingWail","floor":8},{"not_picked":["Acrobatics","Choke"],"picked":"Deadly Poison","floor":11},{"not_picked":["Heel Hook","Underhanded Strike"],"picked":"Adrenaline","floor":12},{"not_picked":["Flechettes","Sucker Punch"],"picked":"Deflect","floor":13},{"not_picked":["Malaise","Envenom"],"picked":"Corpse Explosion","floor":16},{"not_picked":["Prepared","Outmaneuver"],"picked":"Footwork","floor":18},{"not_picked":["Slice+1","Terror+1"],"picked":"Poisoned Stab+1","floor":20},{"not_picked":["Caltrops","Masterful Stab+1","Sucker Punch"],"picked":"SKIP","floor":22},{"not_picked":["Choke","PiercingWail"],"picked":"Dash+1","floor":23},{"not_picked":["Sucker Punch+1","Calculated Gamble"],"picked":"Envenom","floor":24},{"not_picked":["Blade Dance+1","Slice"],"picked":"Crippling Poison","floor":28},{"not_picked":["Masterful Stab+1","Bane","Accuracy"],"picked":"SKIP","floor":29},{"not_picked":["Outmaneuver","Blade Dance","Dodge and Roll"],"picked":"SKIP","floor":31}],"player_experience":63740,"relics_obtained":[{"floor":6,"key":"Ice Cream"},{"floor":9,"key":"Tough Bandages"},{"floor":13,"key":"Meat on the Bone"},{"floor":17,"key":"Dream Catcher"},{"floor":17,"key":"HornCleat"},{"floor":17,"key":"Shovel"},{"floor":23,"key":"Strawberry"},{"floor":26,"key":"White Beast Statue"},{"floor":30,"key":"Ginger"}],"event_choices":[{"cards_removed":["Strike_G"],"damage_healed":0,"gold_gain":0,"player_choice":"Offered Basic","damage_taken":0,"max_hp_gain":0,"max_hp_loss":0,"event_name":"Bonfire Elementals","floor":2,"gold_loss":0},{"damage_healed":0,"gold_gain":0,"player_choice":"Ignored","damage_taken":0,"max_hp_gain":0,"max_hp_loss":0,"event_name":"Golden Idol","floor":5,"gold_loss":0},{"damage_healed":0,"gold_gain":0,"player_choice":"Opened","damage_taken":0,"relics_obtained":["Juzu Bracelet"],"max_hp_gain":0,"max_hp_loss":0,"event_name":"The Mausoleum","floor":19,"gold_loss":0,"cards_obtained":["Writhe"]},{"cards_removed":["Writhe"],"damage_healed":0,"gold_gain":0,"player_choice":"Purged","damage_taken":0,"max_hp_gain":0,"max_hp_loss":0,"event_name":"Purifier","floor":25,"gold_loss":0},{"damage_healed":0,"gold_gain":0,"player_choice":"Ignored","damage_taken":0,"max_hp_gain":0,"max_hp_loss":0,"event_name":"Vampires","floor":27,"gold_loss":0}],"is_beta":true,"boss_relics":[{"not_picked":["Astrolabe","Runic Pyramid"],"picked":"Calling Bell"}],"items_purged_floors":[],"is_endless":false,"potions_floor_spawned":[3,11,13,22,23,24,29,31],"killed_by":"Automaton","ascension_level":1}