{"gold_per_floor":[112,112,37,37,105,105,133,144,144,172,37,37,65,85,85,159,159,178,178,195,205,219,11,11,11],"floor_reached":25,"playtime":844,"items_purged":["Strike_R","Strike_R"],"score":488,"play_id":"d092e262-23bd-4c73-a3c2-1f19e5b5ef6e","local_time":"20190319231228","is_ascension_mode":true,"campfire_choices":[{"data":"Bash","floor":6.0,"key":"SMITH"},{"data":"Armaments","floor":15.0,"key":"SMITH"}],"neow_cost":"NONE","seed_source_timestamp":546207702127292,"circlet_count":0,"master_deck":["AscendersBane","Strike_R+1","Strike_R+1","Defend_R","Defend_R","Defend_R","Defend_R","Bash+1","Battle Trance","Body Slam","Feel No Pain","Evolve","Armaments+1","Barricade","Fiend Fire","Power Through","Seeing Red","Impatience"],"special_seed":0,"relics":["Burning Blood","NeowsBlessing","Question Card","Champion Belt","Gremlin Horn","Meat on the Bone","Dream Catcher","Mark of Pain","Self Forming Clay"],"potions_floor_usage":[18,21,22],"damage_taken":[{"damage":0.0,"enemies":"2 Louse","floor":1.0,"turns":1.0},{"damage":0.0,"enemies":"Lagavulin","floor":7.0,"turns":1.0},{"damage":0.0,"enemies":"Jaw Worm","floor":8.0,"turns":1.0},{"damage":29.0,"enemies":"Gremlin Nob","floor":10.0,"turns":4.0},{"damage":23.0,"enemies":"Lagavulin","floor":13.0,"turns":8.0},{"damage":0.0,"enemies":"Cultist","floor":14.0,"turns":3.0},{"damage":33.0,"enemies":"Slime Boss","floor":16.0,"turns":9.0},{"damage":0,"enemies":"Chosen","floor":18,"turns":5},{"damage":12,"enemies":"3 Byrds","floor":20,"turns":7},{"damage":0,"enemies":"Snake Plant","floor":21,"turns":2},{"damage":18,"enemies":"Cultist and Chosen","floor":22,"turns":7},{"damage":61,"enemies":"Book of Stabbing","floor":25,"turns":7}],"seed_played":"152429759543668509","potions_obtained":[{"floor":7.0,"key":"Regen Potion"},{"floor":13.0,"key":"Strength Potion"},{"floor":14.0,"key":"Block Potion"},{"floor":16,"key":"Poison Potion"},{"floor":20,"key":"SkillPotion"}],"is_trial":false,"path_per_floor":["M","?","$","?","T","R","E","M","T","E","$","?","E","M","R","B",null,"M","?","M","M","M","$","?","E"],"character_chosen":"IRONCLAD","items_purchased":["Evolve","Armaments","Impatience"],"campfire_rested":0,"item_purchase_floors":[11,11,23],"current_hp_per_floor":[74,51,51,44,44,44,50,56,56,33,33,33,43,49,49,34,65,71,71,65,71,59,59,59,0],"gold":11,"neow_bonus":"THREE_ENEMY_KILL","is_prod":false,"is_daily":false,"chose_seed":false,"campfire_upgraded":2,"win_rate":0,"timestamp":1553008348,"path_taken":["M","?","$","?","?","R","E","?","T","E","$","?","E","M","R","BOSS","BOSS","M","?","M","?","M","$","?","E"],"build_version":"2019-03-15","purchased_purges":2,"victory":false,"max_hp_per_floor":[75,75,75,75,75,75,75,75,75,75,75,75,75,75,75,75,75,75,75,75,75,75,75,75,75],"card_choices":[{"not_picked":["Clash","Sword Boomerang","Uppercut"],"picked":"SKIP","floor":1.0},{"not_picked":["Pommel Strike","Ghostly Armor","Sever Soul"],"picked":"Battle Trance","floor":7.0},{"not_picked":["Carnage","Thunderclap","Sword Boomerang"],"picked":"Body Slam","floor":8.0},{"not_picked":["Blood for Blood","Armaments","Clothesline"],"picked":"Feel No Pain","floor":10.0},{"not_picked":["Wild Strike","Infernal Blade","Armaments"],"picked":"Barricade","floor":13.0},{"not_picked":["Pommel Strike","Dual Wield","Body Slam","Clash"],"picked":"SKIP","floor":14.0},{"not_picked":["Dark Embrace","Bludgeon","Brutality"],"picked":"Fiend Fire","floor":16},{"not_picked":["Metallicize","Flex","Disarm"],"picked":"Power Through","floor":18},{"not_picked":["Flex","Havoc","Clash","Headbutt"],"picked":"SKIP","floor":20},{"not_picked":["Power Through","Rupture","Pummel"],"picked":"Seeing Red","floor":21},{"not_picked":["Clothesline","Heavy Blade","Cleave+1","Armaments+1"],"picked":"SKIP","floor":22}],"player_experience":2947189,"relics_obtained":[{"floor":5.0,"key":"Question Card"},{"floor":7.0,"key":"Champion Belt"},{"floor":9.0,"key":"Gremlin Horn"},{"floor":10.0,"key":"Meat on the Bone"},{"floor":13.0,"key":"Dream Catcher"},{"floor":19,"key":"Self Forming Clay"}],"event_choices":[{"damage_healed":0.0,"max_hp_gain":0.0,"max_hp_loss":0.0,"gold_gain":0.0,"event_name":"Shining Light","player_choice":"Entered Light","floor":2.0,"gold_loss":0.0,"damage_taken":23.0,"cards_upgraded":["Strike_R","Strike_R"]},{"cards_removed":["Strike_R"],"damage_healed":0.0,"max_hp_gain":0.0,"max_hp_loss":0.0,"gold_gain":0.0,"event_name":"Golden Wing","player_choice":"Card Removal","floor":4.0,"gold_loss":0.0,"damage_taken":7.0},{"damage_healed":0.0,"max_hp_gain":0.0,"max_hp_loss":0.0,"gold_gain":0.0,"event_name":"The Cleric","player_choice":"Leave","floor":12.0,"gold_loss":0.0,"damage_taken":0.0},{"damage_healed":0,"gold_gain":0,"player_choice":"Relic","damage_taken":0,"max_hp_gain":0,"max_hp_loss":0,"event_name":"Wheel of Change","floor":19,"gold_loss":0},{"damage_healed":0,"gold_gain":0,"player_choice":"Ignored","damage_taken":0,"max_hp_gain":0,"max_hp_loss":0,"event_name":"Vampires","floor":24,"gold_loss":0}],"is_beta":true,"boss_relics":[{"not_picked":["Velvet Choker","White Beast Statue"],"picked":"Mark of Pain"}],"items_purged_floors":[3,23],"is_endless":false,"potions_floor_spawned":[7,13,14,16,20],"killed_by":"Book of Stabbing","ascension_level":20}