{"gold_per_floor":[113,113,188,188,199,199,199,232,279,302,113,127,155,18,18,95,95,109,129,4,4,4,4,23,56,83,83,118,133,28,47,47,125,125,138,158,158,158,134,134,159,172,222,234,234,234,84,111,111,111,111,111,111,28,54,54],"floor_reached":57,"playtime":2572,"items_purged":["Strike_G","Strike_G","Defend_G","Survivor"],"score":3487,"play_id":"5228f1b6-1482-44e9-9f65-0d7aee3b9a99","local_time":"20190903132807","is_ascension_mode":true,"campfire_choices":[{"data":"Masterful Stab","floor":6.0,"key":"SMITH"},{"data":"Reflex","floor":15.0,"key":"SMITH"},{"data":"Adrenaline","floor":23.0,"key":"SMITH"},{"data":"Expertise","floor":27.0,"key":"SMITH"},{"data":"Impatience","floor":32.0,"key":"SMITH"},{"data":"Acrobatics","floor":40.0,"key":"SMITH"},{"floor":45.0,"key":"RECALL"},{"data":"Escape Plan","floor":49.0,"key":"SMITH"},{"data":"Caltrops","floor":53,"key":"SMITH"}],"neow_cost":"NONE","seed_source_timestamp":1642031258173400,"circlet_count":0,"master_deck":["AscendersBane","Neutralize+1","Terror","Masterful Stab+1","Well Laid Plans","Reflex+1","Concentrate","Expertise+1","Adrenaline+1","Night Terror+1","Caltrops+1","Escape Plan+1","Impatience+1","Tactician+1","Acrobatics+1","Backflip+1","PiercingWail+1","After Image"],"special_seed":0,"relics":["Ring of the Snake","NeowsBlessing","Shuriken","MawBank","War Paint","Runic Pyramid","Regal Pillow","Pandora\u0027s Box","Mercury Hourglass","Bag of Preparation","Art of War","Potion Belt","Bag of Marbles"],"potions_floor_usage":[51,51,56],"damage_taken":[{"damage":0.0,"enemies":"Cultist","floor":1.0,"turns":1.0},{"damage":0.0,"enemies":"2 Louse","floor":5.0,"turns":1.0},{"damage":0.0,"enemies":"Gremlin Nob","floor":8.0,"turns":1.0},{"damage":1.0,"enemies":"Small Slimes","floor":10.0,"turns":4.0},{"damage":0.0,"enemies":"Exordium Wildlife","floor":12.0,"turns":2.0},{"damage":12.0,"enemies":"3 Sentries","floor":13.0,"turns":10.0},{"damage":0.0,"enemies":"The Guardian","floor":16.0,"turns":9.0},{"damage":0.0,"enemies":"Spheric Guardian","floor":18.0,"turns":3.0},{"damage":1.0,"enemies":"Chosen","floor":19.0,"turns":4.0},{"damage":0.0,"enemies":"Snake Plant","floor":24.0,"turns":3.0},{"damage":0.0,"enemies":"Gremlin Leader","floor":25.0,"turns":4.0},{"damage":6.0,"enemies":"Slavers","floor":28.0,"turns":7.0},{"damage":0.0,"enemies":"Centurion and Healer","floor":29.0,"turns":2.0},{"damage":2.0,"enemies":"Sentry and Sphere","floor":31.0,"turns":4.0},{"damage":0.0,"enemies":"Collector","floor":33.0,"turns":3.0},{"damage":0.0,"enemies":"Orb Walker","floor":35.0,"turns":1.0},{"damage":0.0,"enemies":"3 Shapes","floor":36.0,"turns":1.0},{"damage":0.0,"enemies":"Nemesis","floor":41.0,"turns":1.0},{"damage":0.0,"enemies":"Spire Growth","floor":42.0,"turns":1.0},{"damage":0.0,"enemies":"4 Shapes","floor":44.0,"turns":1.0},{"damage":0.0,"enemies":"Reptomancer","floor":48.0,"turns":1.0},{"damage":0.0,"enemies":"Awakened One","floor":50.0,"turns":2.0},{"damage":0,"enemies":"Time Eater","floor":51,"turns":5},{"damage":0,"enemies":"Shield and Spear","floor":55,"turns":1},{"damage":0,"enemies":"The Heart","floor":56,"turns":4}],"seed_played":"691844884468658519","potions_obtained":[{"floor":1.0,"key":"Swift Potion"},{"floor":8.0,"key":"AttackPotion"},{"floor":24.0,"key":"Block Potion"},{"floor":25.0,"key":"PowerPotion"},{"floor":31.0,"key":"Dexterity Potion"},{"floor":41.0,"key":"EssenceOfSteel"},{"floor":48.0,"key":"Strength Potion"}],"is_trial":false,"path_per_floor":["M","?","?","?","M","R","?","E","T","M","$","M","E","$","R","B",null,"M","M","$","?","?","R","M","E","T","R","E","M","$","M","R","B",null,"M","M","?","?","$","R","E","M","T","M","R","?","$","E","R","B","B",null,"R","$","E","B",null],"character_chosen":"THE_SILENT","items_purchased":["Well Laid Plans","Reflex","Expertise","Impatience","Acrobatics","LiquidBronze"],"campfire_rested":0,"item_purchase_floors":[11,11,14,30,39,54],"current_hp_per_floor":[59,39,28,21,21,21,21,21,21,20,20,20,8,8,8,8,52,52,51,51,51,51,51,51,51,51,51,45,45,45,43,43,43,60,60,60,60,60,60,60,60,60,60,60,60,60,60,60,60,60,60,62,62,62,62,62],"gold":54,"neow_bonus":"THREE_ENEMY_KILL","is_prod":false,"is_daily":false,"chose_seed":false,"campfire_upgraded":8,"win_rate":0,"timestamp":1567488487,"path_taken":["M","?","?","?","?","R","?","E","T","M","?","M","E","$","R","BOSS","M","M","$","?","?","R","M","E","T","R","E","M","$","?","R","BOSS","M","M","?","?","$","R","E","?","T","?","R","?","?","E","R","BOSS","BOSS","R","$","E","BOSS"],"build_version":"2019-08-26","purchased_purges":4,"victory":true,"max_hp_per_floor":[66,66,66,66,66,66,66,66,66,66,66,66,66,66,66,66,66,66,66,66,66,66,66,66,66,66,66,66,66,66,66,66,66,66,66,66,63,63,63,63,63,63,63,63,63,63,63,63,63,63,63,63,63,63,63,63],"card_choices":[{"not_picked":["Leg Sweep","Predator"],"picked":"Terror","floor":1.0},{"not_picked":["Prepared","Distraction"],"picked":"Masterful Stab","floor":5.0},{"not_picked":["Sucker Punch","Dash","Cloak And Dagger"],"picked":"SKIP","floor":8.0},{"not_picked":["Underhanded Strike","All Out Attack","Outmaneuver"],"picked":"SKIP","floor":10.0},{"not_picked":["Backstab","Crippling Poison","Flying Knee"],"picked":"SKIP","floor":12.0},{"not_picked":["Reflex","Backflip"],"picked":"Concentrate","floor":13.0},{"not_picked":["Night Terror","Glass Knife"],"picked":"Adrenaline","floor":16.0},{"not_picked":["Finisher","Backstab","Dagger Throw"],"picked":"SKIP","floor":18.0},{"not_picked":["Dagger Throw","Sucker Punch","Eviscerate"],"picked":"SKIP","floor":19.0},{"not_picked":["Predator","Poisoned Stab"],"picked":"Escape Plan","floor":24.0},{"not_picked":["Slice","Leg Sweep","PiercingWail"],"picked":"SKIP","floor":25.0},{"not_picked":["Bouncing Flask","Endless Agony","Dagger Throw"],"picked":"SKIP","floor":28.0},{"not_picked":["Accuracy","Dodge and Roll","Deadly Poison"],"picked":"SKIP","floor":29.0},{"not_picked":["Backstab","Leg Sweep","Bouncing Flask"],"picked":"SKIP","floor":31.0},{"not_picked":["Distraction+1","Deflect","Deadly Poison"],"picked":"SKIP","floor":35.0},{"not_picked":["Outmaneuver+1","Bouncing Flask"],"picked":"Tactician+1","floor":36.0},{"not_picked":["Acrobatics","Distraction+1","Underhanded Strike"],"picked":"SKIP","floor":41.0},{"not_picked":["Backstab","Infinite Blades+1","Dagger Throw"],"picked":"SKIP","floor":42.0},{"not_picked":["Skewer","Underhanded Strike"],"picked":"Backflip+1","floor":44.0},{"not_picked":["Leg Sweep+1","Blur"],"picked":"PiercingWail+1","floor":48.0},{"not_picked":["Bane","Poisoned Stab"],"picked":"After Image","floor":55}],"player_experience":3163925,"relics_obtained":[{"floor":8.0,"key":"Shuriken"},{"floor":9.0,"key":"MawBank"},{"floor":13.0,"key":"War Paint"},{"floor":25.0,"key":"Regal Pillow"},{"floor":41.0,"key":"Bag of Preparation"},{"floor":43.0,"key":"Art of War"},{"floor":48.0,"key":"Potion Belt"},{"floor":55,"key":"Bag of Marbles"}],"event_choices":[{"damage_healed":0.0,"max_hp_gain":0.0,"max_hp_loss":0.0,"gold_gain":0.0,"event_name":"Shining Light","player_choice":"Entered Light","floor":2.0,"gold_loss":0.0,"damage_taken":20.0,"cards_upgraded":["Strike_G","Strike_G"]},{"damage_healed":0.0,"max_hp_gain":0.0,"max_hp_loss":0.0,"gold_gain":75.0,"event_name":"World of Goop","player_choice":"Gather Gold","floor":3.0,"gold_loss":0.0,"damage_taken":11.0},{"cards_removed":["Strike_G"],"damage_healed":0.0,"max_hp_gain":0.0,"max_hp_loss":0.0,"gold_gain":0.0,"event_name":"Golden Wing","player_choice":"Card Removal","floor":4.0,"gold_loss":0.0,"damage_taken":7.0},{"damage_healed":0.0,"max_hp_gain":0.0,"max_hp_loss":0.0,"gold_gain":0.0,"event_name":"Accursed Blacksmith","player_choice":"Forge","floor":7.0,"gold_loss":0.0,"damage_taken":0.0,"cards_upgraded":["Neutralize"]},{"damage_healed":0.0,"max_hp_gain":0.0,"max_hp_loss":0.0,"gold_gain":0.0,"cards_transformed":["Defend_G","Strike_G"],"event_name":"Drug Dealer","player_choice":"Became Test Subject","floor":21.0,"gold_loss":0.0,"damage_taken":0.0,"cards_obtained":["Night Terror","Caltrops"]},{"damage_healed":0.0,"max_hp_gain":0.0,"max_hp_loss":0.0,"gold_gain":0.0,"event_name":"Upgrade Shrine","player_choice":"Upgraded","floor":22.0,"gold_loss":0.0,"damage_taken":0.0,"cards_upgraded":["Night Terror"]},{"damage_healed":0.0,"max_hp_gain":0.0,"max_hp_loss":3.0,"gold_gain":0.0,"event_name":"Winding Halls","player_choice":"Max HP","floor":37.0,"gold_loss":0.0,"damage_taken":0.0},{"damage_healed":0.0,"max_hp_gain":0.0,"max_hp_loss":0.0,"gold_gain":0.0,"event_name":"WeMeetAgain","player_choice":"Gave Potion","floor":38.0,"gold_loss":0.0,"damage_taken":0.0,"relics_obtained":["Mercury Hourglass"]},{"damage_healed":0.0,"max_hp_gain":0.0,"max_hp_loss":0.0,"gold_gain":0.0,"event_name":"Tomb of Lord Red Mask","player_choice":"Ignored","floor":46.0,"gold_loss":0.0,"damage_taken":0.0}],"is_beta":true,"boss_relics":[{"not_picked":["Eternal Feather","Sozu"],"picked":"Runic Pyramid"},{"not_picked":["Velvet Choker","Fusion Hammer"],"picked":"Pandora\u0027s Box"}],"items_purged_floors":[11,14,20,47],"is_endless":false,"potions_floor_spawned":[1,8,24,25,31,41,44,48],"ascension_level":20}