{"gold_per_floor":[118,131,149,67,84,119,119,141,167,231,196,43,59,70,70,167,167,167,92,92,92,92,92,92,92,92,92,92,92,92,92,92,92,92,92,92,92,8,8,8,8,8,8,8,8,8,8,8,8,8],"floor_reached":50,"playtime":3208,"items_purged":["Strike_G"],"score":490,"play_id":"60104b99-605b-48ad-bd0f-4fec5ccbd761","local_time":"20190918083117","is_ascension_mode":false,"campfire_choices":[{"floor":15,"key":"REST"},{"data":"Accuracy","floor":24,"key":"SMITH"},{"floor":27,"key":"REST"},{"floor":32,"key":"REST"},{"floor":40,"key":"REST"},{"floor":49,"key":"REST"}],"neow_cost":"NONE","seed_source_timestamp":1867467983886900,"circlet_count":0,"master_deck":["Strike_G","Strike_G","Strike_G","Defend_G","Defend_G","Defend_G","Defend_G","Defend_G","Survivor","Neutralize","Adrenaline","Deadly Poison","Deflect","Poisoned Stab","Backflip","Dagger Spray","Backstab","Accuracy+1","Cloak And Dagger","Envenom","Riddle With Holes+1","Blade Dance+1","Catalyst+1","Adrenaline+1","Dodge and Roll+1","Caltrops","Writhe","Parasite","Secret Weapon+1"],"relics":["Orrery","Mango","Odd Mushroom","Oddly Smooth Stone","Bag of Marbles","Bronze Scales","Ectoplasm","Potion Belt","Toxic Egg 2","Pantograph","Happy Flower","Busted Crown","Centennial Puzzle"],"potions_floor_usage":[23,31,33,33,33,42,50,50,50],"damage_taken":[{"damage":0,"enemies":"Jaw Worm","floor":1,"turns":4},{"damage":0,"enemies":"Small Slimes","floor":2,"turns":3},{"damage":0,"enemies":"Cultist","floor":3,"turns":3},{"damage":0,"enemies":"Exordium Thugs","floor":5,"turns":4},{"damage":23,"enemies":"3 Sentries","floor":6,"turns":9},{"damage":7,"enemies":"Exordium Wildlife","floor":7,"turns":5},{"damage":11,"enemies":"The Mushroom Lair","floor":8,"turns":4},{"damage":16,"enemies":"Gremlin Nob","floor":10,"turns":4},{"damage":0,"enemies":"Gremlin Gang","floor":13,"turns":2},{"damage":0,"enemies":"3 Louse","floor":14,"turns":3},{"damage":27,"enemies":"The Guardian","floor":16,"turns":12},{"damage":1,"enemies":"Shell Parasite","floor":18,"turns":5},{"damage":4,"enemies":"Chosen","floor":20,"turns":4},{"damage":1,"enemies":"3 Cultists","floor":22,"turns":5},{"damage":12,"enemies":"Slavers","floor":23,"turns":6},{"damage":9,"enemies":"Shelled Parasite and Fungi","floor":28,"turns":5},{"damage":8,"enemies":"Sentry and Sphere","floor":30,"turns":5},{"damage":27,"enemies":"Gremlin Leader","floor":31,"turns":5},{"damage":90,"enemies":"Collector","floor":33,"turns":7},{"damage":33,"enemies":"3 Darklings","floor":35,"turns":5},{"damage":8,"enemies":"Orb Walker","floor":36,"turns":3},{"damage":35,"enemies":"Writhing Mass","floor":39,"turns":5},{"damage":0,"enemies":"Maw","floor":41,"turns":6},{"damage":10,"enemies":"Transient","floor":42,"turns":5},{"damage":7,"enemies":"Spire Growth","floor":44,"turns":3},{"damage":4,"enemies":"Writhing Mass","floor":46,"turns":5},{"damage":0,"enemies":"Transient","floor":48,"turns":5},{"damage":110,"enemies":"Donu and Deca","floor":50,"turns":11}],"seed_played":"2615174559600873388","potions_obtained":[{"floor":2,"key":"Regen Potion"},{"floor":5,"key":"Weak Potion"},{"floor":6,"key":"Weak Potion"},{"floor":8,"key":"Fire Potion"},{"floor":23,"key":"Explosive Potion"},{"floor":31,"key":"Dexterity Potion"},{"floor":33,"key":"SteroidPotion"},{"floor":41,"key":"EssenceOfSteel"},{"floor":42,"key":"FairyPotion"},{"floor":46,"key":"FearPotion"},{"floor":48,"key":"Regen Potion"}],"is_trial":false,"path_per_floor":["M","M","M","$","M","E","M","?","T","?","?","$","M","M","R","B",null,"M","$","M","?","M","E","R","$","T","R","M","T","M","E","R","B",null,"M","M","?","$","M","R","M","M","T","M","?","M","?","M","R","B"],"character_chosen":"THE_SILENT","items_purchased":["Backstab","Bronze Scales","Dodge and Roll+1","Caltrops"],"campfire_rested":5,"item_purchase_floors":[4,12,38,38],"current_hp_per_floor":[70,70,70,70,70,61,54,43,43,27,48,48,48,48,73,46,84,83,83,79,79,78,66,66,66,66,84,75,75,67,40,65,4,84,51,43,43,43,8,33,33,23,23,16,37,33,33,33,58,0],"gold":8,"neow_bonus":"BOSS_RELIC","is_prod":false,"is_daily":false,"chose_seed":false,"campfire_upgraded":1,"win_rate":0,"timestamp":1568809877,"path_taken":["M","M","M","$","M","E","M","?","T","?","?","$","M","M","R","BOSS","M","$","M","?","M","E","R","$","T","R","?","?","M","E","R","BOSS","M","M","?","$","M","R","M","M","T","?","?","M","?","M","R","BOSS"],"build_version":"2019-07-17","purchased_purges":1,"victory":false,"max_hp_per_floor":[70,70,70,70,70,84,84,84,84,84,84,84,84,84,84,84,84,84,84,84,84,84,84,84,84,84,84,84,84,84,84,84,84,84,84,84,84,84,84,84,84,84,84,84,84,84,84,84,84,84],"card_choices":[{"not_picked":["Endless Agony","Flying Knee"],"picked":"Adrenaline","floor":0},{"not_picked":["Bane","Poisoned Stab"],"picked":"Deadly Poison","floor":0},{"not_picked":["Infinite Blades","Distraction"],"picked":"Deflect","floor":0},{"not_picked":["Blade Dance","Underhanded Strike"],"picked":"Poisoned Stab","floor":0},{"not_picked":["Flying Knee","Distraction"],"picked":"Backflip","floor":0},{"not_picked":["Dodge and Roll","Acrobatics","Flying Knee"],"picked":"SKIP","floor":1},{"not_picked":["Deadly Poison","Flying Knee"],"picked":"Dagger Spray","floor":2},{"not_picked":["Riddle With Holes","Choke","Dagger Throw"],"picked":"SKIP","floor":3},{"not_picked":["Underhanded Strike","Well Laid Plans"],"picked":"Accuracy","floor":5},{"not_picked":["Deflect","Escape Plan","Bouncing Flask"],"picked":"SKIP","floor":6},{"not_picked":["Cloak And Dagger","Adrenaline","Backflip"],"picked":"SKIP","floor":7},{"not_picked":["Prepared","Slice","Dagger Spray"],"picked":"SKIP","floor":13},{"not_picked":["Leg Sweep","Deflect"],"picked":"Cloak And Dagger","floor":14},{"not_picked":["Glass Knife","Bullet Time"],"picked":"Envenom","floor":16},{"not_picked":["Dodge and Roll","PiercingWail","Flechettes"],"picked":"SKIP","floor":18},{"not_picked":["Dodge and Roll","Poisoned Stab"],"picked":"Riddle With Holes+1","floor":20},{"not_picked":["Deflect","Die Die Die"],"picked":"Blade Dance+1","floor":22},{"not_picked":["Bane","Underhanded Strike","PiercingWail"],"picked":"SKIP","floor":23},{"not_picked":["Masterful Stab","Skewer+1","Sucker Punch"],"picked":"SKIP","floor":28},{"not_picked":["Escape Plan+1","Flying Knee+1","PiercingWail+1"],"picked":"SKIP","floor":30},{"not_picked":["Doppelganger+1","Blur+1"],"picked":"Catalyst+1","floor":31},{"not_picked":["Envenom","After Image"],"picked":"Adrenaline+1","floor":33},{"not_picked":["Flying Knee+1"],"picked":"SKIP","floor":35},{"not_picked":["Underhanded Strike"],"picked":"SKIP","floor":36},{"not_picked":["Prepared+1"],"picked":"SKIP","floor":39},{"not_picked":["Flying Knee+1"],"picked":"SKIP","floor":41},{"not_picked":["Well Laid Plans"],"picked":"SKIP","floor":42},{"not_picked":["Backstab+1"],"picked":"SKIP","floor":44},{"not_picked":["Well Laid Plans"],"picked":"SKIP","floor":46},{"not_picked":[],"picked":"Secret Weapon+1","floor":47},{"not_picked":["Dagger Throw+1"],"picked":"SKIP","floor":48}],"player_experience":75007,"relics_obtained":[{"floor":6,"key":"Mango"},{"floor":8,"key":"Odd Mushroom"},{"floor":9,"key":"Oddly Smooth Stone"},{"floor":10,"key":"Bag of Marbles"},{"floor":23,"key":"Potion Belt"},{"floor":26,"key":"Toxic Egg 2"},{"floor":29,"key":"Pantograph"},{"floor":31,"key":"Happy Flower"},{"floor":43,"key":"Centennial Puzzle"}],"event_choices":[{"damage_healed":0,"gold_gain":0,"player_choice":"Fought Mushrooms","damage_taken":0,"max_hp_gain":0,"max_hp_loss":0,"event_name":"Mushrooms","floor":8,"gold_loss":0},{"damage_healed":0,"gold_gain":0,"player_choice":"Searched \u00271\u0027 times","damage_taken":0,"max_hp_gain":0,"max_hp_loss":0,"event_name":"Dead Adventurer","floor":10,"gold_loss":0},{"damage_healed":21,"gold_gain":0,"player_choice":"Healed","damage_taken":0,"max_hp_gain":0,"max_hp_loss":0,"event_name":"The Cleric","floor":11,"gold_loss":35},{"damage_healed":0,"gold_gain":0,"player_choice":"Ignored","damage_taken":0,"max_hp_gain":0,"max_hp_loss":0,"event_name":"NoteForYourself","floor":21,"gold_loss":0},{"cards_removed":["Strike_G"],"damage_healed":0,"gold_gain":0,"player_choice":"Purged","damage_taken":0,"max_hp_gain":0,"max_hp_loss":0,"event_name":"Purifier","floor":37,"gold_loss":0},{"damage_healed":21,"gold_gain":0,"player_choice":"Writhe","damage_taken":0,"max_hp_gain":0,"max_hp_loss":0,"event_name":"Winding Halls","floor":45,"gold_loss":0,"cards_obtained":["Writhe"]},{"damage_healed":0,"gold_gain":0,"player_choice":"Memory 1","damage_taken":0,"max_hp_gain":0,"max_hp_loss":0,"event_name":"SensoryStone","floor":47,"gold_loss":0}],"is_beta":false,"boss_relics":[{"not_picked":["Calling Bell","Cursed Key"],"picked":"Ectoplasm"},{"not_picked":["Philosopher\u0027s Stone","Eternal Feather"],"picked":"Busted Crown"}],"items_purged_floors":[19],"is_endless":false,"potions_floor_spawned":[2,5,6,7,8,20,22,23,31,33,41,42,46,48],"killed_by":"Donu and Deca","ascension_level":0}