{"gold_per_floor":[112,26,101,101,101,101,153,153,153,153,164,190,207,4,4,83,83,95,295,305,355,373,399,399,419,443,443,443,443,461,493,493,569,619,635,635,469,483,483,483,517,417,417,417,448,448,476,491,491,491,491,491,491,78,110,110],"floor_reached":57,"playtime":2418,"items_purged":["Strike_G","Trip","Jack Of All Trades+1"],"score":3414,"play_id":"7ffb1b69-e3ae-4113-b279-be5e7d348c24","local_time":"20190812074939","is_ascension_mode":true,"campfire_choices":[{"data":"Jack Of All Trades","floor":6.0,"key":"SMITH"},{"data":"Well Laid Plans","floor":15.0,"key":"SMITH"},{"data":"Calculated Gamble","floor":24.0,"key":"SMITH"},{"data":"Reflex","floor":27.0,"key":"SMITH"},{"data":"Tactician","floor":32.0,"key":"SMITH"},{"data":"Acrobatics","floor":40.0,"key":"SMITH"},{"data":"Acrobatics","floor":44.0,"key":"SMITH"},{"floor":49.0,"key":"RECALL"},{"data":"Calculated Gamble","floor":53.0,"key":"SMITH"}],"neow_cost":"PERCENT_DAMAGE","seed_source_timestamp":500240730316121,"circlet_count":0,"master_deck":["AscendersBane","Survivor+1","Neutralize","Acrobatics","Well Laid Plans+1","Escape Plan","Calculated Gamble+1","After Image","Tactician+1","Reflex+1","Finisher","Tactician+1","Calculated Gamble+1","Heel Hook","Die Die Die","A Thousand Cuts","Burst","Footwork","Ghostly","Ghostly+1","Ghostly","Acrobatics+1","Escape Plan+1","Acrobatics+1","Prepared+1"],"special_seed":0,"relics":["Ring of the Snake","Shuriken","Pear","Pantograph","Mummified Hand","Bronze Scales","Pandora\u0027s Box","Ninja Scroll","Ancient Tea Set","Tiny House","War Paint","Blood Vial","Art of War","Sundial","Kunai","Happy Flower"],"potions_floor_usage":[56],"damage_taken":[{"damage":0.0,"enemies":"Small Slimes","floor":1.0,"turns":5.0},{"damage":10.0,"enemies":"Lagavulin","floor":7.0,"turns":7.0},{"damage":0.0,"enemies":"2 Louse","floor":11.0,"turns":3.0},{"damage":14.0,"enemies":"3 Sentries","floor":12.0,"turns":12.0},{"damage":1.0,"enemies":"Cultist","floor":13.0,"turns":3.0},{"damage":9.0,"enemies":"The Guardian","floor":16.0,"turns":13.0},{"damage":0.0,"enemies":"Shell Parasite","floor":18.0,"turns":2.0},{"damage":4.0,"enemies":"3 Byrds","floor":20.0,"turns":2.0},{"damage":18.0,"enemies":"Sentry and Sphere","floor":22.0,"turns":5.0},{"damage":15.0,"enemies":"Book of Stabbing","floor":23.0,"turns":4.0},{"damage":0.0,"enemies":"Centurion and Healer","floor":25.0,"turns":2.0},{"damage":0.0,"enemies":"Snecko","floor":30.0,"turns":3.0},{"damage":0.0,"enemies":"Gremlin Leader","floor":31.0,"turns":3.0},{"damage":0.0,"enemies":"Collector","floor":33.0,"turns":3.0},{"damage":0.0,"enemies":"3 Darklings","floor":35.0,"turns":2.0},{"damage":2.0,"enemies":"3 Shapes","floor":38.0,"turns":5.0},{"damage":3.0,"enemies":"Reptomancer","floor":41.0,"turns":4.0},{"damage":0.0,"enemies":"Nemesis","floor":45.0,"turns":1.0},{"damage":0.0,"enemies":"Giant Head","floor":47.0,"turns":3.0},{"damage":0.0,"enemies":"Spire Growth","floor":48.0,"turns":2.0},{"damage":0.0,"enemies":"Donu and Deca","floor":50.0,"turns":1.0},{"damage":0.0,"enemies":"Awakened One","floor":51.0,"turns":2.0},{"damage":0,"enemies":"Shield and Spear","floor":55,"turns":1},{"damage":6,"enemies":"The Heart","floor":56,"turns":4}],"seed_played":"-8410973119117530692","potions_obtained":[{"floor":1.0,"key":"LiquidBronze"},{"floor":7.0,"key":"SpeedPotion"},{"floor":18.0,"key":"LiquidBronze"},{"floor":22.0,"key":"Dexterity Potion"},{"floor":23.0,"key":"AttackPotion"},{"floor":25.0,"key":"LiquidBronze"},{"floor":45.0,"key":"EssenceOfSteel"}],"is_trial":false,"path_per_floor":["M","$","?","?","?","R","E","?","T","T","M","E","M","$","R","B",null,"M","?","M","?","M","E","R","M","T","R","$","?","M","E","R","B",null,"M","?","$","M","?","R","E","$","T","R","E","?","E","M","R","B","B",null,"R","$","E","B",null],"character_chosen":"THE_SILENT","items_purchased":["Well Laid Plans","Calculated Gamble","Fire Potion","War Paint","Kunai"],"campfire_rested":0,"item_purchase_floors":[2,14,14,37,54],"current_hp_per_floor":[44,44,33,55,44,44,44,44,44,44,44,30,29,29,29,45,68,68,68,64,64,46,31,31,31,31,31,31,31,31,31,31,38,43,43,41,41,39,39,39,36,36,36,36,38,38,40,41,41,41,41,41,41,41,41,35],"gold":110,"neow_bonus":"RANDOM_COLORLESS_2","is_prod":false,"is_daily":false,"chose_seed":false,"campfire_upgraded":8,"win_rate":0,"timestamp":1565563779,"path_taken":["M","$","?","?","?","R","E","?","T","?","?","E","M","$","R","BOSS","M","?","?","?","M","E","R","M","T","R","$","?","M","E","R","BOSS","M","?","$","M","?","R","E","$","T","R","E","?","E","?","R","BOSS","BOSS","R","$","E","BOSS"],"build_version":"2019-07-17","purchased_purges":3,"victory":true,"max_hp_per_floor":[66,66,66,66,66,66,76,76,76,76,76,76,76,76,76,76,76,76,76,76,76,76,76,76,76,76,76,76,38,38,38,38,38,43,43,41,41,41,41,41,41,41,41,41,41,41,41,41,41,41,41,41,41,41,41,41],"card_choices":[{"not_picked":["PiercingWail","Slice"],"picked":"Acrobatics","floor":1.0},{"not_picked":["Underhanded Strike","Poisoned Stab","Eviscerate"],"picked":"SKIP","floor":7.0},{"not_picked":["Underhanded Strike","Poisoned Stab","Eviscerate"],"picked":"SKIP","floor":7.0},{"not_picked":["Concentrate","Deflect","Underhanded Strike"],"picked":"SKIP","floor":11.0},{"not_picked":["Phantasmal Killer","Choke","Riddle With Holes"],"picked":"SKIP","floor":12.0},{"not_picked":["Phantasmal Killer","Choke","Riddle With Holes"],"picked":"SKIP","floor":12.0},{"not_picked":["Sucker Punch","Dagger Throw"],"picked":"Escape Plan","floor":13.0},{"not_picked":["A Thousand Cuts","Venomology"],"picked":"After Image","floor":16.0},{"not_picked":["Outmaneuver","Bane+1","Poisoned Stab"],"picked":"SKIP","floor":18.0},{"not_picked":["Prepared","Quick Slash","Dagger Throw"],"picked":"SKIP","floor":20.0},{"not_picked":["Dagger Throw+1","Underhanded Strike","Concentrate"],"picked":"SKIP","floor":22.0},{"not_picked":["Eviscerate","Poisoned Stab"],"picked":"Burst","floor":23.0},{"not_picked":["Dash","Footwork","Sucker Punch"],"picked":"SKIP","floor":25.0},{"not_picked":["Dash","Sucker Punch"],"picked":"Footwork","floor":25.0},{"not_picked":["Noxious Fumes+1","Poisoned Stab"],"picked":"Acrobatics","floor":30.0},{"not_picked":["Deadly Poison","A Thousand Cuts","Caltrops"],"picked":"SKIP","floor":31.0},{"not_picked":["Deadly Poison","Bouncing Flask"],"picked":"Escape Plan+1","floor":35.0},{"not_picked":["Setup","Acrobatics","Caltrops"],"picked":"SKIP","floor":38.0},{"not_picked":["Setup","Caltrops"],"picked":"Acrobatics","floor":38.0},{"not_picked":["Flying Knee","Backstab","PiercingWail"],"picked":"SKIP","floor":41.0},{"not_picked":["Flying Knee","Backstab","PiercingWail"],"picked":"SKIP","floor":41.0},{"not_picked":["Distraction","Terror","Outmaneuver"],"picked":"SKIP","floor":45.0},{"not_picked":["Tactician","Outmaneuver+1","Flying Knee"],"picked":"SKIP","floor":47.0},{"not_picked":["Distraction+1","Masterful Stab"],"picked":"Prepared+1","floor":48.0},{"not_picked":["Choke+1","Masterful Stab","Flying Knee"],"picked":"SKIP","floor":55}],"player_experience":859581,"relics_obtained":[{"floor":7.0,"key":"Pear"},{"floor":9.0,"key":"Pantograph"},{"floor":10.0,"key":"Mummified Hand"},{"floor":12.0,"key":"Bronze Scales"},{"floor":23.0,"key":"Ninja Scroll"},{"floor":31.0,"key":"Ancient Tea Set"},{"floor":41.0,"key":"Blood Vial"},{"floor":45.0,"key":"Art of War"},{"floor":47.0,"key":"Sundial"},{"floor":55,"key":"Happy Flower"}],"event_choices":[{"damage_healed":0.0,"max_hp_gain":0.0,"max_hp_loss":0.0,"gold_gain":75.0,"event_name":"World of Goop","player_choice":"Gather Gold","floor":3.0,"gold_loss":0.0,"damage_taken":11.0},{"damage_healed":22.0,"max_hp_gain":0.0,"max_hp_loss":0.0,"gold_gain":0.0,"event_name":"Big Fish","player_choice":"Banana","floor":4.0,"gold_loss":0.0,"damage_taken":0.0},{"damage_healed":0.0,"max_hp_gain":0.0,"max_hp_loss":0.0,"gold_gain":0.0,"event_name":"Scrap Ooze","player_choice":"Success","floor":5.0,"gold_loss":0.0,"damage_taken":11.0,"relics_obtained":["Shuriken"]},{"cards_removed":["Strike_G"],"damage_healed":0.0,"max_hp_gain":0.0,"max_hp_loss":0.0,"gold_gain":0.0,"event_name":"Living Wall","player_choice":"Forget","floor":8.0,"gold_loss":0.0,"damage_taken":0.0},{"damage_healed":0.0,"max_hp_gain":0.0,"max_hp_loss":0.0,"gold_gain":200.0,"event_name":"Wheel of Change","player_choice":"Gold","floor":19.0,"gold_loss":0.0,"damage_taken":0.0},{"damage_healed":0.0,"max_hp_gain":0.0,"max_hp_loss":0.0,"gold_gain":50.0,"event_name":"Nest","player_choice":"Stole From Cult","floor":21.0,"gold_loss":0.0,"damage_taken":0.0},{"damage_healed":0.0,"max_hp_gain":0.0,"max_hp_loss":38.0,"gold_gain":0.0,"event_name":"Ghosts","player_choice":"Became a Ghost","floor":29.0,"gold_loss":0.0,"damage_taken":0.0,"cards_obtained":["Ghostly","Ghostly","Ghostly"]},{"damage_healed":0.0,"max_hp_gain":0.0,"max_hp_loss":2.0,"gold_gain":0.0,"event_name":"Winding Halls","player_choice":"Max HP","floor":36.0,"gold_loss":0.0,"damage_taken":0.0},{"damage_healed":0.0,"max_hp_gain":0.0,"max_hp_loss":0.0,"gold_gain":0.0,"event_name":"Tomb of Lord Red Mask","player_choice":"Ignored","floor":39.0,"gold_loss":0.0,"damage_taken":0.0},{"damage_healed":0.0,"max_hp_gain":0.0,"max_hp_loss":0.0,"gold_gain":0.0,"event_name":"SecretPortal","player_choice":"Ignored","floor":46.0,"gold_loss":0.0,"damage_taken":0.0}],"is_beta":false,"boss_relics":[{"not_picked":["Astrolabe","Snecko Eye"],"picked":"Pandora\u0027s Box"},{"not_picked":["Calling Bell","Busted Crown"],"picked":"Tiny House"}],"items_purged_floors":[14,42,54],"is_endless":false,"potions_floor_spawned":[1,7,11,18,22,23,25,45,48],"ascension_level":20}