{"gold_per_floor":[118,133,149,14,14,14,41,41,41,41,51,64,64,64,64,142,142,157,175,175,175,175],"floor_reached":22,"playtime":1079,"items_purged":[],"score":359,"play_id":"0e10ce6c-c071-4afa-8880-1e118b8202cb","local_time":"20190209042846","is_ascension_mode":true,"campfire_choices":[{"data":"Defragment","floor":6.0,"key":"SMITH"},{"data":"Zap","floor":8.0,"key":"SMITH"},{"data":"Dualcast","floor":13,"key":"SMITH"},{"data":"Cold Snap","floor":15,"key":"SMITH"}],"neow_cost":"NONE","seed_source_timestamp":248475132917613,"circlet_count":0,"master_deck":["AscendersBane","Strike_B","Strike_B","Strike_B","Strike_B","Defend_B","Defend_B","Defend_B","Defend_B","Zap+1","Dualcast+1","Leap","Conserve Battery","Reinforced Body+1","Defragment+1","Sweeping Beam+1","Cold Snap+1","Echo Form","Coolheaded+1"],"special_seed":0,"relics":["Cracked Core","Prayer Wheel","Inserter","Nloth\u0027s Gift"],"potions_floor_usage":[22],"damage_taken":[{"damage":1.0,"enemies":"2 Louse","floor":1.0,"turns":2.0},{"damage":2.0,"enemies":"Jaw Worm","floor":2.0,"turns":4.0},{"damage":2.0,"enemies":"Small Slimes","floor":3.0,"turns":3.0},{"damage":28.0,"enemies":"3 Sentries","floor":7.0,"turns":8.0},{"damage":12,"enemies":"Exordium Thugs","floor":11,"turns":5},{"damage":0,"enemies":"Exordium Wildlife","floor":12,"turns":2},{"damage":2,"enemies":"The Guardian","floor":16,"turns":14},{"damage":16,"enemies":"Spheric Guardian","floor":18,"turns":6},{"damage":40,"enemies":"2 Thieves","floor":19,"turns":4},{"damage":9,"enemies":"Snake Plant","floor":22,"turns":2}],"seed_played":"-3075282894621548975","potions_obtained":[{"floor":2.0,"key":"Weak Potion"},{"floor":3.0,"key":"LiquidBronze"},{"floor":16,"key":"Strength Potion"}],"is_trial":false,"path_per_floor":["M","M","M","$","?","R","E","R","T","?","M","M","R","?","R","B",null,"M","M","?","?","M"],"character_chosen":"DEFECT","items_purchased":["Defragment","Sweeping Beam"],"campfire_rested":0,"item_purchase_floors":[4,4],"current_hp_per_floor":[70,68,66,66,66,66,38,38,38,38,26,26,26,26,26,24,65,49,9,9,9,0],"gold":175,"neow_bonus":"TEN_PERCENT_HP_BONUS","is_prod":false,"is_daily":false,"chose_seed":false,"campfire_upgraded":4,"win_rate":0,"timestamp":1549682926,"path_taken":["M","M","M","$","?","R","E","R","T","?","M","M","R","?","R","BOSS","M","M","?","?","?"],"build_version":"2019-01-17v2","purchased_purges":0,"victory":false,"max_hp_per_floor":[78,78,78,78,78,78,78,78,78,78,78,78,78,78,78,78,78,78,78,78,78,78],"card_choices":[{"not_picked":["Redo","Skim"],"picked":"Leap","floor":1.0},{"not_picked":["Steam Power","Turbo"],"picked":"Conserve Battery","floor":2.0},{"not_picked":["FTL","Stack"],"picked":"Reinforced Body","floor":3.0},{"not_picked":["Beam Cell","Sunder","Scrape"],"picked":"SKIP","floor":7.0},{"not_picked":["Hyperbeam","Beam Cell"],"picked":"Cold Snap","floor":11},{"not_picked":["Steam","Sweeping Beam","Reprogram"],"picked":"SKIP","floor":11},{"not_picked":["Leap","Sweeping Beam","Beam Cell"],"picked":"SKIP","floor":12},{"not_picked":["Sweeping Beam","Rebound","Tempest"],"picked":"SKIP","floor":12},{"not_picked":["Thunder Strike","Rainbow"],"picked":"Echo Form","floor":16},{"not_picked":["Cold Snap","Rip and Tear+1","Gash"],"picked":"SKIP","floor":18},{"not_picked":["Heatsinks","Streamline","BootSequence"],"picked":"SKIP","floor":18},{"not_picked":["Gash","Hologram"],"picked":"Coolheaded+1","floor":19},{"not_picked":["Conserve Battery","Beam Cell","Undo"],"picked":"SKIP","floor":19}],"player_experience":1278345,"relics_obtained":[{"floor":7.0,"key":"Prayer Wheel"},{"floor":9.0,"key":"Ornamental Fan"}],"event_choices":[{"damage_healed":0.0,"max_hp_gain":0.0,"max_hp_loss":0.0,"gold_gain":0.0,"event_name":"Shining Light","player_choice":"Ignored","floor":5.0,"gold_loss":0.0,"damage_taken":0.0},{"damage_healed":0.0,"max_hp_gain":0.0,"max_hp_loss":0.0,"gold_gain":0.0,"event_name":"Living Wall","player_choice":"Grow","floor":10.0,"gold_loss":0.0,"damage_taken":0.0,"cards_upgraded":["Sweeping Beam"]},{"damage_healed":0,"gold_gain":0,"player_choice":"Forge","damage_taken":0,"max_hp_gain":0,"max_hp_loss":0,"event_name":"Accursed Blacksmith","floor":14,"gold_loss":0,"cards_upgraded":["Reinforced Body"]},{"damage_healed":0,"gold_gain":0,"player_choice":"Ignored","damage_taken":0,"max_hp_gain":0,"max_hp_loss":0,"event_name":"Ghosts","floor":20,"gold_loss":0},{"damage_healed":0,"gold_gain":0,"player_choice":"Traded Relic","damage_taken":0,"relics_obtained":["Nloth\u0027s Gift"],"max_hp_gain":0,"max_hp_loss":0,"event_name":"N\u0027loth","floor":21,"relics_lost":["Ornamental Fan"],"gold_loss":0}],"is_beta":false,"boss_relics":[{"not_picked":["Empty Cage","Cursed Key"],"picked":"Inserter"}],"items_purged_floors":[],"is_endless":false,"potions_floor_spawned":[2,3,7,16,18],"killed_by":"Snake Plant","ascension_level":19}