{"path_per_floor":["M","$","M","M","M","R","?","E","T","$","M","R","E","?","R","B",null,"M","?","M","$","?","E","R","$","T","M","?","E","R","M","R","B",null,"M","M","M","$","M","E","T","R","T","M","R","E","R","M","R","B"],"character_chosen":"DEFECT","items_purchased":["Defragment","Chill","Fire Potion","Defragment","Mummified Hand","Defragment"],"gold_per_floor":[369,294,308,321,336,336,336,377,432,173,187,187,218,218,218,342,342,360,275,298,96,246,286,286,29,29,49,49,90,90,115,115,245,245,268,283,296,74,94,127,154,154,154,167,167,208,208,227,227,227],"floor_reached":51,"campfire_rested":3,"playtime":2402,"item_purchase_floors":[10,10,10,21,25,38],"current_hp_per_floor":[68,68,66,56,36,36,36,19,19,19,19,19,17,11,29,29,55,54,54,52,52,52,24,24,24,24,22,22,22,22,11,11,37,57,59,61,63,63,55,56,56,56,56,33,54,56,56,38,58,42],"items_purged":["Strike_B","Strike_B","Strike_B","Strike_B"],"gold":227,"score":1268,"play_id":"a918a077-bcee-4a72-9c30-8414d2ca3584","local_time":"20180610151526","is_prod":false,"is_daily":false,"chose_seed":false,"is_ascension_mode":true,"campfire_upgraded":7,"win_rate":0,"timestamp":1528636526,"campfire_choices":[{"data":"Defragment","floor":6,"key":"SMITH"},{"data":"Defragment","floor":12,"key":"SMITH"},{"floor":15,"key":"REST"},{"data":"Defragment","floor":24,"key":"SMITH"},{"data":"Defragment","floor":30,"key":"SMITH"},{"data":"Zap","floor":32,"key":"SMITH"},{"data":"Defragment","floor":42,"key":"SMITH"},{"floor":45,"key":"REST"},{"data":"Barrage","floor":47,"key":"SMITH"},{"floor":49,"key":"REST"}],"path_taken":["M","$","M","M","M","R","?","E","T","$","M","R","E","?","R","BOSS","M","?","M","$","?","E","R","?","T","?","?","E","R","M","R","BOSS","M","M","M","$","?","E","?","R","T","M","R","E","R","M","R","BOSS"],"build_version":"2018-06-07v3","seed_source_timestamp":58285801559478,"purchased_purges":4,"victory":true,"master_deck":["Defend_B","Defend_B","Defend_B","Defend_B","Zap+1","Dualcast","AscendersBane","Defragment+1","Ball Lightning","Compile Driver","Cold Snap","Glacier","Defragment+1","Chill","Amplify","Sweeping Beam","Defragment+1","Barrage+1","Defragment+1","Coolheaded+1","Barrage+1","Coolheaded+1","Defragment+1","Loop","Capacitor"],"max_hp_per_floor":[68,68,68,68,68,68,63,63,63,63,63,63,63,63,63,63,63,63,63,63,63,63,63,63,63,63,63,63,63,63,63,63,63,63,63,63,63,63,63,63,63,63,63,65,67,67,67,69,69,69],"relics":["Cracked Core","Golden Idol","Blood Vial","Tiny Chest","Lantern","Inserter","Ancient Tea Set","Dream Catcher","Mummified Hand","Pantograph","Anchor","Velvet Choker","Question Card","Singing Bowl","Omamori","Bag of Preparation"],"card_choices":[{"not_picked":["Gash","Skim"],"picked":"Defragment","floor":1},{"not_picked":["Steam Power","Darkness"],"picked":"Ball Lightning","floor":3},{"not_picked":["Turbo","Melter"],"picked":"Compile Driver","floor":4},{"not_picked":["Ball Lightning","Coolheaded"],"picked":"Cold Snap","floor":5},{"not_picked":["Aggregate","Undo"],"picked":"Glacier","floor":8},{"not_picked":["Hologram","Steam","Redo"],"picked":"SKIP","floor":11},{"not_picked":["Aggregate","Chaos","Hyperbeam"],"picked":"SKIP","floor":13},{"not_picked":["Thunder Strike","Rainbow"],"picked":"Amplify","floor":16},{"not_picked":["Steam+1","Heatsinks","Beam Cell"],"picked":"SKIP","floor":18},{"not_picked":["Glacier","Heatsinks"],"picked":"Sweeping Beam","floor":20},{"not_picked":["Compile Driver","Cold Snap"],"picked":"Barrage+1","floor":23},{"not_picked":["Coolheaded","Gash"],"picked":"Defragment","floor":27},{"not_picked":["Sweeping Beam","Fission","Doom and Gloom"],"picked":"SKIP","floor":29},{"not_picked":["Sweeping Beam","Fission","Doom and Gloom"],"picked":"SKIP","floor":29},{"not_picked":["Turbo","Steam"],"picked":"Coolheaded+1","floor":31},{"not_picked":["Undo","Ball Lightning"],"picked":"Barrage","floor":35},{"not_picked":["Consume","Tempest"],"picked":"Coolheaded+1","floor":36},{"not_picked":["Reprogram+1","Stack","Redo"],"picked":"SKIP","floor":37},{"not_picked":["Tempest","Beam Cell","Chill"],"picked":"SKIP","floor":39},{"not_picked":["Leap","Streamline","Chaos"],"picked":"SKIP","floor":40},{"not_picked":["Recycle+1","Scrape","Gash+1","Conserve Battery"],"picked":"Singing Bowl","floor":44},{"not_picked":["Cold Snap","Conserve Battery","Recycle","Gash"],"picked":"Singing Bowl","floor":45},{"not_picked":["Rainbow","Compile Driver","Streamline"],"picked":"Loop","floor":46},{"not_picked":["Loop+1","Ball Lightning","Conserve Battery","Leap"],"picked":"Singing Bowl","floor":48},{"not_picked":["Static Discharge+1","Go for the Eyes+1","Rebound"],"picked":"Capacitor","floor":49}],"player_experience":853675,"potions_floor_usage":[13,33,48],"damage_taken":[{"damage":0,"enemies":"Small Slimes","floor":1,"turns":3},{"damage":2,"enemies":"Jaw Worm","floor":3,"turns":3},{"damage":10,"enemies":"2 Louse","floor":4,"turns":3},{"damage":20,"enemies":"Gremlin Gang","floor":5,"turns":4},{"damage":17,"enemies":"3 Sentries","floor":8,"turns":6},{"damage":2,"enemies":"2 Fungi Beasts","floor":11,"turns":3},{"damage":4,"enemies":"Gremlin Nob","floor":13,"turns":4},{"damage":2,"enemies":"Slime Boss","floor":16,"turns":10},{"damage":3,"enemies":"3 Byrds","floor":18,"turns":6},{"damage":4,"enemies":"Spheric Guardian","floor":20,"turns":4},{"damage":30,"enemies":"Slavers","floor":23,"turns":8},{"damage":4,"enemies":"Centurion and Healer","floor":27,"turns":5},{"damage":2,"enemies":"Book of Stabbing","floor":29,"turns":7},{"damage":13,"enemies":"Snake Plant","floor":31,"turns":4},{"damage":1,"enemies":"Collector","floor":33,"turns":8},{"damage":0,"enemies":"Orb Walker","floor":35,"turns":4},{"damage":0,"enemies":"3 Darklings","floor":36,"turns":6},{"damage":0,"enemies":"Maw","floor":37,"turns":6},{"damage":8,"enemies":"4 Shapes","floor":39,"turns":9},{"damage":1,"enemies":"Giant Head","floor":40,"turns":9},{"damage":27,"enemies":"Sphere and 2 Shapes","floor":44,"turns":6},{"damage":0,"enemies":"2 Orb Walkers","floor":46,"turns":6},{"damage":22,"enemies":"3 Darklings","floor":48,"turns":5},{"damage":27,"enemies":"Awakened One","floor":50,"turns":10}],"relics_obtained":[{"floor":8,"key":"Blood Vial"},{"floor":9,"key":"Tiny Chest"},{"floor":13,"key":"Lantern"},{"floor":23,"key":"Dream Catcher"},{"floor":26,"key":"Pantograph"},{"floor":29,"key":"Anchor"},{"floor":40,"key":"Question Card"},{"floor":41,"key":"Singing Bowl"},{"floor":43,"key":"Omamori"},{"floor":46,"key":"Bag of Preparation"}],"event_choices":[{"event_name":"Golden Idol","player_choice":"Lose Max HP","floor":7,"damage_taken":0},{"event_name":"Wheel of Change","player_choice":"Damage","floor":14,"damage_taken":0},{"event_name":"Addict","player_choice":"Obtained Relic","floor":19,"damage_taken":0},{"event_name":"Nest","player_choice":"Stole From Cult","floor":22,"damage_taken":0},{"event_name":"Vampires","player_choice":"Ignored","floor":28,"damage_taken":0}],"boss_relics":[{"not_picked":["Cursed Key","Calling Bell"],"picked":"Inserter"},{"not_picked":["Pandora\u0027s Box","Nuclear Battery"],"picked":"Velvet Choker"}],"items_purged_floors":[2,10,21,38],"potions_floor_spawned":[3,5,16,18,23,31,33,35,39,40,46],"seed_played":"7185519996679018985","ascension_level":12,"potions_obtained":[{"floor":3,"key":"Weak Potion"},{"floor":5,"key":"Weak Potion"},{"floor":16,"key":"AttackPotion"},{"floor":31,"key":"PowerPotion"},{"floor":33,"key":"Swift Potion"}],"is_trial":false}