{"gold_per_floor":[117,133,146,157,171,171,200,200,200,216,230,263,53,64,64,160,160,179,179,199,199,9,9,9,24,51,82,101,101,114,13,13,13],"floor_reached":33,"playtime":3581,"items_purged":["Strike_R"],"score":281,"play_id":"72569bd8-99cc-47f0-a037-2392ef6b25b3","local_time":"20190805124657","is_ascension_mode":false,"campfire_choices":[{"data":"Flex","floor":6.0,"key":"SMITH"},{"floor":8.0,"key":"REST"},{"floor":15.0,"key":"REST"},{"floor":23,"key":"REST"},{"floor":32,"key":"REST"}],"neow_cost":"NONE","seed_source_timestamp":0,"circlet_count":0,"master_deck":["Strike_R","Strike_R","Defend_R","Defend_R","Defend_R","Bash","Flex+1","Metallicize","Heavy Blade","Thunderclap","Spot Weakness","Disarm","Metallicize","Ghostly Armor","Heavy Blade","Flex","Enlightenment","Flame Barrier","Shrug It Off","Limit Break","Flex+1","Juggernaut+1","Power Through+1","Armaments+1","Rage","Good Instincts","Bandage Up","Caltrops","Noxious Fumes","Armaments"],"special_seed":0,"relics":["Burning Blood","Blood Vial","Oddly Smooth Stone","Potion Belt","Astrolabe","PrismaticShard","Omamori","Blue Candle"],"potions_floor_usage":[25,27,33],"damage_taken":[{"damage":0.0,"enemies":"2 Louse","floor":1.0,"turns":2.0},{"damage":0.0,"enemies":"Small Slimes","floor":2.0,"turns":3.0},{"damage":5.0,"enemies":"Jaw Worm","floor":3.0,"turns":4.0},{"damage":9.0,"enemies":"Looter","floor":4.0,"turns":3.0},{"damage":21.0,"enemies":"Exordium Thugs","floor":5.0,"turns":6.0},{"damage":28.0,"enemies":"Gremlin Nob","floor":7.0,"turns":5.0},{"damage":11.0,"enemies":"Blue Slaver","floor":10.0,"turns":4.0},{"damage":13.0,"enemies":"3 Louse","floor":11.0,"turns":3.0},{"damage":17.0,"enemies":"Lagavulin","floor":12.0,"turns":7.0},{"damage":10.0,"enemies":"Looter","floor":14.0,"turns":4.0},{"damage":51.0,"enemies":"The Guardian","floor":16.0,"turns":16.0},{"damage":27.0,"enemies":"Shell Parasite","floor":18.0,"turns":7.0},{"damage":32,"enemies":"3 Byrds","floor":20,"turns":10},{"damage":14,"enemies":"Centurion and Healer","floor":25,"turns":16},{"damage":22,"enemies":"Book of Stabbing","floor":27,"turns":8},{"damage":15,"enemies":"Shelled Parasite and Fungi","floor":28,"turns":7},{"damage":19,"enemies":"Snecko","floor":30,"turns":9},{"damage":79,"enemies":"Collector","floor":33,"turns":6}],"seed_played":"5111664621726647483","potions_obtained":[{"floor":1.0,"key":"Regen Potion"},{"floor":5.0,"key":"EssenceOfSteel"},{"floor":7.0,"key":"Block Potion"},{"floor":14.0,"key":"SpeedPotion"},{"floor":18.0,"key":"Energy Potion"},{"floor":27,"key":"Fire Potion"},{"floor":30,"key":"SpeedPotion"}],"is_trial":false,"path_per_floor":["M","M","M","M","M","R","E","R","T","M","M","E","$","M","R","B",null,"M","?","M","?","$","R","$","M","T","E","M","?","M","$","R","B"],"character_chosen":"IRONCLAD","items_purchased":["Flex","Enlightenment","Flame Barrier","PrismaticShard","Armaments"],"campfire_rested":4,"item_purchase_floors":[13,13,13,22,31],"current_hp_per_floor":[88,88,88,85,70,70,48,74,74,71,66,72,72,70,88,43,88,67,67,43,43,43,69,69,63,63,49,46,38,31,31,57,0],"gold":13,"neow_bonus":"TEN_PERCENT_HP_BONUS","is_prod":false,"is_daily":false,"chose_seed":false,"campfire_upgraded":1,"win_rate":0.0,"timestamp":1565034417,"path_taken":["M","M","M","M","M","R","E","R","T","M","M","E","$","M","R","BOSS","M","?","M","?","$","R","?","M","T","E","M","?","?","$","R","BOSS"],"build_version":"2019-07-17","purchased_purges":1,"victory":false,"max_hp_per_floor":[88,88,88,88,88,88,88,88,88,88,88,88,88,88,88,88,88,88,88,88,88,88,88,88,88,88,88,88,88,88,88,88,88],"card_choices":[{"not_picked":["Sentinel","Twin Strike"],"picked":"Flex","floor":1.0},{"not_picked":["Twin Strike","Power Through"],"picked":"Metallicize","floor":2.0},{"not_picked":["Blood for Blood","Searing Blow"],"picked":"Heavy Blade","floor":3.0},{"not_picked":["Sentinel","Reckless Charge"],"picked":"Thunderclap","floor":4.0},{"not_picked":["Heavy Blade","Wild Strike"],"picked":"Spot Weakness","floor":5.0},{"not_picked":["Wild Strike","Sever Soul"],"picked":"Disarm","floor":7.0},{"not_picked":["Whirlwind","Clothesline"],"picked":"Metallicize","floor":10.0},{"not_picked":["Dropkick","Entrench"],"picked":"Ghostly Armor","floor":11.0},{"not_picked":["Spot Weakness","Corruption"],"picked":"Heavy Blade","floor":12.0},{"not_picked":["Searing Blow","Inflame"],"picked":"Shrug It Off","floor":14.0},{"not_picked":["Dark Embrace","Offering"],"picked":"Limit Break","floor":16.0},{"not_picked":["Headbutt","Clothesline+1"],"picked":"Armaments+1","floor":18.0},{"not_picked":["Burning Pact","Shrug It Off"],"picked":"Rage","floor":20},{"not_picked":["Bane+1","Skim"],"picked":"Good Instincts","floor":25},{"not_picked":["All Out Attack","Madness"],"picked":"Bandage Up","floor":27},{"not_picked":["Conserve Battery","Enlightenment"],"picked":"Caltrops","floor":28},{"not_picked":["Reflex+1","Reckless Charge"],"picked":"Noxious Fumes","floor":30}],"player_experience":324161,"relics_obtained":[{"floor":7.0,"key":"Blood Vial"},{"floor":9.0,"key":"Oddly Smooth Stone"},{"floor":12.0,"key":"Potion Belt"},{"floor":26,"key":"Omamori"},{"floor":27,"key":"Blue Candle"}],"event_choices":[{"damage_healed":0,"gold_gain":0,"player_choice":"Ignored","damage_taken":0,"max_hp_gain":0,"max_hp_loss":0,"event_name":"Beggar","floor":21,"gold_loss":0},{"damage_healed":0,"gold_gain":0,"player_choice":"","damage_taken":8,"max_hp_gain":0,"max_hp_loss":0,"event_name":"Knowing Skull","floor":29,"potions_obtained":[],"gold_loss":0,"cards_obtained":[]}],"is_beta":false,"boss_relics":[{"not_picked":["Velvet Choker","Busted Crown"],"picked":"Astrolabe"}],"items_purged_floors":[31],"is_endless":false,"potions_floor_spawned":[1,5,7,11,14,18,27,30],"killed_by":"Collector","ascension_level":0}