{"gold_per_floor":[117,77,2,2,29,79,108,119,145,155,155,185,202,236,236,312,312,325,304,304,579,158,158],"floor_reached":23,"playtime":737,"items_purged":["Strike_R","Strike_R"],"score":564,"play_id":"175f616f-a80d-4fe0-86d8-d6748e5ddbf3","local_time":"20190531215720","is_ascension_mode":true,"campfire_choices":[{"data":"Demon Form","floor":11.0,"key":"SMITH"},{"data":"True Grit","floor":15.0,"key":"SMITH"}],"neow_cost":"NONE","seed_source_timestamp":1166733171308432,"circlet_count":0,"master_deck":["AscendersBane","Strike_R","Strike_R","Defend_R+1","Defend_R","Defend_R+1","Defend_R","Bash","Demon Form+1","Second Wind","True Grit+1","Battle Trance","Barricade","Burning Pact","Dark Embrace","Regret"],"special_seed":0,"relics":["Burning Blood","NeowsBlessing","Mummified Hand","Potion Belt","Blood Vial","Pen Nib","War Paint","Fusion Hammer","Ice Cream"],"potions_floor_usage":[],"damage_taken":[{"damage":0.0,"enemies":"Jaw Worm","floor":1.0,"turns":1.0},{"damage":0.0,"enemies":"3 Sentries","floor":7.0,"turns":1.0},{"damage":0.0,"enemies":"Cultist","floor":8.0,"turns":1.0},{"damage":8.0,"enemies":"Small Slimes","floor":10.0,"turns":5.0},{"damage":15.0,"enemies":"Lagavulin","floor":12.0,"turns":7.0},{"damage":17.0,"enemies":"Blue Slaver","floor":13.0,"turns":5.0},{"damage":38.0,"enemies":"3 Sentries","floor":14.0,"turns":12.0},{"damage":0.0,"enemies":"Hexaghost","floor":16.0,"turns":9.0},{"damage":2.0,"enemies":"Spheric Guardian","floor":18.0,"turns":4.0},{"damage":26.0,"enemies":"2 Thieves","floor":19.0,"turns":4.0},{"damage":64,"enemies":"Gremlin Leader","floor":23,"turns":5}],"seed_played":"-2571145333070748372","potions_obtained":[{"floor":2.0,"key":"EssenceOfSteel"},{"floor":2.0,"key":"Swift Potion"},{"floor":7.0,"key":"Regen Potion"},{"floor":10.0,"key":"SkillPotion"},{"floor":12.0,"key":"AttackPotion"}],"is_trial":false,"path_per_floor":["M","?","$","?","T","?","E","M","T","M","R","E","M","E","R","B",null,"M","M","?","?","$","E"],"character_chosen":"IRONCLAD","items_purchased":["Ice Cream"],"campfire_rested":0,"item_purchase_floors":[22],"current_hp_per_floor":[74,74,74,69,69,69,75,75,75,73,73,66,57,27,27,35,65,71,53,53,53,53,0],"gold":158,"neow_bonus":"THREE_ENEMY_KILL","is_prod":false,"is_daily":false,"chose_seed":false,"campfire_upgraded":2,"win_rate":0,"timestamp":1559311040,"path_taken":["M","?","$","?","?","?","E","M","T","M","R","E","?","E","R","BOSS","M","M","?","?","$","E"],"build_version":"2019-05-28","purchased_purges":2,"victory":false,"max_hp_per_floor":[75,75,75,75,75,75,75,75,75,75,75,75,75,75,75,75,75,75,75,75,75,75,75],"card_choices":[{"not_picked":["Havoc","Uppercut","Iron Wave"],"picked":"SKIP","floor":1.0},{"not_picked":["Dual Wield","Clash"],"picked":"Demon Form","floor":7.0},{"not_picked":["Pommel Strike","Clothesline"],"picked":"Burning Pact","floor":8.0},{"not_picked":["Rampage","Havoc","Headbutt"],"picked":"SKIP","floor":10.0},{"not_picked":["Clothesline","Whirlwind"],"picked":"Second Wind","floor":12.0},{"not_picked":["Bloodletting","Sword Boomerang"],"picked":"True Grit","floor":13.0},{"not_picked":["Iron Wave","Shrug It Off"],"picked":"Battle Trance","floor":14.0},{"not_picked":["Reaper","Fiend Fire"],"picked":"Barricade","floor":16.0},{"not_picked":["Heavy Blade","Inflame","Perfected Strike"],"picked":"SKIP","floor":18.0},{"not_picked":["Burning Pact+1","Reckless Charge","Sever Soul"],"picked":"SKIP","floor":19.0}],"player_experience":3063793,"relics_obtained":[{"floor":5.0,"key":"Potion Belt"},{"floor":7.0,"key":"Blood Vial"},{"floor":12.0,"key":"Pen Nib"},{"floor":14.0,"key":"War Paint"}],"event_choices":[{"damage_healed":0.0,"max_hp_gain":0.0,"max_hp_loss":0.0,"gold_gain":0.0,"event_name":"The Woman in Blue","player_choice":"Bought 3 Potions","floor":2.0,"gold_loss":0.0,"damage_taken":0.0},{"damage_healed":0.0,"max_hp_gain":0.0,"max_hp_loss":0.0,"gold_gain":0.0,"event_name":"Scrap Ooze","player_choice":"Success","floor":4.0,"gold_loss":0.0,"damage_taken":5.0,"relics_obtained":["Mummified Hand"]},{"damage_healed":0.0,"max_hp_gain":0.0,"max_hp_loss":0.0,"gold_gain":50.0,"event_name":"Golden Shrine","player_choice":"Pray","floor":6.0,"gold_loss":0.0,"damage_taken":0.0},{"damage_healed":0.0,"max_hp_gain":0.0,"max_hp_loss":0.0,"gold_gain":0.0,"cards_transformed":["Strike_R","Burning Pact"],"event_name":"Drug Dealer","player_choice":"Became Test Subject","floor":20.0,"gold_loss":0.0,"damage_taken":0.0,"cards_obtained":["Burning Pact","Dark Embrace"]},{"damage_healed":0.0,"max_hp_gain":0.0,"max_hp_loss":0.0,"gold_gain":275.0,"event_name":"Golden Shrine","player_choice":"Desecrate","floor":21.0,"gold_loss":0.0,"damage_taken":0.0,"cards_obtained":["Regret"]}],"is_beta":true,"boss_relics":[{"not_picked":["Runic Cube","Tiny House"],"picked":"Fusion Hammer"}],"items_purged_floors":[3,22],"is_endless":false,"potions_floor_spawned":[7,10,12],"killed_by":"Gremlin Leader","ascension_level":20}