{"path_per_floor":["M","M","$","M","$","R","E","R","T","E","R","M","M","M","R","B",null,"M","?","M","$","M","R","E","T","T","M","?","$","R","T","R"],"character_chosen":"DEFECT","items_purchased":["Capacitor","Sweeping Beam","Self Repair"],"gold_per_floor":[212,230,158,175,149,149,184,184,184,218,218,236,248,264,264,367,367,377,377,388,313,330,330,357,357,357,377,377,199,199,199,199,199],"floor_reached":33,"campfire_rested":2,"playtime":4281,"item_purchase_floors":[3,5,29],"current_hp_per_floor":[74,71,71,71,71,71,59,59,59,43,43,41,38,29,29,18,75,75,75,53,53,37,59,43,43,43,32,32,32,54,54,54,0],"items_purged":["Strike_B","Strike_B"],"gold":199,"score":303,"play_id":"58760d54-330d-4e14-9a82-d5ecd3887c15","local_time":"20180606002755","is_prod":false,"is_daily":false,"chose_seed":false,"is_ascension_mode":true,"campfire_upgraded":5,"win_rate":0,"timestamp":1528237675,"campfire_choices":[{"data":"Zap","floor":6,"key":"SMITH"},{"data":"Go for the Eyes","floor":8,"key":"SMITH"},{"data":"Hologram","floor":11,"key":"SMITH"},{"data":"Dualcast","floor":15,"key":"SMITH"},{"floor":23,"key":"REST"},{"floor":30,"key":"REST"},{"data":"Storm","floor":32,"key":"SMITH"}],"path_taken":["M","M","$","M","?","R","E","R","T","E","R","M","?","M","R","BOSS","M","?","M","$","M","R","E","?","T","M","?","?","R","?","R","BOSS"],"build_version":"2018-05-31","seed_source_timestamp":138818051582663,"purchased_purges":2,"victory":false,"master_deck":["Strike_B","Defend_B","Defend_B","Defend_B","Defend_B","Zap+1","Dualcast+1","Leap","Ball Lightning","Capacitor","Go for the Eyes+1","Sweeping Beam","Sweeping Beam","Hologram+1","Go for the Eyes","Storm+1","Hologram+1","Multi-Cast","Steam+1","Thunder Strike+1","Self Repair"],"max_hp_per_floor":[75,75,75,75,75,75,75,75,75,75,75,75,75,75,75,75,75,75,75,75,75,75,75,75,75,75,75,75,75,75,75,75,75],"relics":["Cracked Core","Ginger","Mummified Hand","Blood Vial","Nuclear Battery","Molten Egg 2","Matryoshka","Potion Belt","Orichalcum","The Courier"],"card_choices":[{"not_picked":["Redo","Blizzard"],"picked":"Leap","floor":1},{"not_picked":["Darkness","Coolheaded"],"picked":"Ball Lightning","floor":2},{"not_picked":["Rebound","Darkness"],"picked":"Go for the Eyes","floor":4},{"not_picked":["Chill","Stack"],"picked":"Sweeping Beam","floor":7},{"not_picked":["Sunder","Blizzard"],"picked":"Hologram","floor":10},{"not_picked":["Undo","Force Field","Hello World"],"picked":"SKIP","floor":12},{"not_picked":["Hello World","Compile Driver","Fusion"],"picked":"SKIP","floor":13},{"not_picked":["Multi-Cast","Coolheaded"],"picked":"Go for the Eyes","floor":14},{"not_picked":["Coolheaded","Barrage"],"picked":"Storm","floor":18},{"not_picked":["Loop+1","Leap+1"],"picked":"Hologram+1","floor":20},{"not_picked":["Compile Driver","Rebound","Turbo"],"picked":"SKIP","floor":22},{"not_picked":["All For One","Rebound+1"],"picked":"Multi-Cast","floor":24},{"not_picked":["Go for the Eyes+1","Cold Snap+1"],"picked":"Steam+1","floor":27}],"player_experience":748575,"potions_floor_usage":[14,16,20,22,24,27],"damage_taken":[{"damage":1,"enemies":"Cultist","floor":1,"turns":3},{"damage":3,"enemies":"2 Louse","floor":2,"turns":3},{"damage":0,"enemies":"Small Slimes","floor":4,"turns":3},{"damage":12,"enemies":"3 Sentries","floor":7,"turns":6},{"damage":16,"enemies":"Lagavulin","floor":10,"turns":5},{"damage":4,"enemies":"Exordium Wildlife","floor":12,"turns":4},{"damage":5,"enemies":"2 Fungi Beasts","floor":13,"turns":3},{"damage":11,"enemies":"Exordium Thugs","floor":14,"turns":4},{"damage":13,"enemies":"The Guardian","floor":16,"turns":11},{"damage":0,"enemies":"Chosen","floor":18,"turns":4},{"damage":22,"enemies":"2 Thieves","floor":20,"turns":4},{"damage":18,"enemies":"Snecko","floor":22,"turns":5},{"damage":18,"enemies":"Gremlin Leader","floor":24,"turns":6},{"damage":27,"enemies":"Sentry and Sphere","floor":27,"turns":5},{"damage":59,"enemies":"Automaton","floor":33,"turns":6}],"relics_obtained":[{"floor":7,"key":"Ginger"},{"floor":9,"key":"Mummified Hand"},{"floor":10,"key":"Blood Vial"},{"floor":24,"key":"Molten Egg 2"},{"floor":25,"key":"Matryoshka"},{"floor":26,"key":"Potion Belt"},{"floor":31,"key":"Orichalcum"},{"floor":31,"key":"The Courier"}],"event_choices":[{"event_name":"Back to Basics","player_choice":"Elegance","floor":19,"damage_taken":0},{"event_name":"Match and Keep!","player_choice":"1 cards matched","floor":28,"damage_taken":0}],"boss_relics":[{"not_picked":["Eternal Feather","Velvet Choker"],"picked":"Nuclear Battery"}],"items_purged_floors":[21,29],"potions_floor_spawned":[2,7,10,13,20,22,24],"seed_played":"1593888193039116035","killed_by":"Automaton","ascension_level":2,"potions_obtained":[{"floor":2,"key":"Swift Potion"},{"floor":7,"key":"Weak Potion"},{"floor":10,"key":"SteroidPotion"},{"floor":20,"key":"AttackPotion"},{"floor":22,"key":"AttackPotion"},{"floor":24,"key":"Regen Potion"}],"is_trial":false}