{"gold_per_floor":[112,132,145,145,163,194,194,229,256,270,280,60,60,60,60,156,156,169,13,13,13,23,23,54,80,80,80,30,47,47,47,47,47],"floor_reached":33,"playtime":4256,"items_purged":[],"score":273,"play_id":"64207a13-0ff1-4df4-b3cd-56e76372bc33","local_time":"20190111144223","is_ascension_mode":false,"campfire_choices":[{"floor":7.0,"key":"REST"},{"floor":13.0,"key":"REST"},{"floor":15.0,"key":"REST"},{"data":"Caltrops","floor":23,"key":"SMITH"},{"floor":27,"key":"REST"},{"floor":32,"key":"REST"}],"neow_cost":"NONE","seed_source_timestamp":0,"circlet_count":0,"master_deck":["Defend_G","Defend_G","Defend_G","Defend_G","Defend_G","Strike_G","Strike_G","Strike_G","Strike_G","Survivor","Neutralize","Venomology","Dash","Deadly Poison","Deadly Poison","Endless Agony","Venomology","PiercingWail","Poisoned Stab+1","Noxious Fumes","Noxious Fumes","Terror","Blur","Envenom","Flying Knee+1","Blur","Caltrops+1","Blade Dance+1","Dodge and Roll","Prepared","Expertise","Prepared+1"],"special_seed":0,"relics":["Ring of the Snake","Turnip","Pen Nib","Potion Belt","Dream Catcher","Boot","Whetstone","Juzu Bracelet","Blood Vial"],"potions_floor_usage":[16,16,16,16,16,18,18,24,24,29,29,33],"damage_taken":[{"damage":14.0,"enemies":"Jaw Worm","floor":1.0,"turns":9.0},{"damage":0.0,"enemies":"Cultist","floor":2.0,"turns":3.0},{"damage":0.0,"enemies":"Small Slimes","floor":3.0,"turns":3.0},{"damage":0.0,"enemies":"Blue Slaver","floor":5.0,"turns":3.0},{"damage":14.0,"enemies":"Lagavulin","floor":6.0,"turns":7.0},{"damage":24.0,"enemies":"3 Sentries","floor":8.0,"turns":11.0},{"damage":0.0,"enemies":"Large Slime","floor":10.0,"turns":6.0},{"damage":16.0,"enemies":"Exordium Thugs","floor":11.0,"turns":6.0},{"damage":30,"enemies":"Slime Boss","floor":16,"turns":16},{"damage":3,"enemies":"Chosen","floor":18,"turns":6},{"damage":7,"enemies":"Shell Parasite","floor":22,"turns":5},{"damage":69,"enemies":"Book of Stabbing","floor":24,"turns":8},{"damage":20,"enemies":"Cultist and Chosen","floor":29,"turns":6},{"damage":32,"enemies":"Automaton","floor":33,"turns":5}],"seed_played":"-6284670589736659208","potions_obtained":[{"floor":2.0,"key":"Swift Potion"},{"floor":3.0,"key":"Fire Potion"},{"floor":8.0,"key":"GamblersBrew"},{"floor":10.0,"key":"PowerPotion"},{"floor":11.0,"key":"Energy Potion"},{"floor":22,"key":"FairyPotion"},{"floor":29,"key":"FearPotion"}],"is_trial":false,"path_per_floor":["M","M","M","?","M","E","R","E","T","M","M","$","R","?","R","B",null,"M","$","?","?","M","R","E","T","T","R","?","M","$","?","R","B"],"character_chosen":"THE_SILENT","items_purchased":["Dream Catcher","Noxious Fumes","Blur","Caltrops"],"campfire_rested":5,"item_purchase_floors":[12,12,19,19],"current_hp_per_floor":[56,56,56,56,56,42,63,39,39,39,23,23,44,44,65,35,70,67,67,67,67,60,60,1,1,1,22,22,4,4,4,25,0],"gold":47,"neow_bonus":"TRANSFORM_CARD","is_prod":false,"is_daily":false,"chose_seed":false,"campfire_upgraded":1,"win_rate":0.0,"timestamp":1547246543,"path_taken":["M","M","M","?","M","E","R","E","T","M","M","?","R","?","R","BOSS","M","$","?","?","M","R","E","?","T","R","?","M","$","?","R","BOSS"],"build_version":"2019-01-10","purchased_purges":0,"victory":false,"max_hp_per_floor":[70,70,70,70,70,70,70,70,70,70,70,70,70,70,70,70,70,70,70,70,70,70,70,70,70,70,70,70,70,70,70,70,70],"card_choices":[{"not_picked":["Poisoned Stab","Flechettes"],"picked":"Dash","floor":1.0},{"not_picked":["Deflect","Heel Hook"],"picked":"Deadly Poison","floor":2.0},{"not_picked":["Backflip","Blade Dance"],"picked":"Deadly Poison","floor":3.0},{"not_picked":["After Image","Infinite Blades"],"picked":"Endless Agony","floor":5.0},{"not_picked":["Blade Dance","Predator"],"picked":"Venomology","floor":6.0},{"not_picked":["Slice","Sucker Punch"],"picked":"PiercingWail","floor":8.0},{"not_picked":["Finisher","Outmaneuver"],"picked":"Poisoned Stab","floor":10.0},{"not_picked":["Sucker Punch","Tactician"],"picked":"Noxious Fumes","floor":11.0},{"not_picked":["Deflect","Heel Hook"],"picked":"Terror","floor":13.0},{"not_picked":["Backstab","Sucker Punch"],"picked":"Blur","floor":15.0},{"not_picked":["A Thousand Cuts","Wraith Form v2"],"picked":"Envenom","floor":16},{"not_picked":["Dagger Throw","Underhanded Strike"],"picked":"Flying Knee","floor":18},{"not_picked":["PiercingWail","Sucker Punch"],"picked":"Blade Dance+1","floor":22},{"not_picked":["Terror","Crippling Poison+1"],"picked":"Dodge and Roll","floor":24},{"not_picked":["Quick Slash","Finisher"],"picked":"Prepared","floor":27},{"not_picked":["Calculated Gamble","Choke"],"picked":"Expertise","floor":29},{"not_picked":["Deadly Poison","Storm of Steel"],"picked":"Prepared+1","floor":32}],"player_experience":133940,"relics_obtained":[{"floor":6.0,"key":"Turnip"},{"floor":8.0,"key":"Pen Nib"},{"floor":9.0,"key":"Potion Belt"},{"floor":24,"key":"Whetstone"},{"floor":25,"key":"Juzu Bracelet"},{"floor":26,"key":"Blood Vial"}],"event_choices":[{"damage_healed":0.0,"max_hp_gain":0.0,"max_hp_loss":0.0,"gold_gain":0.0,"event_name":"The Woman in Blue","player_choice":"Bought 0 Potions","floor":4.0,"gold_loss":0.0,"damage_taken":0.0},{"damage_healed":0.0,"max_hp_gain":0.0,"max_hp_loss":0.0,"gold_gain":0.0,"event_name":"Liars Game","player_choice":"Ignored","floor":14.0,"gold_loss":0.0,"damage_taken":0.0},{"damage_healed":0,"gold_gain":0,"player_choice":"Opened","damage_taken":0,"relics_obtained":["Boot"],"max_hp_gain":0,"max_hp_loss":0,"event_name":"The Mausoleum","floor":20,"gold_loss":0},{"damage_healed":0,"gold_gain":0,"player_choice":"Ignored","damage_taken":0,"max_hp_gain":0,"max_hp_loss":0,"event_name":"Ghosts","floor":21,"gold_loss":0},{"damage_healed":0,"gold_gain":0,"player_choice":"Bet on Owner","damage_taken":0,"max_hp_gain":0,"max_hp_loss":0,"event_name":"The Joust","floor":28,"gold_loss":50},{"damage_healed":0,"gold_gain":0,"player_choice":"Ignored","damage_taken":0,"max_hp_gain":0,"max_hp_loss":0,"event_name":"Cursed Tome","floor":31,"gold_loss":0}],"is_beta":false,"boss_relics":[{"not_picked":["Coffee Dripper","HoveringKite","Snecko Eye"]}],"items_purged_floors":[],"is_endless":false,"potions_floor_spawned":[2,3,8,10,11,22,29],"killed_by":"Automaton","ascension_level":0}