{"gold_per_floor":[16,31,43,218,218,218,231,231,231,244,244,263,282,282,282,380,380,390,403,101,101,101,101],"floor_reached":23,"playtime":994,"items_purged":["Doubt"],"score":183,"play_id":"ceb08f44-1968-4850-b452-ed725d0c274d","local_time":"20190917230946","is_ascension_mode":false,"campfire_choices":[{"data":"Noxious Fumes","floor":6,"key":"SMITH"},{"data":"Bane","floor":8,"key":"SMITH"},{"data":"Bane","floor":11,"key":"SMITH"},{"floor":15,"key":"DIG"}],"neow_cost":"NO_GOLD","seed_source_timestamp":1835992371370400,"circlet_count":0,"master_deck":["Strike_G","Strike_G","Strike_G","Strike_G","Strike_G","Defend_G","Defend_G","Defend_G","Defend_G","Defend_G","Survivor","Neutralize","Unload","Poisoned Stab","Noxious Fumes+1","Bane+1","Endless Agony","Bane+1","Night Terror","Noxious Fumes","Backflip","Necronomicurse"],"relics":["Ring of the Snake","Sundial","Shovel","Blood Vial","White Beast Statue","Potion Belt","Necronomicon"],"potions_floor_usage":[16,19,19,23],"damage_taken":[{"damage":4,"enemies":"Jaw Worm","floor":1,"turns":5},{"damage":0,"enemies":"Small Slimes","floor":2,"turns":3},{"damage":0,"enemies":"2 Louse","floor":3,"turns":3},{"damage":3,"enemies":"Exordium Wildlife","floor":7,"turns":3},{"damage":0,"enemies":"Looter","floor":10,"turns":4},{"damage":2,"enemies":"Blue Slaver","floor":12,"turns":2},{"damage":12,"enemies":"3 Louse","floor":13,"turns":3},{"damage":38,"enemies":"The Guardian","floor":16,"turns":9},{"damage":8,"enemies":"Chosen","floor":18,"turns":5},{"damage":17,"enemies":"Spheric Guardian","floor":19,"turns":5},{"damage":54,"enemies":"Slavers","floor":23,"turns":3}],"seed_played":"-1405511980549401032","potions_obtained":[{"floor":10,"key":"Ancient Potion"},{"floor":13,"key":"Ancient Potion"},{"floor":16,"key":"SpeedPotion"},{"floor":18,"key":"Regen Potion"},{"floor":19,"key":"Poison Potion"}],"is_trial":false,"path_per_floor":["M","M","M","?","?","R","M","R","T","M","R","M","M","?","R","B",null,"M","M","$","?","?","E"],"character_chosen":"THE_SILENT","items_purchased":["Potion Belt","Noxious Fumes"],"campfire_rested":0,"item_purchase_floors":[20,20],"current_hp_per_floor":[66,66,66,66,71,71,68,68,68,68,68,66,54,51,51,15,75,67,64,64,64,48,0],"gold":101,"neow_bonus":"THREE_RARE_CARDS","is_prod":false,"is_daily":false,"chose_seed":false,"campfire_upgraded":3,"win_rate":0.0,"timestamp":1568776186,"path_taken":["M","M","M","?","?","R","M","R","T","M","R","M","M","?","R","BOSS","M","M","$","?","?","E"],"build_version":"2019-07-17","purchased_purges":1,"victory":false,"max_hp_per_floor":[70,70,70,70,75,75,75,75,75,75,75,75,75,75,75,75,75,75,75,75,75,75,75],"card_choices":[{"not_picked":["Wraith Form v2","Die Die Die"],"picked":"Unload","floor":0},{"not_picked":["PiercingWail","Finisher"],"picked":"Poisoned Stab","floor":1},{"not_picked":["Acrobatics","Masterful Stab"],"picked":"Noxious Fumes","floor":2},{"not_picked":["Dash","Accuracy"],"picked":"Bane","floor":3},{"not_picked":["Prepared","PiercingWail"],"picked":"Endless Agony","floor":7},{"not_picked":["Distraction","PiercingWail"],"picked":"Bane","floor":10},{"not_picked":["Escape Plan","Sucker Punch","Dagger Throw"],"picked":"SKIP","floor":12},{"not_picked":["Well Laid Plans","Blade Dance","Burst"],"picked":"SKIP","floor":13},{"not_picked":["Die Die Die","Wraith Form v2"],"picked":"Night Terror","floor":16},{"not_picked":["Prepared","Dodge and Roll","Accuracy"],"picked":"SKIP","floor":18},{"not_picked":["Predator","Dodge and Roll","Underhanded Strike"],"picked":"SKIP","floor":19}],"player_experience":51656,"relics_obtained":[{"floor":9,"key":"Sundial"},{"floor":15,"key":"Blood Vial"},{"floor":22,"key":"Necronomicon"}],"event_choices":[{"damage_healed":0,"gold_gain":175,"player_choice":"AGREE","damage_taken":0,"max_hp_gain":0,"max_hp_loss":0,"event_name":"Liars Game","floor":4,"gold_loss":0,"cards_obtained":["Doubt"]},{"damage_healed":0,"gold_gain":0,"player_choice":"Donut","damage_taken":0,"max_hp_gain":5,"max_hp_loss":0,"event_name":"Big Fish","floor":5,"gold_loss":0},{"damage_healed":0,"gold_gain":0,"player_choice":"Success","damage_taken":3,"relics_obtained":["Shovel"],"max_hp_gain":0,"max_hp_loss":0,"event_name":"Scrap Ooze","floor":14,"gold_loss":0},{"damage_healed":0,"gold_gain":0,"player_choice":"Read","damage_taken":0,"max_hp_gain":0,"max_hp_loss":0,"event_name":"The Library","floor":21,"gold_loss":0,"cards_obtained":["Backflip"]},{"damage_healed":0,"gold_gain":0,"player_choice":"Obtained Book","damage_taken":16,"max_hp_gain":0,"max_hp_loss":0,"event_name":"Cursed Tome","floor":22,"gold_loss":0}],"is_beta":false,"boss_relics":[{"not_picked":["Black Star","Snecko Eye"],"picked":"White Beast Statue"}],"items_purged_floors":[20],"is_endless":false,"potions_floor_spawned":[10,13,16,18,19],"killed_by":"Slavers","ascension_level":0}