{"gold_per_floor":[119,130,148,148,148,172,172,172,197,225,225,253,253,253],"floor_reached":14,"playtime":175,"items_purged":[],"score":164,"play_id":"6cefea05-512b-4937-b2cd-902d1925d684","local_time":"20190916170021","is_ascension_mode":true,"campfire_choices":[{"data":"Pommel Strike","floor":8,"key":"SMITH"},{"data":"Entrench","floor":13,"key":"SMITH"}],"neow_cost":"NONE","seed_source_timestamp":516296539442253,"circlet_count":0,"master_deck":["AscendersBane","Strike_R","Strike_R","Strike_R","Strike_R","Strike_R","Defend_R","Defend_R","Defend_R","Defend_R","Bash","Shrug It Off","Pommel Strike+1","Barricade","Entrench+1"],"relics":["Burning Blood","NeowsBlessing","Golden Idol","CeramicFish","Strawberry"],"potions_floor_usage":[],"damage_taken":[{"damage":0,"enemies":"Cultist","floor":1,"turns":1},{"damage":0,"enemies":"Small Slimes","floor":2,"turns":1},{"damage":0,"enemies":"Jaw Worm","floor":3,"turns":1},{"damage":14,"enemies":"Blue Slaver","floor":6,"turns":6},{"damage":19,"enemies":"Exordium Thugs","floor":10,"turns":5},{"damage":8,"enemies":"Large Slime","floor":12,"turns":5},{"damage":6,"enemies":"Red Slaver","floor":14,"turns":3}],"seed_played":"7458010492157236098","potions_obtained":[{"floor":1,"key":"Dexterity Potion"},{"floor":6,"key":"Dexterity Potion"}],"is_trial":false,"path_per_floor":["M","M","M","?","?","M","T","R","T","M","?","M","R","M"],"character_chosen":"IRONCLAD","items_purchased":[],"campfire_rested":0,"item_purchase_floors":[],"current_hp_per_floor":[74,75,75,49,54,46,46,46,46,33,14,12,12,6],"gold":253,"neow_bonus":"THREE_ENEMY_KILL","is_prod":false,"is_daily":false,"chose_seed":false,"campfire_upgraded":2,"win_rate":0,"timestamp":1568624421,"path_taken":["M","M","?","?","?","M","?","R","T","?","?","M","R","M"],"build_version":"2019-09-12","purchased_purges":0,"victory":false,"max_hp_per_floor":[75,75,75,75,80,80,80,80,80,80,87,87,87,87],"card_choices":[{"not_picked":["Dual Wield","Iron Wave"],"picked":"Shrug It Off","floor":1},{"not_picked":["Anger","Flame Barrier","Sword Boomerang"],"picked":"SKIP","floor":2},{"not_picked":["Hemokinesis","Cleave","Anger"],"picked":"SKIP","floor":3},{"not_picked":["Dual Wield","Anger"],"picked":"Pommel Strike","floor":6},{"not_picked":["Pommel Strike","Clash"],"picked":"Barricade","floor":10},{"not_picked":["Sword Boomerang","Bloodletting"],"picked":"Entrench","floor":12}],"player_experience":800730,"relics_obtained":[{"floor":9,"key":"CeramicFish"}],"event_choices":[{"damage_healed":0,"gold_gain":0,"player_choice":"Take Damage","damage_taken":26,"relics_obtained":["Golden Idol"],"max_hp_gain":0,"max_hp_loss":0,"event_name":"Golden Idol","floor":4,"gold_loss":0},{"damage_healed":0,"gold_gain":0,"player_choice":"Donut","damage_taken":0,"max_hp_gain":5,"max_hp_loss":0,"event_name":"Big Fish","floor":5,"gold_loss":0},{"damage_healed":0,"gold_gain":0,"player_choice":"Success","damage_taken":26,"relics_obtained":["Strawberry"],"max_hp_gain":0,"max_hp_loss":0,"event_name":"Scrap Ooze","floor":11,"gold_loss":0}],"is_beta":true,"boss_relics":[],"items_purged_floors":[],"is_endless":false,"potions_floor_spawned":[1,6],"killed_by":"Red Slaver","ascension_level":20}