{"path_per_floor":["M","M","$","M","?","R","E","M","T","R","M","R","M","M","R","B",null,"M","M","$","?","$","R","$","M","T","R","?","M","R","M","R"],"character_chosen":"DEFECT","items_purchased":["Hologram","Fire Potion","Master of Strategy","Rebound","Regen Potion","Regen Potion"],"gold_per_floor":[115,127,30,41,41,41,81,96,144,144,159,159,183,198,198,327,327,343,364,137,287,50,50,50,74,104,104,104,127,127,151,151,151],"floor_reached":33,"campfire_rested":3,"playtime":7172,"item_purchase_floors":[],"current_hp_per_floor":[66,61,61,61,61,61,39,31,31,31,31,31,18,6,26,22,57,63,55,55,55,55,55,55,24,24,44,44,26,46,51,51,0],"items_purged":["Strike_B","Strike_B"],"gold":151,"score":311,"play_id":"b20139ec-a533-48d8-a81b-0482bd3f52f0","local_time":"20180608193112","is_prod":false,"is_daily":false,"chose_seed":false,"is_ascension_mode":true,"campfire_upgraded":5,"win_rate":0,"timestamp":1528479072,"campfire_choices":[{"data":"Hologram","floor":6.0,"key":"SMITH"},{"data":"Steam","floor":10.0,"key":"SMITH"},{"data":"Zap","floor":12.0,"key":"SMITH"},{"floor":15.0,"key":"REST"},{"data":"Beam Cell","floor":23,"key":"SMITH"},{"floor":27,"key":"REST"},{"floor":30,"key":"REST"},{"data":"White Noise","floor":32,"key":"SMITH"}],"path_taken":["M","M","$","M","?","R","E","M","T","R","M","R","?","M","R","BOSS","M","M","$","?","$","R","?","M","T","R","?","?","R","M","R","BOSS"],"build_version":"2018-06-07","seed_source_timestamp":0,"purchased_purges":2,"victory":false,"master_deck":["Strike_B","Strike_B","Defend_B","Defend_B","Defend_B","Defend_B","Zap+1","Dualcast","Gash","Cold Snap","Hologram+1","Steam+1","Gash","Rebound","Sweeping Beam","Self Repair","Go for the Eyes","Beam Cell+1","Master of Strategy","Rebound","White Noise+1"],"max_hp_per_floor":[75,75,75,75,69,69,69,69,69,69,69,69,69,69,69,69,69,69,69,69,69,69,69,69,69,69,69,69,69,69,69,69,69],"relics":["Cracked Core","Golden Idol","The Courier","Bronze Scales","Nuclear Battery","Tiny Chest"],"card_choices":[{"not_picked":["BootSequence","Conserve Battery"],"picked":"Gash","floor":0.0},{"not_picked":["Compile Driver","Melter"],"picked":"Cold Snap","floor":1.0},{"not_picked":["Conserve Battery","Stack","Steam Power"],"picked":"SKIP","floor":2.0},{"not_picked":["Cold Snap","Turbo"],"picked":"Steam","floor":4.0},{"not_picked":["Conserve Battery","Hologram"],"picked":"Gash","floor":7.0},{"not_picked":["Streamline","Sweeping Beam"],"picked":"Rebound","floor":8.0},{"not_picked":["Biased Cognition","Blizzard"],"picked":"Sweeping Beam","floor":11.0},{"not_picked":["Force Field","Ball Lightning"],"picked":"Self Repair","floor":13.0},{"not_picked":["Steam Power","Streamline","Leap"],"picked":"SKIP","floor":14.0},{"not_picked":["Stack","Chaos"],"picked":"Go for the Eyes","floor":18},{"not_picked":["Ball Lightning","Defragment+1"],"picked":"Beam Cell","floor":19},{"not_picked":["Go for the Eyes+1","Conserve Battery","Beam Cell"],"picked":"SKIP","floor":25},{"not_picked":["Redo","Ball Lightning"],"picked":"White Noise","floor":29},{"not_picked":["Redo","Steam Power","Amplify"],"picked":"SKIP","floor":31}],"player_experience":807934,"potions_floor_usage":[33,33,33],"damage_taken":[{"damage":9.0,"enemies":"2 Louse","floor":1.0,"turns":3.0},{"damage":5.0,"enemies":"Jaw Worm","floor":2.0,"turns":2.0},{"damage":0.0,"enemies":"Cultist","floor":4.0,"turns":2.0},{"damage":22.0,"enemies":"Lagavulin","floor":7.0,"turns":6.0},{"damage":8.0,"enemies":"3 Louse","floor":8.0,"turns":4.0},{"damage":0.0,"enemies":"Large Slime","floor":11.0,"turns":5.0},{"damage":13.0,"enemies":"Exordium Thugs","floor":13.0,"turns":3.0},{"damage":12.0,"enemies":"3 Louse","floor":14.0,"turns":3.0},{"damage":11.0,"enemies":"The Guardian","floor":16.0,"turns":10.0},{"damage":1,"enemies":"3 Byrds","floor":18,"turns":3},{"damage":15,"enemies":"Shell Parasite","floor":19,"turns":5},{"damage":38,"enemies":"Centurion and Healer","floor":25,"turns":4},{"damage":25,"enemies":"Snake Plant","floor":29,"turns":4},{"damage":2,"enemies":"Chosen and Byrds","floor":31,"turns":6},{"damage":95,"enemies":"Automaton","floor":33,"turns":8}],"relics_obtained":[{"floor":7.0,"key":"The Courier"},{"floor":9.0,"key":"Bronze Scales"},{"floor":26,"key":"Tiny Chest"}],"event_choices":[{"event_name":"Golden Idol","player_choice":"Lose Max HP","floor":5.0,"damage_taken":0.0},{"event_name":"Nest","player_choice":"Stole From Cult","floor":21,"damage_taken":0},{"event_name":"Cursed Tome","player_choice":"Ignored","floor":28,"damage_taken":0}],"boss_relics":[{"not_picked":["Orrery","Ectoplasm"],"picked":"Nuclear Battery"}],"items_purged_floors":[20,22],"potions_floor_spawned":[4,13,14,16,25,29,31],"seed_played":"8461891980164712326","killed_by":"Automaton","ascension_level":5,"potions_obtained":[{"floor":4.0,"key":"SteroidPotion"},{"floor":13.0,"key":"Poison Potion"},{"floor":14.0,"key":"SkillPotion"},{"floor":16.0,"key":"LiquidBronze"},{"floor":29,"key":"Strength Potion"}],"is_trial":false}