{"path_per_floor":["M","?","M","M","$","R","M","R","T","$","E","R","?","M","R","B",null,"M","M","?","?","?","E","$","R","T","M","M","M","$","M","R","B",null,"M","M"],"character_chosen":"DEFECT","items_purchased":["DataDisk","Steam","Defragment","Buffer"],"gold_per_floor":[367,367,381,391,166,166,179,179,179,34,69,69,69,87,87,185,185,199,212,212,362,277,312,240,240,320,331,342,352,86,99,99,203,203,219,237,237],"floor_reached":37,"campfire_rested":1,"playtime":2676,"item_purchase_floors":[],"current_hp_per_floor":[64,64,63,63,63,63,56,56,56,56,48,48,33,31,31,31,64,37,24,49,49,49,41,41,41,41,26,24,24,24,19,43,42,71,64,27,0],"items_purged":["Strike_B","Clumsy","Strike_B"],"gold":237,"score":573,"play_id":"77b28e29-de11-48be-a112-3389b8820998","local_time":"20180608211616","is_prod":false,"is_daily":false,"chose_seed":false,"is_ascension_mode":true,"campfire_upgraded":5,"win_rate":0,"timestamp":1528485376,"campfire_choices":[{"data":"Zap","floor":6.0,"key":"SMITH"},{"data":"Dualcast","floor":8.0,"key":"SMITH"},{"data":"Go for the Eyes","floor":12.0,"key":"SMITH"},{"data":"Ball Lightning","floor":15.0,"key":"SMITH"},{"data":"Defragment","floor":25.0,"key":"SMITH"},{"floor":32.0,"key":"REST"}],"path_taken":["M","?","?","M","$","R","M","R","T","$","E","R","?","M","R","BOSS","M","M","?","?","?","E","?","R","T","M","M","M","$","?","R","BOSS","M","M","M"],"build_version":"2018-06-07","seed_source_timestamp":13320714292528,"purchased_purges":3,"victory":false,"master_deck":["Strike_B","Strike_B","Defend_B","Defend_B","Defend_B","Defend_B","Zap+1","Dualcast+1","Streamline+1","Electrodynamics","Go for the Eyes+1","Redo+1","Steam+1","Ball Lightning+1","Genetic Algorithm","Thunder Strike","BootSequence","Leap+1","Defragment+1","White Noise+1","Hologram","Buffer","Biased Cognition","Static Discharge+1"],"max_hp_per_floor":[75,75,75,75,75,75,75,75,75,75,75,75,75,75,75,75,75,75,75,75,75,75,77,77,77,77,77,79,79,79,81,81,81,81,81,83,83],"relics":["Cracked Core","DataDisk","Orichalcum","Cables","Black Star","War Paint","Happy Flower","Singing Bowl","Tiny Chest","Nuclear Battery"],"card_choices":[{"not_picked":["Rebound","Hello World"],"picked":"Streamline","floor":1.0},{"not_picked":["Steam Power","Aggregate"],"picked":"Go for the Eyes","floor":3.0},{"not_picked":["Heatsinks","Reinforced Body"],"picked":"Redo","floor":4.0},{"not_picked":["Compile Driver","Glacier","FTL"],"picked":"SKIP","floor":7.0},{"not_picked":["Darkness","Sunder"],"picked":"Ball Lightning","floor":11.0},{"not_picked":["Storm","Glacier"],"picked":"Genetic Algorithm","floor":14.0},{"not_picked":["Meteor Strike","Rainbow"],"picked":"Thunder Strike","floor":16.0},{"not_picked":["Reprogram","Beam Cell+1"],"picked":"BootSequence","floor":18.0},{"not_picked":["Rip and Tear","Static Discharge"],"picked":"Leap","floor":19.0},{"not_picked":["Double Energy","Cold Snap","Chill"],"picked":"Singing Bowl","floor":23.0},{"not_picked":["Streamline","Heatsinks"],"picked":"White Noise+1","floor":27.0},{"not_picked":["Ball Lightning","Conserve Battery","Streamline"],"picked":"Singing Bowl","floor":28.0},{"not_picked":["Barrage","Conserve Battery"],"picked":"Hologram","floor":29.0},{"not_picked":["Go for the Eyes","Sweeping Beam+1","Beam Cell"],"picked":"Singing Bowl","floor":31.0},{"not_picked":["Rainbow","Reboot"],"picked":"Biased Cognition","floor":33},{"not_picked":["Streamline","Go for the Eyes+1"],"picked":"Static Discharge+1","floor":35},{"not_picked":["Auto Shields","Go for the Eyes","Beam Cell"],"picked":"Singing Bowl","floor":36}],"player_experience":818034,"potions_floor_usage":[33,33],"damage_taken":[{"damage":4.0,"enemies":"2 Louse","floor":1.0,"turns":3.0},{"damage":1.0,"enemies":"Cultist","floor":3.0,"turns":3.0},{"damage":0.0,"enemies":"Small Slimes","floor":4.0,"turns":2.0},{"damage":7.0,"enemies":"Exordium Wildlife","floor":7.0,"turns":3.0},{"damage":8.0,"enemies":"3 Sentries","floor":11.0,"turns":3.0},{"damage":2.0,"enemies":"Blue Slaver","floor":14.0,"turns":2.0},{"damage":0.0,"enemies":"Hexaghost","floor":16.0,"turns":8.0},{"damage":27.0,"enemies":"3 Byrds","floor":18.0,"turns":3.0},{"damage":13.0,"enemies":"Chosen","floor":19.0,"turns":4.0},{"damage":10.0,"enemies":"Slavers","floor":23.0,"turns":3.0},{"damage":15.0,"enemies":"Snecko","floor":27.0,"turns":4.0},{"damage":4.0,"enemies":"Centurion and Healer","floor":28.0,"turns":4.0},{"damage":0.0,"enemies":"Cultist and Chosen","floor":29.0,"turns":3.0},{"damage":7.0,"enemies":"Chosen and Byrds","floor":31.0,"turns":5.0},{"damage":1,"enemies":"Collector","floor":33,"turns":6},{"damage":7,"enemies":"Orb Walker","floor":35,"turns":3},{"damage":39,"enemies":"3 Darklings","floor":36,"turns":5},{"damage":38,"enemies":"4 Shapes","floor":37,"turns":3}],"relics_obtained":[{"floor":9.0,"key":"Orichalcum"},{"floor":11.0,"key":"Cables"},{"floor":23.0,"key":"Happy Flower"},{"floor":23.0,"key":"Singing Bowl"},{"floor":26.0,"key":"Tiny Chest"}],"event_choices":[{"event_name":"Match and Keep!","player_choice":"1 cards matched","floor":2.0,"damage_taken":0.0},{"event_name":"Shining Light","player_choice":"Entered Light","floor":13.0,"damage_taken":0.0},{"event_name":"The Library","player_choice":"Heal","floor":20.0,"damage_taken":0.0},{"event_name":"Nest","player_choice":"Stole From Cult","floor":21.0,"damage_taken":0.0},{"event_name":"Addict","player_choice":"Obtained Relic","floor":22.0,"damage_taken":0.0}],"boss_relics":[{"not_picked":["Busted Crown","Astrolabe"],"picked":"Black Star"},{"not_picked":["Snecko Eye","Calling Bell"],"picked":"Nuclear Battery"}],"items_purged_floors":[],"potions_floor_spawned":[4,7,11,18,19,31],"seed_played":"-9134708276271466544","killed_by":"4 Shapes","ascension_level":6,"potions_obtained":[{"floor":4.0,"key":"EssenceOfSteel"},{"floor":7.0,"key":"FearPotion"},{"floor":11.0,"key":"Dexterity Potion"},{"floor":18.0,"key":"FearPotion"},{"floor":19.0,"key":"Energy Potion"}],"is_trial":false}