{"gold_per_floor":[16,27,302,34,45,74,93,93,120,120,135,146,160,185,185,185],"floor_reached":16,"playtime":571,"items_purged":["Regret"],"score":328,"play_id":"17bf489f-14a3-4c78-8161-17890169ec34","local_time":"20190825214859","is_ascension_mode":true,"campfire_choices":[{"data":"Flechettes","floor":8.0,"key":"SMITH"},{"data":"Acrobatics","floor":10.0,"key":"SMITH"},{"data":"Tactician","floor":15.0,"key":"SMITH"}],"neow_cost":"NO_GOLD","seed_source_timestamp":342136233715376,"circlet_count":0,"master_deck":["AscendersBane","Strike_G","Strike_G","Strike_G","Strike_G","Defend_G","Defend_G","Defend_G","Defend_G","Survivor","Neutralize","Distraction","Predator","Flechettes+1","Backflip","Acrobatics+1","After Image","PiercingWail","Tactician+1"],"special_seed":0,"relics":["Ring of the Snake","Membership Card","Blood Vial","Vajra","Snake Skull"],"potions_floor_usage":[],"damage_taken":[{"damage":3.0,"enemies":"2 Louse","floor":1.0,"turns":3.0},{"damage":1.0,"enemies":"Cultist","floor":2.0,"turns":5.0},{"damage":8.0,"enemies":"Small Slimes","floor":5.0,"turns":4.0},{"damage":41.0,"enemies":"Lagavulin","floor":6.0,"turns":8.0},{"damage":0.0,"enemies":"Red Slaver","floor":7.0,"turns":4.0},{"damage":0.0,"enemies":"2 Fungi Beasts","floor":11.0,"turns":4.0},{"damage":0.0,"enemies":"Blue Slaver","floor":12.0,"turns":3.0},{"damage":0.0,"enemies":"3 Louse","floor":13.0,"turns":3.0},{"damage":9.0,"enemies":"3 Sentries","floor":14.0,"turns":11.0}],"seed_played":"4504843873729286201","potions_obtained":[{"floor":2.0,"key":"Swift Potion"},{"floor":7.0,"key":"SmokeBomb"},{"floor":14.0,"key":"SpeedPotion"}],"is_trial":false,"path_per_floor":["M","M","?","$","M","E","M","R","T","R","M","M","M","E","R","B"],"character_chosen":"THE_SILENT","items_purchased":["Membership Card","Backflip"],"campfire_rested":0,"item_purchase_floors":[4,4],"current_hp_per_floor":[56,55,55,55,47,6,8,8,8,8,10,12,14,7,7,0],"gold":185,"neow_bonus":"TRANSFORM_TWO_CARDS","is_prod":false,"is_daily":false,"chose_seed":false,"campfire_upgraded":3,"win_rate":0,"timestamp":1566737339,"path_taken":["M","M","?","$","M","E","?","R","T","R","M","M","M","E","R","BOSS"],"build_version":"2019-07-17","purchased_purges":1,"victory":false,"max_hp_per_floor":[66,66,66,66,66,66,66,66,66,66,66,66,66,66,66,66],"card_choices":[{"not_picked":["Quick Slash","Expertise","Prepared"],"picked":"SKIP","floor":1.0},{"not_picked":["Dagger Throw","Blade Dance"],"picked":"Flechettes","floor":2.0},{"not_picked":["Flying Knee","Deadly Poison"],"picked":"Acrobatics","floor":5.0},{"not_picked":["After Image","Setup","Terror"],"picked":"SKIP","floor":6.0},{"not_picked":["Setup","Terror"],"picked":"After Image","floor":6.0},{"not_picked":["Catalyst","Quick Slash","Outmaneuver"],"picked":"SKIP","floor":7.0},{"not_picked":["PiercingWail","Dagger Spray","Bane"],"picked":"SKIP","floor":11.0},{"not_picked":["Dagger Spray","Bane"],"picked":"PiercingWail","floor":11.0},{"not_picked":["Heel Hook","Masterful Stab","Outmaneuver"],"picked":"SKIP","floor":12.0},{"not_picked":["Caltrops","Outmaneuver","Dagger Throw"],"picked":"SKIP","floor":13.0},{"not_picked":["Caltrops","Outmaneuver","Dagger Throw"],"picked":"SKIP","floor":13.0},{"not_picked":["A Thousand Cuts","Infinite Blades"],"picked":"Tactician","floor":14.0}],"player_experience":984512,"relics_obtained":[{"floor":6.0,"key":"Blood Vial"},{"floor":9.0,"key":"Vajra"},{"floor":14.0,"key":"Snake Skull"}],"event_choices":[{"damage_healed":0.0,"max_hp_gain":0.0,"max_hp_loss":0.0,"gold_gain":275.0,"event_name":"Golden Shrine","player_choice":"Desecrate","floor":3.0,"gold_loss":0.0,"damage_taken":0.0,"cards_obtained":["Regret"]}],"is_beta":false,"boss_relics":[],"items_purged_floors":[4],"is_endless":false,"potions_floor_spawned":[2,7,14],"killed_by":"The Guardian","ascension_level":20}