{"gold_per_floor":[111,111,122,134,134,134,134,134,134,146,146,164,184,0,0,79,79,91,118,118,137,53,53],"floor_reached":23,"playtime":8554,"items_purged":["Strike_B"],"score":381,"play_id":"610d892c-8985-42e4-b2c5-170504d8c9d7","local_time":"20190202234305","is_ascension_mode":true,"campfire_choices":[{"data":"Defragment","floor":6.0,"key":"SMITH"},{"data":"Darkness","floor":8.0,"key":"SMITH"},{"data":"Dualcast","floor":15.0,"key":"SMITH"}],"neow_cost":"NONE","seed_source_timestamp":15420259905761,"circlet_count":0,"master_deck":["AscendersBane","Strike_B","Strike_B","Defend_B","Defend_B","Defend_B","Defend_B","Zap","Dualcast+1","Defragment+1","Darkness+1","Steam Power","All For One","Go for the Eyes","Loop","Loop","Conserve Battery","Seek+1","Loop","Self Repair"],"special_seed":0,"relics":["Cracked Core","Bronze Scales","Singing Bowl","Omamori","Sozu","Pen Nib"],"potions_floor_usage":[],"damage_taken":[{"damage":1.0,"enemies":"Cultist","floor":1.0,"turns":3.0},{"damage":6.0,"enemies":"2 Louse","floor":3.0,"turns":3.0},{"damage":2.0,"enemies":"Jaw Worm","floor":4.0,"turns":3.0},{"damage":4.0,"enemies":"Red Slaver","floor":10.0,"turns":3.0},{"damage":8.0,"enemies":"Large Slime","floor":12.0,"turns":3.0},{"damage":1.0,"enemies":"Blue Slaver","floor":13.0,"turns":3.0},{"damage":11.0,"enemies":"Slime Boss","floor":16.0,"turns":5.0},{"damage":23.0,"enemies":"Shell Parasite","floor":18.0,"turns":4.0},{"damage":17.0,"enemies":"Spheric Guardian","floor":21.0,"turns":4.0},{"damage":26,"enemies":"Book of Stabbing","floor":23,"turns":3}],"seed_played":"7850364674317317791","potions_obtained":[{"floor":3.0,"key":"SteroidPotion"},{"floor":4.0,"key":"Explosive Potion"}],"is_trial":false,"path_per_floor":["M","?","M","M","?","R","?","R","T","M","T","M","M","$","R","B",null,"M","T","?","M","$","E"],"character_chosen":"DEFECT","items_purchased":["Loop","Conserve Battery","Self Repair"],"campfire_rested":0,"item_purchase_floors":[14,14,22],"current_hp_per_floor":[63,63,57,55,48,48,53,53,53,49,49,41,40,40,40,29,64,41,41,41,26,26,0],"gold":53,"neow_bonus":"RANDOM_COMMON_RELIC","is_prod":false,"is_daily":false,"chose_seed":false,"campfire_upgraded":3,"win_rate":0,"timestamp":1549147385,"path_taken":["M","?","M","?","?","R","?","R","T","M","?","M","M","$","R","BOSS","M","?","?","?","$","E"],"build_version":"2019-01-17v2","purchased_purges":1,"victory":false,"max_hp_per_floor":[71,71,71,71,71,71,76,76,76,76,76,76,76,76,76,76,76,76,76,76,78,78,78],"card_choices":[{"not_picked":["Hologram","Beam Cell"],"picked":"Defragment","floor":1.0},{"not_picked":["Gash","Barrage"],"picked":"Darkness","floor":3.0},{"not_picked":["Melter","Turbo"],"picked":"Steam Power","floor":4.0},{"not_picked":["Redo","Go for the Eyes"],"picked":"All For One","floor":10.0},{"not_picked":["Sweeping Beam","Gash"],"picked":"Go for the Eyes","floor":12.0},{"not_picked":["Leap","Beam Cell"],"picked":"Loop","floor":13.0},{"not_picked":["Machine Learning","Rainbow"],"picked":"Seek","floor":16.0},{"not_picked":["Cold Snap","Gash"],"picked":"Loop","floor":18.0},{"not_picked":["Skim","Leap","Rebound"],"picked":"Singing Bowl","floor":21.0}],"player_experience":1247972,"relics_obtained":[{"floor":9.0,"key":"Singing Bowl"},{"floor":11.0,"key":"Omamori"},{"floor":19.0,"key":"Pen Nib"}],"event_choices":[{"damage_healed":0.0,"max_hp_gain":0.0,"max_hp_loss":0.0,"gold_gain":0.0,"event_name":"Transmorgrifier","player_choice":"Ignored","floor":2.0,"gold_loss":0.0,"damage_taken":0.0},{"cards_removed":["Strike_B"],"damage_healed":0.0,"max_hp_gain":0.0,"max_hp_loss":0.0,"gold_gain":0.0,"event_name":"Golden Wing","player_choice":"Card Removal","floor":5.0,"gold_loss":0.0,"damage_taken":7.0},{"damage_healed":0.0,"max_hp_gain":5.0,"max_hp_loss":0.0,"gold_gain":0.0,"event_name":"Big Fish","player_choice":"Donut","floor":7.0,"gold_loss":0.0,"damage_taken":0.0},{"damage_healed":0.0,"max_hp_gain":0.0,"max_hp_loss":0.0,"gold_gain":0.0,"event_name":"Accursed Blacksmith","player_choice":"Forge","floor":20.0,"gold_loss":0.0,"damage_taken":0.0,"cards_upgraded":["Seek"]}],"is_beta":false,"boss_relics":[{"not_picked":["Busted Crown","Coffee Dripper"],"picked":"Sozu"}],"items_purged_floors":[14],"is_endless":false,"potions_floor_spawned":[3,4,13,16,21],"killed_by":"Book of Stabbing","ascension_level":17}