{"gold_per_floor":[117,42,42,42,55,85,95,95,120,120,120,120,120,152,152,226,226,241,253,67,117,117,117,130,130,130,149,41,72,72,90,90,167,217,232,232,24,24,40,71,71,97,145,158,158,188,188,201,201,201,201,201,201,51,79,79],"floor_reached":57,"playtime":3119,"items_purged":["Strike_G","Strike_G","Strike_G","Strike_G+1"],"score":3528,"play_id":"59b397b6-9eb8-475d-86e5-52129753f790","local_time":"20190908135543","is_ascension_mode":true,"campfire_choices":[{"data":"Noxious Fumes","floor":11.0,"key":"SMITH"},{"data":"Neutralize","floor":13.0,"key":"SMITH"},{"data":"Acrobatics","floor":15.0,"key":"SMITH"},{"data":"Well Laid Plans","floor":23.0,"key":"SMITH"},{"data":"Prepared","floor":25.0,"key":"SMITH"},{"data":"Purity","floor":32.0,"key":"SMITH"},{"data":"Reflex","floor":41.0,"key":"SMITH"},{"floor":49.0,"key":"RECALL"},{"data":"Backflip","floor":53.0,"key":"SMITH"}],"neow_cost":"NONE","seed_source_timestamp":2074713222132900,"circlet_count":0,"master_deck":["AscendersBane","Defend_G","Defend_G+1","Defend_G","Defend_G+1","Defend_G+1","Survivor","Neutralize+1","Noxious Fumes+1","Acrobatics+1","Corpse Explosion+1","Prepared+1","Well Laid Plans+1","Backflip+1","Purity+1","After Image","Reflex+1","Master of Strategy","Eviscerate+1","Footwork","Tactician+1"],"special_seed":0,"relics":["Ring of the Snake","NeowsBlessing","Bag of Preparation","Pen Nib","Potion Belt","Sundial","Runic Dome","FaceOfCleric","Thread and Needle","Tiny House","Ornamental Fan","Oddly Smooth Stone","War Paint","Omamori","Toxic Egg 2","Dodecahedron"],"potions_floor_usage":[],"damage_taken":[{"damage":0.0,"enemies":"2 Louse","floor":1.0,"turns":1.0},{"damage":0.0,"enemies":"Cultist","floor":5.0,"turns":1.0},{"damage":0.0,"enemies":"Gremlin Nob","floor":6.0,"turns":1.0},{"damage":1.0,"enemies":"Small Slimes","floor":7.0,"turns":5.0},{"damage":16.0,"enemies":"3 Sentries","floor":14.0,"turns":7.0},{"damage":5.0,"enemies":"The Guardian","floor":16.0,"turns":12.0},{"damage":0.0,"enemies":"Spheric Guardian","floor":18.0,"turns":3.0},{"damage":9.0,"enemies":"2 Thieves","floor":19.0,"turns":3.0},{"damage":6.0,"enemies":"Snake Plant","floor":24.0,"turns":6.0},{"damage":0.0,"enemies":"3 Cultists","floor":27.0,"turns":3.0},{"damage":17.0,"enemies":"Slavers","floor":29.0,"turns":3.0},{"damage":0.0,"enemies":"Chosen and Byrds","floor":31.0,"turns":5.0},{"damage":0.0,"enemies":"Automaton","floor":33.0,"turns":2.0},{"damage":2.0,"enemies":"Orb Walker","floor":35.0,"turns":4.0},{"damage":0.0,"enemies":"3 Darklings","floor":39.0,"turns":2.0},{"damage":0.0,"enemies":"Giant Head","floor":40.0,"turns":4.0},{"damage":0.0,"enemies":"Reptomancer","floor":42.0,"turns":2.0},{"damage":10.0,"enemies":"Sphere and 2 Shapes","floor":44.0,"turns":2.0},{"damage":0.0,"enemies":"Nemesis","floor":46.0,"turns":5.0},{"damage":10.0,"enemies":"Transient","floor":48.0,"turns":6.0},{"damage":0.0,"enemies":"Awakened One","floor":50.0,"turns":3.0},{"damage":0.0,"enemies":"Time Eater","floor":51.0,"turns":6.0},{"damage":0.0,"enemies":"Shield and Spear","floor":55.0,"turns":2.0},{"damage":52,"enemies":"The Heart","floor":56,"turns":6}],"seed_played":"1275314596218636251","potions_obtained":[{"floor":7.0,"key":"Energy Potion"},{"floor":16.0,"key":"AttackPotion"},{"floor":18.0,"key":"Fire Potion"},{"floor":19.0,"key":"Weak Potion"},{"floor":33.0,"key":"Swift Potion"},{"floor":34.0,"key":"Explosive Potion"},{"floor":38.0,"key":"SteroidPotion"},{"floor":38.0,"key":"FearPotion"},{"floor":40.0,"key":"SteroidPotion"},{"floor":44.0,"key":"FearPotion"},{"floor":46.0,"key":"Dexterity Potion"}],"is_trial":false,"path_per_floor":["M","$","?","$","M","E","M","?","T","?","R","?","R","E","R","B",null,"M","M","$","?","?","R","M","R","T","M","$","E","?","M","R","B",null,"M","?","$","?","M","E","R","E","T","M","?","E","?","M","R","B","B",null,"R","$","E","B",null],"character_chosen":"THE_SILENT","items_purchased":["Well Laid Plans","Purity","Reflex"],"campfire_rested":0,"item_purchase_floors":[20,28,37],"current_hp_per_floor":[59,59,59,59,59,59,58,38,38,38,38,27,27,11,11,6,51,51,42,42,42,42,42,37,37,37,38,38,22,22,23,23,24,64,63,63,63,63,64,65,65,66,66,57,52,53,53,44,44,45,46,72,72,72,73,22],"gold":79,"neow_bonus":"THREE_ENEMY_KILL","is_prod":false,"is_daily":false,"chose_seed":false,"campfire_upgraded":8,"win_rate":0,"timestamp":1567922143,"path_taken":["M","$","?","$","?","E","M","?","T","?","R","?","R","E","R","BOSS","M","M","$","?","?","R","?","R","T","M","$","E","?","M","R","BOSS","M","?","?","?","?","E","R","E","T","M","?","E","?","M","R","BOSS","BOSS","R","$","E","BOSS"],"build_version":"2019-08-26","purchased_purges":4,"victory":true,"max_hp_per_floor":[66,66,66,66,66,66,66,66,66,66,66,66,66,66,66,66,66,66,66,66,66,66,66,67,67,67,68,68,69,69,70,70,71,76,77,77,77,77,78,79,79,80,80,81,81,82,78,79,79,80,81,81,81,81,82,83],"card_choices":[{"not_picked":["Flying Knee","Blade Dance","Caltrops"],"picked":"SKIP","floor":1.0},{"not_picked":["Distraction","Flying Knee","Dagger Spray"],"picked":"SKIP","floor":5.0},{"not_picked":["Bane","Dodge and Roll"],"picked":"Noxious Fumes","floor":6.0},{"not_picked":["Blade Dance","Bullet Time"],"picked":"Acrobatics","floor":7.0},{"not_picked":["Bane","Poisoned Stab","Outmaneuver"],"picked":"SKIP","floor":14.0},{"not_picked":["Night Terror","Glass Knife"],"picked":"Corpse Explosion","floor":16.0},{"not_picked":["Slice+1","Quick Slash"],"picked":"Prepared","floor":18.0},{"not_picked":["Choke","Cloak And Dagger","PiercingWail"],"picked":"SKIP","floor":19.0},{"not_picked":["Crippling Poison","Noxious Fumes","Riddle With Holes+1"],"picked":"SKIP","floor":24.0},{"not_picked":["Underhanded Strike","Choke"],"picked":"Backflip","floor":27.0},{"not_picked":["Deflect","Choke"],"picked":"After Image","floor":29.0},{"not_picked":["Sucker Punch","Prepared","Predator"],"picked":"SKIP","floor":31.0},{"not_picked":["Noxious Fumes","Catalyst","Dagger Throw+1"],"picked":"SKIP","floor":35.0},{"not_picked":["Backflip+1","Bane+1","Poisoned Stab"],"picked":"SKIP","floor":39.0},{"not_picked":["Backflip+1","Bouncing Flask","Dodge and Roll"],"picked":"SKIP","floor":40.0},{"not_picked":["PiercingWail+1","Outmaneuver","Expertise"],"picked":"SKIP","floor":42.0},{"not_picked":["Flying Knee","Unload","Acrobatics"],"picked":"SKIP","floor":44.0},{"not_picked":["Mind Blast","Good Instincts"],"picked":"Master of Strategy","floor":45.0},{"not_picked":["Backflip","Blade Dance"],"picked":"Eviscerate+1","floor":46.0},{"not_picked":["Leg Sweep+1","Prepared+1"],"picked":"Footwork","floor":48.0},{"not_picked":["Blade Dance+1","Footwork+1"],"picked":"Tactician+1","floor":55.0}],"player_experience":3206270,"relics_obtained":[{"floor":6.0,"key":"Bag of Preparation"},{"floor":9.0,"key":"Pen Nib"},{"floor":14.0,"key":"Sundial"},{"floor":29.0,"key":"Thread and Needle"},{"floor":40.0,"key":"Oddly Smooth Stone"},{"floor":42.0,"key":"War Paint"},{"floor":43.0,"key":"Omamori"},{"floor":46.0,"key":"Toxic Egg 2"},{"floor":55.0,"key":"Dodecahedron"}],"event_choices":[{"cards_removed":["Strike_G"],"damage_healed":0.0,"max_hp_gain":0.0,"max_hp_loss":0.0,"gold_gain":0.0,"event_name":"Wheel of Change","player_choice":"Card Removal","floor":3.0,"gold_loss":0.0,"damage_taken":0.0},{"damage_healed":0.0,"max_hp_gain":0.0,"max_hp_loss":0.0,"gold_gain":0.0,"event_name":"Shining Light","player_choice":"Entered Light","floor":8.0,"gold_loss":0.0,"damage_taken":20.0,"cards_upgraded":["Defend_G","Strike_G"]},{"damage_healed":0.0,"max_hp_gain":0.0,"max_hp_loss":0.0,"gold_gain":0.0,"event_name":"Liars Game","player_choice":"Ignored","floor":10.0,"gold_loss":0.0,"damage_taken":0.0},{"damage_healed":0.0,"max_hp_gain":0.0,"max_hp_loss":0.0,"gold_gain":0.0,"event_name":"Scrap Ooze","player_choice":"Success","floor":12.0,"gold_loss":0.0,"damage_taken":11.0,"relics_obtained":["Potion Belt"]},{"damage_healed":0.0,"max_hp_gain":0.0,"max_hp_loss":0.0,"gold_gain":50.0,"event_name":"Nest","player_choice":"Stole From Cult","floor":21.0,"gold_loss":0.0,"damage_taken":0.0},{"damage_healed":0.0,"max_hp_gain":0.0,"max_hp_loss":0.0,"gold_gain":0.0,"event_name":"FaceTrader","player_choice":"Trade","floor":22.0,"gold_loss":0.0,"damage_taken":0.0,"relics_obtained":["FaceOfCleric"]},{"damage_healed":0.0,"max_hp_gain":0.0,"max_hp_loss":0.0,"gold_gain":0.0,"event_name":"Cursed Tome","player_choice":"Ignored","floor":30.0,"gold_loss":0.0,"damage_taken":0.0},{"damage_healed":0.0,"max_hp_gain":0.0,"max_hp_loss":0.0,"gold_gain":0.0,"event_name":"WeMeetAgain","player_choice":"Gave Potion","floor":36.0,"gold_loss":0.0,"damage_taken":0.0,"relics_obtained":["Ornamental Fan"]},{"damage_healed":0.0,"max_hp_gain":0.0,"max_hp_loss":0.0,"gold_gain":0.0,"event_name":"Lab","player_choice":"Got Potions","floor":38.0,"gold_loss":0.0,"damage_taken":0.0},{"damage_healed":0.0,"max_hp_gain":0.0,"max_hp_loss":0.0,"gold_gain":0.0,"event_name":"SensoryStone","player_choice":"Memory 2","floor":45.0,"gold_loss":0.0,"damage_taken":5.0},{"damage_healed":0.0,"max_hp_gain":0.0,"max_hp_loss":4.0,"gold_gain":0.0,"event_name":"Winding Halls","player_choice":"Max HP","floor":47.0,"gold_loss":0.0,"damage_taken":0.0}],"is_beta":true,"boss_relics":[{"not_picked":["Calling Bell","Busted Crown"],"picked":"Runic Dome"},{"not_picked":["Philosopher\u0027s Stone","HoveringKite"],"picked":"Tiny House"}],"items_purged_floors":[2,20,37,54],"is_endless":false,"potions_floor_spawned":[7,16,18,19,33,40,44,46],"ascension_level":20}