{"gold_per_floor":[116,135,210,221,240,265,265,265,265,11,30,43,65,81,81,185,185,203,203,177,54,54,54,64,64,112,112,112],"floor_reached":28,"playtime":2867,"items_purged":[],"score":220,"play_id":"b6760e08-f875-47fc-9ac9-da5ca3de6b81","local_time":"20190804172112","is_ascension_mode":false,"campfire_choices":[{"data":"Armaments","floor":7,"key":"SMITH"},{"floor":15,"key":"REST"},{"floor":23,"key":"REST"},{"floor":25,"key":"REST"},{"data":"Shockwave","floor":27,"key":"SMITH"}],"neow_cost":"NONE","seed_source_timestamp":521830106333269,"circlet_count":0,"master_deck":["Strike_R","Strike_R","Strike_R","Strike_R","Defend_R","Defend_R","Defend_R","Defend_R","Bash","Battle Trance","Anger","Pommel Strike","Ghostly Armor","Armaments+1","Armaments","Flex","Flex","Limit Break","Shrug It Off","Pommel Strike+1","Evolve","Shockwave+1","Sword Boomerang","Bloodletting","Intimidate"],"relics":["Black Blood","Question Card","Bottled Flame","Medical Kit","Odd Mushroom","FaceOfCleric","Juzu Bracelet"],"potions_floor_usage":[6,6,13,16,16,18,24],"damage_taken":[{"damage":11,"enemies":"Jaw Worm","floor":1,"turns":4},{"damage":3,"enemies":"Small Slimes","floor":2,"turns":3},{"damage":0,"enemies":"2 Louse","floor":4,"turns":3},{"damage":15,"enemies":"Exordium Thugs","floor":5,"turns":6},{"damage":12,"enemies":"Gremlin Nob","floor":6,"turns":4},{"damage":2,"enemies":"3 Louse","floor":11,"turns":4},{"damage":5,"enemies":"Looter","floor":12,"turns":3},{"damage":47,"enemies":"The Mushroom Lair","floor":13,"turns":6},{"damage":5,"enemies":"Large Slime","floor":14,"turns":7},{"damage":43,"enemies":"Slime Boss","floor":16,"turns":17},{"damage":30,"enemies":"Spheric Guardian","floor":18,"turns":8},{"damage":23,"enemies":"2 Thieves","floor":20,"turns":5},{"damage":57,"enemies":"Snake Plant","floor":24,"turns":8},{"damage":82,"enemies":"Gremlin Leader","floor":28,"turns":10}],"seed_played":"4665017016933229613","potions_obtained":[{"floor":2,"key":"BloodPotion"},{"floor":4,"key":"SpeedPotion"},{"floor":5,"key":"Weak Potion"},{"floor":13,"key":"Fruit Juice"},{"floor":14,"key":"EssenceOfSteel"},{"floor":20,"key":"BloodPotion"}],"is_trial":false,"path_per_floor":["M","M","?","M","M","E","R","?","T","$","M","M","?","M","R","B",null,"M","?","M","$","?","R","M","R","T","R","E"],"character_chosen":"IRONCLAD","items_purchased":["Medical Kit","Weak Potion","Evolve","Shockwave"],"campfire_rested":3,"item_purchase_floors":[10,10,21,21],"current_hp_per_floor":[75,78,67,73,64,74,74,74,74,74,78,79,43,44,69,32,85,65,65,53,53,53,78,53,79,79,79,0],"gold":112,"neow_bonus":"THREE_CARDS","is_prod":false,"is_daily":false,"chose_seed":false,"campfire_upgraded":2,"win_rate":0.0,"timestamp":1564964472,"path_taken":["M","M","?","M","M","E","R","?","T","?","M","M","?","M","R","BOSS","M","?","M","?","?","R","?","R","T","R","E"],"build_version":"2019-07-17","purchased_purges":0,"victory":false,"max_hp_per_floor":[80,80,80,80,80,80,80,80,80,80,80,80,85,85,85,85,85,85,85,86,86,86,86,87,87,87,87,87],"card_choices":[{"not_picked":["Pummel","Reckless Charge"],"picked":"Battle Trance","floor":0},{"not_picked":["Armaments","Pommel Strike"],"picked":"Anger","floor":1},{"not_picked":["Reckless Charge","Body Slam"],"picked":"Pommel Strike","floor":2},{"not_picked":["Second Wind","True Grit"],"picked":"Ghostly Armor","floor":4},{"not_picked":["Clash","Wild Strike","Corruption"],"picked":"SKIP","floor":5},{"not_picked":["Infernal Blade","Clash"],"picked":"Armaments","floor":6},{"not_picked":["Uppercut","Corruption","Sword Boomerang"],"picked":"Armaments","floor":11},{"not_picked":["Metallicize","Fiend Fire","Sever Soul"],"picked":"Burning Pact","floor":12},{"not_picked":["Clothesline","Flame Barrier","Carnage"],"picked":"Flex","floor":13},{"not_picked":["Searing Blow","Entrench","Twin Strike"],"picked":"Flex","floor":14},{"not_picked":["Barricade","Bludgeon","Demon Form"],"picked":"Limit Break","floor":16},{"not_picked":["True Grit","Twin Strike","Wild Strike+1"],"picked":"Shrug It Off","floor":18},{"not_picked":["Armaments","Anger","Thunderclap"],"picked":"Pommel Strike+1","floor":20},{"not_picked":["Sentinel","Clash","Twin Strike+1"],"picked":"Intimidate","floor":24}],"player_experience":313755,"relics_obtained":[{"floor":6,"key":"Question Card"},{"floor":9,"key":"Bottled Flame"},{"floor":13,"key":"Odd Mushroom"},{"floor":26,"key":"Juzu Bracelet"}],"event_choices":[{"damage_healed":0,"gold_gain":75,"player_choice":"Gather Gold","damage_taken":11,"max_hp_gain":0,"max_hp_loss":0,"event_name":"World of Goop","floor":3,"gold_loss":0},{"damage_healed":0,"gold_gain":0,"player_choice":"Ignored","damage_taken":0,"max_hp_gain":0,"max_hp_loss":0,"event_name":"Golden Idol","floor":8,"gold_loss":0},{"damage_healed":0,"gold_gain":0,"player_choice":"Fought Mushrooms","damage_taken":0,"max_hp_gain":0,"max_hp_loss":0,"event_name":"Mushrooms","floor":13,"gold_loss":0},{"damage_healed":0,"gold_gain":0,"player_choice":"Trade","damage_taken":0,"relics_obtained":["FaceOfCleric"],"max_hp_gain":0,"max_hp_loss":0,"event_name":"FaceTrader","floor":19,"gold_loss":0},{"damage_healed":0,"gold_gain":0,"cards_transformed":["Burning Pact","Strike_R"],"player_choice":"Became Test Subject","damage_taken":0,"max_hp_gain":0,"max_hp_loss":0,"event_name":"Drug Dealer","floor":22,"gold_loss":0,"cards_obtained":["Sword Boomerang","Bloodletting"]}],"is_beta":false,"boss_relics":[{"not_picked":["Coffee Dripper","Snecko Eye"],"picked":"Black Blood"}],"items_purged_floors":[],"is_endless":false,"potions_floor_spawned":[2,4,5,13,14,20],"killed_by":"Gremlin Leader","ascension_level":0}