{"gold_per_floor":[19,33,33,52,72,72,101,26,50,68,68,98,98,108,108,187,187,201,216,11,11,11,66,66,101,128,153,163,46,46,57,57,134,134,148,194,69,69,80,80,113,126,126,126,158,168,25,42,42,42,42,42,42,42,76,76],"floor_reached":57,"playtime":2547,"items_purged":["Strike_G","Strike_G","Defend_G"],"score":3110,"play_id":"386123ad-e37c-4ea5-8f27-180e9c424127","local_time":"20190815013547","is_ascension_mode":true,"campfire_choices":[{"data":"Choke","floor":6.0,"key":"SMITH"},{"data":"Night Terror","floor":11.0,"key":"SMITH"},{"data":"Corpse Explosion","floor":13.0,"key":"SMITH"},{"data":"Neutralize","floor":15.0,"key":"SMITH"},{"data":"Purity","floor":24.0,"key":"SMITH"},{"data":"Calculated Gamble","floor":32.0,"key":"SMITH"},{"data":"Prepared","floor":40.0,"key":"SMITH"},{"floor":49.0,"key":"RECALL"},{"data":"Finesse","floor":53.0,"key":"SMITH"}],"neow_cost":"NO_GOLD","seed_source_timestamp":735472418025505,"circlet_count":0,"master_deck":["AscendersBane","Defend_G","Defend_G","Defend_G","Defend_G","Survivor","Neutralize+1","Choke+1","Corpse Explosion+1","PiercingWail","Night Terror+1","Heel Hook","Reflex+1","Grand Finale","Purity+1","Backflip","Acrobatics","Calculated Gamble+1","Well Laid Plans","Prepared+1","Master of Strategy","Escape Plan","Finesse+1","Prepared+1","Tactician+1"],"special_seed":0,"relics":["Ring of the Snake","Happy Flower","Bag of Preparation","Bag of Marbles","White Beast Statue","Tiny Chest","Anchor","Snake Skull","Centennial Puzzle","Black Star","Ginger","Juzu Bracelet","Darkstone Periapt","Dodecahedron","Vajra","Thread and Needle","Blood Vial"],"potions_floor_usage":[56],"damage_taken":[{"damage":2.0,"enemies":"2 Louse","floor":1.0,"turns":3.0},{"damage":1.0,"enemies":"Small Slimes","floor":2.0,"turns":3.0},{"damage":0.0,"enemies":"Jaw Worm","floor":4.0,"turns":6.0},{"damage":21.0,"enemies":"Exordium Thugs","floor":5.0,"turns":3.0},{"damage":12.0,"enemies":"3 Sentries","floor":7.0,"turns":4.0},{"damage":1.0,"enemies":"Exordium Wildlife","floor":10.0,"turns":2.0},{"damage":12.0,"enemies":"Lagavulin","floor":12.0,"turns":7.0},{"damage":0.0,"enemies":"Looter","floor":14.0,"turns":3.0},{"damage":0.0,"enemies":"Hexaghost","floor":16.0,"turns":8.0},{"damage":0.0,"enemies":"3 Byrds","floor":18.0,"turns":2.0},{"damage":4.0,"enemies":"Spheric Guardian","floor":19.0,"turns":4.0},{"damage":0.0,"enemies":"Book of Stabbing","floor":23.0,"turns":3.0},{"damage":8.0,"enemies":"Gremlin Leader","floor":25.0,"turns":3.0},{"damage":13.0,"enemies":"Slavers","floor":27.0,"turns":3.0},{"damage":11.0,"enemies":"3 Cultists","floor":28.0,"turns":3.0},{"damage":0.0,"enemies":"Snecko","floor":31.0,"turns":2.0},{"damage":0.0,"enemies":"Champ","floor":33.0,"turns":5.0},{"damage":6.0,"enemies":"Orb Walker","floor":35.0,"turns":3.0},{"damage":0.0,"enemies":"2 Orb Walkers","floor":36.0,"turns":1.0},{"damage":0.0,"enemies":"3 Shapes","floor":39.0,"turns":2.0},{"damage":0.0,"enemies":"Reptomancer","floor":41.0,"turns":2.0},{"damage":0.0,"enemies":"Writhing Mass","floor":42.0,"turns":2.0},{"damage":10.0,"enemies":"Nemesis","floor":45.0,"turns":5.0},{"damage":0.0,"enemies":"Maw","floor":46.0,"turns":3.0},{"damage":0.0,"enemies":"4 Shapes","floor":48.0,"turns":1.0},{"damage":13.0,"enemies":"Time Eater","floor":50.0,"turns":5.0},{"damage":10.0,"enemies":"Donu and Deca","floor":51.0,"turns":4.0},{"damage":0,"enemies":"Shield and Spear","floor":55,"turns":2},{"damage":47,"enemies":"The Heart","floor":56,"turns":6}],"seed_played":"5820977151098710077","potions_obtained":[{"floor":2.0,"key":"AttackPotion"},{"floor":5.0,"key":"Poison Potion"},{"floor":10.0,"key":"Poison Potion"},{"floor":16.0,"key":"GamblersBrew"},{"floor":18.0,"key":"AttackPotion"},{"floor":19.0,"key":"Weak Potion"},{"floor":23.0,"key":"PowerPotion"},{"floor":25.0,"key":"Ancient Potion"},{"floor":27.0,"key":"SmokeBomb"},{"floor":28.0,"key":"SkillPotion"},{"floor":35.0,"key":"GhostInAJar"},{"floor":42.0,"key":"Ancient Potion"},{"floor":45.0,"key":"EntropicBrew"},{"floor":48.0,"key":"PowerPotion"},{"floor":55,"key":"GamblersBrew"}],"is_trial":false,"path_per_floor":["M","M","?","M","M","R","E","$","T","M","R","E","R","M","R","B",null,"M","M","$","?","?","E","R","E","T","E","M","$","$","M","R","B",null,"M","?","$","?","M","R","E","M","T","$","E","M","$","M","R","B","B",null,"R","$","E","B",null],"character_chosen":"THE_SILENT","items_purchased":["Purity","Calculated Gamble","Well Laid Plans","Escape Plan","Finesse"],"campfire_rested":0,"item_purchase_floors":[20,29,29,47,47],"current_hp_per_floor":[57,56,56,56,35,35,23,23,23,22,22,10,10,10,10,10,52,52,48,48,48,48,48,48,40,40,27,16,16,16,16,16,16,54,48,48,48,48,48,48,48,48,48,48,38,38,38,38,38,25,15,53,53,53,53,8],"gold":76,"neow_bonus":"TRANSFORM_TWO_CARDS","is_prod":false,"is_daily":false,"chose_seed":false,"campfire_upgraded":8,"win_rate":0,"timestamp":1565800547,"path_taken":["M","M","?","M","M","R","E","$","T","M","R","E","R","M","R","BOSS","M","M","$","?","?","E","R","E","T","E","M","?","$","?","R","BOSS","M","?","$","?","M","R","E","M","T","?","E","M","$","M","R","BOSS","BOSS","R","$","E","BOSS"],"build_version":"2019-07-17","purchased_purges":3,"victory":true,"max_hp_per_floor":[66,66,66,66,66,66,66,66,66,66,66,66,66,66,66,66,66,66,66,66,66,66,66,66,66,66,66,66,66,66,66,66,66,66,66,66,66,66,66,66,66,66,66,66,66,66,66,66,66,66,66,66,66,66,66,66],"card_choices":[{"not_picked":["Slice","Dodge and Roll"],"picked":"PiercingWail","floor":1.0},{"not_picked":["Bane","Prepared","Predator"],"picked":"SKIP","floor":2.0},{"not_picked":["Dash","Slice","Underhanded Strike"],"picked":"SKIP","floor":4.0},{"not_picked":["Dash","Poisoned Stab","Underhanded Strike"],"picked":"SKIP","floor":5.0},{"not_picked":["All Out Attack","Predator","Slice"],"picked":"SKIP","floor":7.0},{"not_picked":["All Out Attack","Predator","Slice"],"picked":"SKIP","floor":7.0},{"not_picked":["All Out Attack","Predator","Slice"],"picked":"SKIP","floor":7.0},{"not_picked":["Backflip","Sucker Punch"],"picked":"Night Terror","floor":10.0},{"not_picked":["Skewer","Deflect","Infinite Blades"],"picked":"SKIP","floor":12.0},{"not_picked":["Caltrops","Prepared"],"picked":"Heel Hook","floor":14.0},{"not_picked":["Sucker Punch+1","Cloak And Dagger"],"picked":"Reflex+1","floor":18.0},{"not_picked":["Slice","Eviscerate"],"picked":"Grand Finale","floor":19.0},{"not_picked":["Slice","Dodge and Roll","Dash"],"picked":"SKIP","floor":23.0},{"not_picked":["Concentrate","Die Die Die","Riddle With Holes"],"picked":"SKIP","floor":25.0},{"not_picked":["Cloak And Dagger","Dodge and Roll"],"picked":"Backflip","floor":27.0},{"not_picked":["Backflip+1","Dagger Throw+1"],"picked":"Acrobatics","floor":28.0},{"not_picked":["Calculated Gamble","Choke","Prepared"],"picked":"SKIP","floor":31.0},{"not_picked":["Accuracy","Deflect"],"picked":"Prepared","floor":35.0},{"not_picked":["Swift Strike","Dark Shackles"],"picked":"Master of Strategy","floor":38.0},{"not_picked":["Acrobatics","Dagger Spray+1","Prepared"],"picked":"SKIP","floor":39.0},{"not_picked":["Finisher+1","Endless Agony+1","Well Laid Plans+1"],"picked":"SKIP","floor":41.0},{"not_picked":["Blade Dance","Dagger Spray","Flechettes"],"picked":"SKIP","floor":42.0},{"not_picked":["Terror","Blur+1","Distraction"],"picked":"SKIP","floor":45.0},{"not_picked":["Outmaneuver","Dodge and Roll+1","Deflect"],"picked":"SKIP","floor":46.0},{"not_picked":["Bouncing Flask","Dagger Throw"],"picked":"Prepared+1","floor":48.0},{"not_picked":["Slice","Bouncing Flask+1"],"picked":"Tactician+1","floor":55}],"player_experience":892660,"relics_obtained":[{"floor":7.0,"key":"Happy Flower"},{"floor":9.0,"key":"Bag of Preparation"},{"floor":12.0,"key":"Bag of Marbles"},{"floor":23.0,"key":"Tiny Chest"},{"floor":25.0,"key":"Anchor"},{"floor":26.0,"key":"Snake Skull"},{"floor":27.0,"key":"Centennial Puzzle"},{"floor":36.0,"key":"Ginger"},{"floor":41.0,"key":"Juzu Bracelet"},{"floor":41.0,"key":"Darkstone Periapt"},{"floor":45.0,"key":"Dodecahedron"},{"floor":45.0,"key":"Vajra"},{"floor":55,"key":"Thread and Needle"},{"floor":55,"key":"Blood Vial"}],"event_choices":[{"cards_removed":["Strike_G"],"damage_healed":0.0,"max_hp_gain":0.0,"max_hp_loss":0.0,"gold_gain":0.0,"event_name":"Living Wall","player_choice":"Forget","floor":3.0,"gold_loss":0.0,"damage_taken":0.0},{"damage_healed":0.0,"max_hp_gain":0.0,"max_hp_loss":0.0,"gold_gain":0.0,"event_name":"Vampires","player_choice":"Ignored","floor":21.0,"gold_loss":0.0,"damage_taken":0.0},{"damage_healed":0.0,"max_hp_gain":0.0,"max_hp_loss":0.0,"gold_gain":0.0,"event_name":"Cursed Tome","player_choice":"Ignored","floor":22.0,"gold_loss":0.0,"damage_taken":0.0},{"damage_healed":0.0,"max_hp_gain":0.0,"max_hp_loss":0.0,"gold_gain":0.0,"event_name":"Mysterious Sphere","player_choice":"Fight","floor":36.0,"gold_loss":0.0,"damage_taken":0.0},{"damage_healed":0.0,"max_hp_gain":0.0,"max_hp_loss":0.0,"gold_gain":0.0,"event_name":"SensoryStone","player_choice":"Memory 1","floor":38.0,"gold_loss":0.0,"damage_taken":0.0}],"is_beta":false,"boss_relics":[{"not_picked":["Ring of the Serpent","Ectoplasm"],"picked":"White Beast Statue"},{"not_picked":["Sozu","Empty Cage"],"picked":"Black Star"}],"items_purged_floors":[8,20,37],"is_endless":false,"potions_floor_spawned":[2,5,10,16,18,19,23,25,27,28,31,33,35,36,39,42,45,46,48,55],"ascension_level":20}