{"gold_per_floor":[217,217,217,15,35,35,70,86,111,129,129,144,144,154,154,233,233,250,250,250,3,23,23,56,56,133,133,133],"floor_reached":28,"playtime":672,"items_purged":["Strike_B"],"score":472,"play_id":"50149434-fb2f-47cb-af51-696a5b7c5344","local_time":"20190906181102","is_ascension_mode":true,"campfire_choices":[{"data":"Sunder","floor":6.0,"key":"SMITH"},{"data":"Coolheaded","floor":11.0,"key":"SMITH"},{"floor":15.0,"key":"REST"},{"data":"Recycle","floor":23.0,"key":"SMITH"},{"data":"Dualcast","floor":25.0,"key":"SMITH"},{"data":"Zap","floor":27.0,"key":"SMITH"}],"neow_cost":"NONE","seed_source_timestamp":845520961130505,"circlet_count":0,"master_deck":["AscendersBane","Strike_B","Strike_B","Strike_B","Defend_B","Defend_B","Defend_B","Defend_B","Zap+1","Dualcast+1","Coolheaded+1","Defragment","Sunder+1","Turbo","Double Energy","Defragment","Undo","Recycle+1","Defragment","Leap","Machine Learning","Heatsinks","Coolheaded+1","Ball Lightning","Cold Snap"],"special_seed":0,"relics":["Cracked Core","Bag of Marbles","Pen Nib","PreservedInsect","Coffee Dripper","Bag of Preparation","Ornamental Fan","Sundial"],"potions_floor_usage":[],"damage_taken":[{"damage":4.0,"enemies":"Small Slimes","floor":1.0,"turns":3.0},{"damage":0.0,"enemies":"2 Louse","floor":5.0,"turns":1.0},{"damage":26.0,"enemies":"Gremlin Nob","floor":7.0,"turns":4.0},{"damage":0.0,"enemies":"Cultist","floor":8.0,"turns":2.0},{"damage":0.0,"enemies":"Looter","floor":10.0,"turns":1.0},{"damage":18.0,"enemies":"3 Louse","floor":12.0,"turns":4.0},{"damage":0.0,"enemies":"2 Fungi Beasts","floor":14.0,"turns":3.0},{"damage":10.0,"enemies":"The Guardian","floor":16.0,"turns":15.0},{"damage":45.0,"enemies":"3 Byrds","floor":18.0,"turns":6.0},{"damage":0.0,"enemies":"Shell Parasite","floor":22.0,"turns":6.0},{"damage":14.0,"enemies":"Book of Stabbing","floor":24.0,"turns":4.0},{"damage":2,"enemies":"Slavers","floor":28,"turns":2}],"seed_played":"5203187572722585894","potions_obtained":[{"floor":5.0,"key":"GamblersBrew"},{"floor":7.0,"key":"Strength Potion"},{"floor":12.0,"key":"Fire Potion"},{"floor":14.0,"key":"Strength Potion"},{"floor":18.0,"key":"GamblersBrew"},{"floor":22.0,"key":"SteroidPotion"}],"is_trial":false,"path_per_floor":["M","?","?","$","M","R","E","M","T","M","R","M","?","M","R","B",null,"M","?","?","$","M","R","E","R","T","R","E"],"character_chosen":"DEFECT","items_purchased":["Defragment","Sunder","Turbo","Bag of Preparation"],"campfire_rested":1,"item_purchase_floors":[4,4,4,21],"current_hp_per_floor":[60,65,54,54,54,54,28,28,28,28,28,10,10,10,32,22,63,18,18,18,18,18,18,4,4,4,4,2],"gold":133,"neow_bonus":"HUNDRED_GOLD","is_prod":false,"is_daily":false,"chose_seed":false,"campfire_upgraded":5,"win_rate":0,"timestamp":1567764662,"path_taken":["M","?","?","$","M","R","E","M","T","M","R","M","?","M","R","BOSS","M","?","?","$","M","R","E","R","T","R","E"],"build_version":"2019-07-17","purchased_purges":1,"victory":false,"max_hp_per_floor":[71,76,76,76,76,76,76,76,76,76,76,76,76,76,76,76,76,76,76,76,76,76,76,76,76,76,76,76],"card_choices":[{"not_picked":["Beam Cell","Go for the Eyes"],"picked":"Coolheaded","floor":1.0},{"not_picked":["Barrage","Static Discharge"],"picked":"Double Energy","floor":5.0},{"not_picked":["Reinforced Body","Loop"],"picked":"Defragment","floor":7.0},{"not_picked":["Fusion","Melter"],"picked":"Undo","floor":8.0},{"not_picked":["Barrage","Steam Power"],"picked":"Recycle","floor":10.0},{"not_picked":["Undo","Tempest"],"picked":"Defragment","floor":12.0},{"not_picked":["Sweeping Beam","Hyperbeam"],"picked":"Leap","floor":14.0},{"not_picked":["Fission","Creative AI"],"picked":"Machine Learning","floor":16.0},{"not_picked":["Stack","Storm","Consume"],"picked":"SKIP","floor":18.0},{"not_picked":["Barrage","Storm"],"picked":"Ball Lightning","floor":22.0},{"not_picked":["Storm","Barrage"],"picked":"Cold Snap","floor":24.0}],"player_experience":2267323,"relics_obtained":[{"floor":7.0,"key":"Pen Nib"},{"floor":9.0,"key":"PreservedInsect"},{"floor":24.0,"key":"Ornamental Fan"},{"floor":26.0,"key":"Sundial"}],"event_choices":[{"damage_healed":0.0,"max_hp_gain":5.0,"max_hp_loss":0.0,"gold_gain":0.0,"event_name":"Big Fish","player_choice":"Donut","floor":2.0,"gold_loss":0.0,"damage_taken":0.0},{"damage_healed":0.0,"max_hp_gain":0.0,"max_hp_loss":0.0,"gold_gain":0.0,"event_name":"Scrap Ooze","player_choice":"Success","floor":3.0,"gold_loss":0.0,"damage_taken":11.0,"relics_obtained":["Bag of Marbles"]},{"damage_healed":0.0,"max_hp_gain":0.0,"max_hp_loss":0.0,"gold_gain":0.0,"event_name":"Liars Game","player_choice":"Ignored","floor":13.0,"gold_loss":0.0,"damage_taken":0.0},{"damage_healed":0.0,"max_hp_gain":0.0,"max_hp_loss":0.0,"gold_gain":0.0,"event_name":"The Library","player_choice":"Read","floor":19.0,"gold_loss":0.0,"damage_taken":0.0,"cards_obtained":["Heatsinks"]},{"damage_healed":0.0,"max_hp_gain":0.0,"max_hp_loss":0.0,"gold_gain":0.0,"event_name":"Duplicator","player_choice":"Copied","floor":20.0,"gold_loss":0.0,"damage_taken":0.0,"cards_obtained":["Coolheaded"]}],"is_beta":false,"boss_relics":[{"not_picked":["Sozu","Fusion Hammer"],"picked":"Coffee Dripper"}],"items_purged_floors":[21],"is_endless":false,"potions_floor_spawned":[5,7,12,14,18,22],"killed_by":"Slavers","ascension_level":20}