{"gold_per_floor":[119,44,0,13,24,50,50,50,50,50,82,7,7,21,21,98,98,110,110,17,37,49,49,68,68,117,117,146,3,3,13,13,87,87,105,5,5,5,23,23,72,102,102,127,2,2,14,29,29,29,29,29,29,29,64,64],"floor_reached":56,"playtime":2568,"items_purged":["Strike_B","Strike_B","Sunder+1"],"score":2162,"play_id":"9b66b1fe-9168-494b-9b9c-a12ce3e2deff","local_time":"20190907172702","is_ascension_mode":true,"campfire_choices":[{"data":"Sunder","floor":7.0,"key":"SMITH"},{"data":"Dualcast","floor":10.0,"key":"SMITH"},{"data":"Zap","floor":13.0,"key":"SMITH"},{"data":"Double Energy","floor":15.0,"key":"SMITH"},{"data":"Turbo","floor":23.0,"key":"SMITH"},{"data":"Heatsinks","floor":25.0,"key":"SMITH"},{"data":"Creative AI","floor":27.0,"key":"SMITH"},{"data":"Amplify","floor":32.0,"key":"SMITH"},{"data":"Coolheaded","floor":40.0,"key":"SMITH"},{"data":"Seek","floor":46.0,"key":"SMITH"},{"floor":49.0,"key":"RECALL"},{"data":"Impatience","floor":53.0,"key":"SMITH"}],"neow_cost":"NONE","seed_source_timestamp":0,"circlet_count":0,"master_deck":["AscendersBane","Defend_B","Defend_B","Defend_B","Defend_B","Zap+1","Dualcast+1","Ball Lightning","Echo Form","Double Energy+1","Cold Snap","Creative AI+1","Turbo+1","Creative AI","Heatsinks+1","Self Repair","Skim","Amplify+1","Storm","Seek+1","Heatsinks+1","Impatience+1","Coolheaded+1","Glacier"],"special_seed":0,"relics":["Runic Pyramid","Mummified Hand","Matryoshka","Centennial Puzzle","Eternal Feather","Orichalcum","Potion Belt","Omamori","Calling Bell","Pen Nib","Frozen Egg 2","FossilizedHelix","StoneCalendar","Art of War","Regal Pillow","Blood Vial","Bottled Tornado"],"potions_floor_usage":[56,56,56],"damage_taken":[{"damage":8.0,"enemies":"Small Slimes","floor":1.0,"turns":4.0},{"damage":0.0,"enemies":"2 Louse","floor":4.0,"turns":2.0},{"damage":0.0,"enemies":"Cultist","floor":5.0,"turns":3.0},{"damage":20.0,"enemies":"3 Sentries","floor":6.0,"turns":6.0},{"damage":4.0,"enemies":"Gremlin Nob","floor":11.0,"turns":3.0},{"damage":12.0,"enemies":"Lots of Slimes","floor":14.0,"turns":3.0},{"damage":0.0,"enemies":"The Guardian","floor":16.0,"turns":8.0},{"damage":0.0,"enemies":"Spheric Guardian","floor":18.0,"turns":3.0},{"damage":12.0,"enemies":"2 Thieves","floor":21.0,"turns":3.0},{"damage":3.0,"enemies":"Snecko","floor":22.0,"turns":6.0},{"damage":14.0,"enemies":"Centurion and Healer","floor":24.0,"turns":3.0},{"damage":27.0,"enemies":"Book of Stabbing","floor":28.0,"turns":4.0},{"damage":0.0,"enemies":"3 Cultists","floor":31.0,"turns":3.0},{"damage":17.0,"enemies":"Collector","floor":33.0,"turns":5.0},{"damage":0.0,"enemies":"Orb Walker","floor":35.0,"turns":2.0},{"damage":0.0,"enemies":"3 Shapes","floor":39.0,"turns":2.0},{"damage":5.0,"enemies":"2 Orb Walkers","floor":41.0,"turns":3.0},{"damage":0.0,"enemies":"Giant Head","floor":42.0,"turns":4.0},{"damage":0.0,"enemies":"Nemesis","floor":44.0,"turns":3.0},{"damage":0.0,"enemies":"Jaw Worm Horde","floor":47.0,"turns":3.0},{"damage":3.0,"enemies":"Writhing Mass","floor":48.0,"turns":4.0},{"damage":53.0,"enemies":"Time Eater","floor":50.0,"turns":7.0},{"damage":0.0,"enemies":"Awakened One","floor":51.0,"turns":6.0},{"damage":50.0,"enemies":"Shield and Spear","floor":55.0,"turns":6.0},{"damage":34,"enemies":"The Heart","floor":56,"turns":3}],"seed_played":"5298414977689862496","potions_obtained":[{"floor":4.0,"key":"SteroidPotion"},{"floor":6.0,"key":"Poison Potion"},{"floor":11.0,"key":"PowerPotion"},{"floor":16.0,"key":"Swift Potion"},{"floor":18.0,"key":"FearPotion"},{"floor":22.0,"key":"Ancient Potion"},{"floor":35.0,"key":"Swift Potion"},{"floor":39.0,"key":"SkillPotion"},{"floor":42.0,"key":"EssenceOfSteel"},{"floor":48.0,"key":"FocusPotion"},{"floor":55.0,"key":"Ancient Potion"}],"is_trial":false,"path_per_floor":["M","?","$","M","M","E","R","?","T","R","E","$","R","M","R","B",null,"M","?","$","M","M","R","M","R","T","R","E","$","?","M","R","B",null,"M","$","?","?","M","R","?","E","T","E","$","R","M","M","R","B","B",null,"R","$","E","B"],"character_chosen":"DEFECT","items_purchased":["Sunder","Heatsinks","SkillPotion","Skim","Block Potion"],"campfire_rested":0,"item_purchase_floors":[3,20,20,29,29],"current_hp_per_floor":[56,56,56,56,56,36,36,29,29,29,25,25,25,13,13,13,57,57,57,57,45,42,51,37,46,46,55,35,35,35,49,61,58,68,71,71,67,57,67,67,67,67,67,67,67,67,67,67,67,21,37,60,67,67,31,0],"gold":64,"neow_bonus":"BOSS_RELIC","is_prod":false,"is_daily":false,"chose_seed":false,"campfire_upgraded":11,"win_rate":0,"timestamp":1567848422,"path_taken":["M","?","$","M","M","E","R","?","T","R","E","$","R","M","R","BOSS","M","?","$","?","M","R","?","R","T","R","E","$","?","?","R","BOSS","M","$","?","?","M","R","?","E","T","E","?","R","?","M","R","BOSS","BOSS","R","$","E","BOSS"],"build_version":"2019-08-26","purchased_purges":3,"victory":false,"max_hp_per_floor":[71,71,71,71,71,71,71,71,71,71,71,71,71,71,71,71,71,71,71,71,71,71,71,71,71,71,71,71,71,71,71,71,71,71,71,71,67,67,67,67,67,67,67,67,67,67,67,67,67,67,67,67,67,67,67,67],"card_choices":[{"not_picked":["Compile Driver","Conserve Battery"],"picked":"Ball Lightning","floor":1.0},{"not_picked":["Compile Driver","Stack","Sweeping Beam"],"picked":"SKIP","floor":4.0},{"not_picked":["Hologram","Sweeping Beam"],"picked":"Echo Form","floor":5.0},{"not_picked":["Compile Driver","Beam Cell"],"picked":"Double Energy","floor":6.0},{"not_picked":["Hologram","Conserve Battery","Steam Power"],"picked":"SKIP","floor":11.0},{"not_picked":["Darkness","Leap","Cold Snap"],"picked":"SKIP","floor":14.0},{"not_picked":["Darkness","Leap"],"picked":"Cold Snap","floor":14.0},{"not_picked":["Seek","Echo Form"],"picked":"Creative AI","floor":16.0},{"not_picked":["FTL","Stack"],"picked":"Turbo","floor":18.0},{"not_picked":["Ball Lightning","Rebound+1","Redo"],"picked":"SKIP","floor":21.0},{"not_picked":["Rebound","Leap","Fusion+1"],"picked":"SKIP","floor":22.0},{"not_picked":["Barrage","Gash"],"picked":"Self Repair","floor":24.0},{"not_picked":["Auto Shields","Chaos","Thunder Strike"],"picked":"SKIP","floor":28.0},{"not_picked":["Turbo","Compile Driver"],"picked":"Storm","floor":31.0},{"not_picked":["Electrodynamics","Fission"],"picked":"Seek","floor":33.0},{"not_picked":["Coolheaded","Chaos+1"],"picked":"Heatsinks+1","floor":35.0},{"not_picked":["Enlightenment","Finesse"],"picked":"Impatience","floor":38.0},{"not_picked":["Conserve Battery","Hello World+1"],"picked":"Coolheaded","floor":39.0},{"not_picked":["Conserve Battery","Hello World+1","Fusion"],"picked":"SKIP","floor":42.0},{"not_picked":["Sunder","Barrage"],"picked":"Glacier","floor":44.0},{"not_picked":["Streamline+1","Genetic Algorithm","Compile Driver+1"],"picked":"SKIP","floor":47.0},{"not_picked":["Skim","Steam Power","Gash"],"picked":"SKIP","floor":48.0},{"not_picked":["Hyperbeam","Hologram","Storm+1"],"picked":"SKIP","floor":55.0}],"player_experience":3196569,"relics_obtained":[{"floor":6.0,"key":"Mummified Hand"},{"floor":9.0,"key":"Matryoshka"},{"floor":11.0,"key":"Centennial Puzzle"},{"floor":26.0,"key":"Orichalcum"},{"floor":26.0,"key":"Potion Belt"},{"floor":28.0,"key":"Omamori"},{"floor":34.0,"key":"Pen Nib"},{"floor":34.0,"key":"Frozen Egg 2"},{"floor":34.0,"key":"FossilizedHelix"},{"floor":41.0,"key":"StoneCalendar"},{"floor":42.0,"key":"Art of War"},{"floor":43.0,"key":"Regal Pillow"},{"floor":44.0,"key":"Blood Vial"},{"floor":55.0,"key":"Bottled Tornado"}],"event_choices":[{"cards_removed":["Strike_B"],"damage_healed":0.0,"max_hp_gain":0.0,"max_hp_loss":0.0,"gold_gain":0.0,"event_name":"The Cleric","player_choice":"Card Removal","floor":2.0,"gold_loss":75.0,"damage_taken":0.0},{"cards_removed":["Strike_B"],"damage_healed":0.0,"max_hp_gain":0.0,"max_hp_loss":0.0,"gold_gain":0.0,"event_name":"Golden Wing","player_choice":"Card Removal","floor":8.0,"gold_loss":0.0,"damage_taken":7.0},{"damage_healed":0.0,"max_hp_gain":0.0,"max_hp_loss":0.0,"gold_gain":0.0,"event_name":"Duplicator","player_choice":"Copied","floor":19.0,"gold_loss":0.0,"damage_taken":0.0,"cards_obtained":["Creative AI"]},{"damage_healed":0.0,"max_hp_gain":0.0,"max_hp_loss":0.0,"gold_gain":0.0,"event_name":"Match and Keep!","player_choice":"1 cards matched","floor":30.0,"gold_loss":0.0,"damage_taken":0.0,"cards_obtained":["Amplify"]},{"damage_healed":0.0,"max_hp_gain":0.0,"max_hp_loss":4.0,"gold_gain":0.0,"event_name":"Winding Halls","player_choice":"Max HP","floor":37.0,"gold_loss":0.0,"damage_taken":0.0},{"damage_healed":0.0,"max_hp_gain":0.0,"max_hp_loss":0.0,"gold_gain":0.0,"event_name":"SensoryStone","player_choice":"Memory 3","floor":38.0,"gold_loss":0.0,"damage_taken":10.0},{"damage_healed":0.0,"max_hp_gain":0.0,"max_hp_loss":0.0,"gold_gain":0.0,"event_name":"Mysterious Sphere","player_choice":"Fight","floor":41.0,"gold_loss":0.0,"damage_taken":0.0}],"is_beta":true,"boss_relics":[{"not_picked":["Velvet Choker","Sozu"],"picked":"Eternal Feather"},{"not_picked":["Snecko Eye","Tiny House"],"picked":"Calling Bell"}],"items_purged_floors":[12,36,45],"is_endless":false,"potions_floor_spawned":[4,6,11,16,18,21,22,35,39,42,48,55],"killed_by":"The Heart","ascension_level":20}