{"gold_per_floor":[216,216,226,240,240,270,270,445,445,445,459,114,134,150,150,251,251,271,289,289,34,52,52,52,52,52,52,67,85,96,116,116,219,219,239,259,259,65,81,81,97,97,97,97,0,16,33,51,51,51],"floor_reached":51,"playtime":4011,"items_purged":["Strike_B"],"score":630,"play_id":"af5c4721-a5b0-48ab-a7a0-545fa233646a","local_time":"20190915085612","is_ascension_mode":false,"campfire_choices":[{"floor":7,"key":"REST"},{"floor":10,"key":"REST"},{"floor":15,"key":"REST"},{"floor":23,"key":"REST"},{"floor":25,"key":"REST"},{"data":"Apotheosis","floor":27,"key":"SMITH"},{"floor":32,"key":"REST"},{"floor":40,"key":"REST"},{"data":"Defragment","floor":42,"key":"SMITH"},{"floor":49,"key":"REST"}],"neow_cost":"NONE","seed_source_timestamp":681562269300,"circlet_count":0,"master_deck":["Strike_B","Defend_B","Defend_B","Defend_B","Defend_B","Zap","Dualcast","Go for the Eyes","Sweeping Beam","Streamline","Beam Cell","Doubt","Hologram","Apotheosis+1","Chill","Undo","Defragment+1","Electrodynamics","Capacitor+1","Turbo+1","Leap+1","Conserve Battery+1","Leap","Redo+1","Gash","All For One","Barrage+1","Loop","Auto Shields+1","Chill+1","Madness","Madness","Force Field","Creative AI","Loop+1","BootSequence","Coolheaded+1"],"relics":["Cracked Core","Ornamental Fan","Gremlin Horn","Inserter","Meat on the Bone","Bottled Lightning","Empty Cage","DataDisk","Prayer Wheel","Red Mask"],"potions_floor_usage":[16,19,19,29,39,41,41,47,50],"damage_taken":[{"damage":8,"enemies":"Jaw Worm","floor":1,"turns":3},{"damage":1,"enemies":"Cultist","floor":3,"turns":4},{"damage":6,"enemies":"2 Louse","floor":4,"turns":2},{"damage":42,"enemies":"Gremlin Nob","floor":6,"turns":5},{"damage":24,"enemies":"Large Slime","floor":11,"turns":6},{"damage":0,"enemies":"Exordium Wildlife","floor":13,"turns":2},{"damage":2,"enemies":"Looter","floor":14,"turns":4},{"damage":21,"enemies":"Hexaghost","floor":16,"turns":7},{"damage":13,"enemies":"Shell Parasite","floor":18,"turns":6},{"damage":12,"enemies":"2 Thieves","floor":19,"turns":3},{"damage":27,"enemies":"3 Cultists","floor":22,"turns":5},{"damage":15,"enemies":"Shelled Parasite and Fungi","floor":28,"turns":8},{"damage":11,"enemies":"Snecko","floor":29,"turns":6},{"damage":5,"enemies":"Centurion and Healer","floor":30,"turns":10},{"damage":18,"enemies":"Chosen and Byrds","floor":31,"turns":8},{"damage":52,"enemies":"Automaton","floor":33,"turns":15},{"damage":3,"enemies":"3 Shapes","floor":35,"turns":5},{"damage":5,"enemies":"3 Darklings","floor":36,"turns":6},{"damage":12,"enemies":"Maw","floor":39,"turns":8},{"damage":0,"enemies":"Spire Growth","floor":41,"turns":7},{"damage":0,"enemies":"Jaw Worm Horde","floor":46,"turns":7},{"damage":6,"enemies":"Maw","floor":47,"turns":10},{"damage":8,"enemies":"3 Darklings","floor":48,"turns":9},{"damage":16,"enemies":"Time Eater","floor":50,"turns":17}],"seed_played":"-7871993536973969841","potions_obtained":[{"floor":3,"key":"Ancient Potion"},{"floor":11,"key":"FocusPotion"},{"floor":16,"key":"PowerPotion"},{"floor":18,"key":"Block Potion"},{"floor":28,"key":"PowerPotion"},{"floor":30,"key":"Ancient Potion"},{"floor":36,"key":"FearPotion"},{"floor":41,"key":"Weak Potion"},{"floor":47,"key":"FearPotion"},{"floor":48,"key":"Poison Potion"}],"is_trial":false,"path_per_floor":["M","?","M","M","?","E","R","?","T","R","M","$","M","M","R","B",null,"M","M","?","$","M","R","$","R","T","R","M","M","M","M","R","B",null,"M","M","?","$","M","R","M","R","T","?","?","M","M","M","R","B",null],"character_chosen":"DEFECT","items_purchased":["Apotheosis","Chill","Meat on the Bone","DataDisk","Loop"],"campfire_rested":8,"item_purchase_floors":[12,12,21,38,38],"current_hp_per_floor":[67,67,66,60,60,18,40,40,40,62,38,38,38,36,58,37,75,62,50,36,36,21,45,45,69,69,69,54,43,50,44,68,28,80,77,72,64,64,52,76,76,76,76,66,66,66,60,52,76,60],"gold":51,"neow_bonus":"HUNDRED_GOLD","is_prod":false,"is_daily":false,"chose_seed":false,"campfire_upgraded":2,"win_rate":0,"timestamp":1568508972,"path_taken":["M","?","M","?","?","E","R","?","T","R","M","?","M","M","R","BOSS","M","M","?","$","M","R","$","R","T","R","M","M","M","M","R","BOSS","M","M","?","?","M","R","M","R","T","?","?","?","M","?","R","BOSS"],"build_version":"2019-07-17","purchased_purges":1,"victory":true,"max_hp_per_floor":[75,75,75,75,75,75,75,75,75,75,75,75,75,75,75,75,75,75,75,80,80,80,80,80,80,80,80,80,80,80,80,80,80,80,80,80,80,80,80,80,80,80,80,80,80,80,80,80,80,80],"card_choices":[{"not_picked":["Steam","Stack"],"picked":"Go for the Eyes","floor":1},{"not_picked":["Steam","Stack"],"picked":"Sweeping Beam","floor":3},{"not_picked":["Conserve Battery","Rebound"],"picked":"Streamline","floor":4},{"not_picked":["Skim","Steam Power"],"picked":"Beam Cell","floor":6},{"not_picked":["Lockon","Steam Power"],"picked":"Hologram","floor":11},{"not_picked":["Streamline","Redo"],"picked":"Undo","floor":13},{"not_picked":["Static Discharge","Streamline"],"picked":"Defragment","floor":14},{"not_picked":["All For One","Fission"],"picked":"Electrodynamics","floor":16},{"not_picked":["Gash","Rip and Tear"],"picked":"Capacitor+1","floor":18},{"not_picked":["Redo","Ball Lightning"],"picked":"Turbo+1","floor":19},{"not_picked":["Skim","Chaos"],"picked":"Leap+1","floor":22},{"not_picked":["Sweeping Beam","Go for the Eyes+1"],"picked":"Conserve Battery+1","floor":28},{"not_picked":["Go for the Eyes","Chaos"],"picked":"Leap","floor":29},{"not_picked":["Compile Driver","Hologram"],"picked":"Redo+1","floor":30},{"not_picked":["Storm","Sweeping Beam+1"],"picked":"Gash","floor":31},{"not_picked":["Thunder Strike","Seek"],"picked":"All For One","floor":33},{"not_picked":["Sweeping Beam","Conserve Battery","Leap+1"],"picked":"SKIP","floor":35},{"not_picked":["Beam Cell+1","Capacitor+1"],"picked":"Barrage+1","floor":36},{"not_picked":["Fusion+1","Hologram+1"],"picked":"Auto Shields+1","floor":39},{"not_picked":["Compile Driver+1","Streamline+1"],"picked":"Chill+1","floor":41},{"not_picked":["Barrage+1","Leap"],"picked":"Force Field","floor":46},{"not_picked":["Steam Power+1","Gash"],"picked":"Creative AI","floor":46},{"not_picked":["Streamline+1","Turbo+1"],"picked":"Loop+1","floor":47},{"not_picked":["Genetic Algorithm+1","Scrape"],"picked":"BootSequence","floor":47},{"not_picked":["Stack","Heatsinks"],"picked":"Coolheaded+1","floor":48},{"not_picked":["Barrage+1","Go for the Eyes+1","Hologram"],"picked":"SKIP","floor":48}],"player_experience":373831,"relics_obtained":[{"floor":6,"key":"Ornamental Fan"},{"floor":9,"key":"Gremlin Horn"},{"floor":26,"key":"Bottled Lightning"},{"floor":43,"key":"Prayer Wheel"}],"event_choices":[{"damage_healed":0,"gold_gain":0,"player_choice":"Bought 0 Potions","damage_taken":0,"max_hp_gain":0,"max_hp_loss":0,"event_name":"The Woman in Blue","floor":2,"gold_loss":0},{"damage_healed":0,"gold_gain":0,"player_choice":"Ignored","damage_taken":0,"max_hp_gain":0,"max_hp_loss":0,"event_name":"Shining Light","floor":5,"gold_loss":0},{"damage_healed":0,"gold_gain":175,"player_choice":"AGREE","damage_taken":0,"max_hp_gain":0,"max_hp_loss":0,"event_name":"Liars Game","floor":8,"gold_loss":0,"cards_obtained":["Doubt"]},{"damage_healed":0,"gold_gain":0,"player_choice":"Shed Blood","damage_taken":19,"max_hp_gain":5,"max_hp_loss":0,"event_name":"Forgotten Altar","floor":20,"gold_loss":0},{"damage_healed":0,"gold_gain":0,"player_choice":"Damaged","damage_taken":8,"max_hp_gain":0,"max_hp_loss":0,"event_name":"Wheel of Change","floor":37,"gold_loss":0},{"damage_healed":0,"gold_gain":0,"player_choice":"Embrace Madness","damage_taken":10,"max_hp_gain":0,"max_hp_loss":0,"event_name":"Winding Halls","floor":44,"gold_loss":0,"cards_obtained":["Madness","Madness"]},{"damage_healed":0,"gold_gain":0,"player_choice":"Paid","damage_taken":0,"relics_obtained":["Red Mask"],"max_hp_gain":0,"max_hp_loss":0,"event_name":"Tomb of Lord Red Mask","floor":45,"gold_loss":97}],"is_beta":false,"boss_relics":[{"not_picked":["Nuclear Battery","Lizard Tail"],"picked":"Inserter"},{"not_picked":["Orrery","White Beast Statue"],"picked":"Empty Cage"}],"items_purged_floors":[12],"is_endless":false,"potions_floor_spawned":[3,11,16,18,28,30,36,41,47,48],"ascension_level":0}