{"gold_per_floor":[111,129,129,54,71,71,86,120,144,178,87,87,12,12],"floor_reached":14,"playtime":346,"items_purged":["Defend_G"],"score":196,"play_id":"bd892744-31ff-4c4d-b1d8-8e9e16ad4f5a","local_time":"20190826135536","is_ascension_mode":true,"campfire_choices":[{"data":"All Out Attack","floor":6.0,"key":"SMITH"},{"data":"Flechettes","floor":12,"key":"SMITH"}],"neow_cost":"NONE","seed_source_timestamp":954463820469900,"circlet_count":0,"master_deck":["AscendersBane","Strike_G","Strike_G","Strike_G","Defend_G","Defend_G","Defend_G","Defend_G","Survivor","Neutralize","Footwork","All Out Attack+1","Terror","Acrobatics","Flechettes+1","Purity"],"special_seed":0,"relics":["Coffee Dripper","Bag of Marbles","Potion Belt","Dream Catcher"],"potions_floor_usage":[8,10],"damage_taken":[{"damage":2.0,"enemies":"Cultist","floor":1.0,"turns":5.0},{"damage":2.0,"enemies":"Jaw Worm","floor":2.0,"turns":7.0},{"damage":1.0,"enemies":"Small Slimes","floor":5.0,"turns":5.0},{"damage":6.0,"enemies":"3 Louse","floor":7.0,"turns":3.0},{"damage":27,"enemies":"Gremlin Nob","floor":8,"turns":4},{"damage":1,"enemies":"Lagavulin","floor":10,"turns":7}],"seed_played":"1560670181373997359","potions_obtained":[{"floor":7.0,"key":"GamblersBrew"},{"floor":8,"key":"Weak Potion"},{"floor":10,"key":"SpeedPotion"}],"is_trial":false,"path_per_floor":["M","M","?","$","M","R","M","E","T","E","$","R","?","?"],"character_chosen":"THE_SILENT","items_purchased":["Purity"],"campfire_rested":0,"item_purchase_floors":[11],"current_hp_per_floor":[57,55,55,55,54,54,48,21,21,20,20,20,20,0],"gold":12,"neow_bonus":"BOSS_RELIC","is_prod":false,"is_daily":false,"chose_seed":false,"campfire_upgraded":2,"win_rate":0,"timestamp":1566798936,"path_taken":["M","?","?","$","M","R","M","E","T","E","$","R","?","?"],"build_version":"2019-08-23","purchased_purges":1,"victory":false,"max_hp_per_floor":[66,66,66,66,66,66,66,66,66,66,66,66,66,66],"card_choices":[{"not_picked":["Deflect","Bane","Cloak And Dagger"],"picked":"SKIP","floor":1.0},{"not_picked":["Underhanded Strike","Dagger Spray"],"picked":"Footwork","floor":2.0},{"not_picked":["Quick Slash","Prepared"],"picked":"All Out Attack","floor":5.0},{"not_picked":["Blur","Expertise"],"picked":"Terror","floor":7.0},{"not_picked":["Deflect","Skewer"],"picked":"Acrobatics","floor":8},{"not_picked":["Underhanded Strike","Glass Knife"],"picked":"Flechettes","floor":10}],"player_experience":3101062,"relics_obtained":[{"floor":8,"key":"Bag of Marbles"},{"floor":9,"key":"Potion Belt"},{"floor":10,"key":"Dream Catcher"}],"event_choices":[{"cards_removed":["Strike_G"],"damage_healed":0.0,"max_hp_gain":0.0,"max_hp_loss":0.0,"gold_gain":0.0,"event_name":"Living Wall","player_choice":"Forget","floor":3.0,"gold_loss":0.0,"damage_taken":0.0},{"cards_removed":["Strike_G"],"damage_healed":0,"gold_gain":0,"player_choice":"Card Removal","damage_taken":0,"max_hp_gain":0,"max_hp_loss":0,"event_name":"The Cleric","floor":13,"gold_loss":75}],"is_beta":true,"boss_relics":[],"items_purged_floors":[4],"is_endless":false,"potions_floor_spawned":[7,8,10],"ascension_level":20}