{"gold_per_floor":[19,32,50,67,83,83,112,112,139,139,167,182,182,195,195,274,274,284,73,102,102,102,102,119,119,119,169,194,194,644,663,663,736,736,749,749,749,749,268,268,280,305,305,527,540,540,216,216,216,216,216,216,216,32,57,57],"floor_reached":57,"playtime":1582,"items_purged":["Defend_B","Rip and Tear+1"],"score":2822,"play_id":"2451d1bc-d873-49bc-acf6-757f15681817","local_time":"20190829094902","is_ascension_mode":true,"campfire_choices":[{"data":"Defragment","floor":6.0,"key":"SMITH"},{"data":"Zap","floor":10.0,"key":"SMITH"},{"data":"Dualcast","floor":13.0,"key":"SMITH"},{"data":"Buffer","floor":15.0,"key":"SMITH"},{"data":"Turbo","floor":23.0,"key":"SMITH"},{"data":"Coolheaded","floor":29.0,"key":"SMITH"},{"data":"Biased Cognition","floor":32.0,"key":"SMITH"},{"data":"Heatsinks","floor":40.0,"key":"SMITH"},{"data":"Amplify","floor":46.0,"key":"SMITH"},{"floor":49.0,"key":"RECALL"},{"data":"Capacitor","floor":53.0,"key":"SMITH"}],"neow_cost":"NO_GOLD","seed_source_timestamp":0,"circlet_count":0,"master_deck":["AscendersBane","Zap+1","Dualcast+1","Reinforced Body","Core Surge","Cold Snap","Defragment+1","Cold Snap","Buffer+1","Biased Cognition+1","Self Repair","Conserve Battery","Multi-Cast","Turbo+1","White Noise","Rainbow","Electrodynamics","Capacitor+1","Coolheaded+1","Amplify+1","Reinforced Body+1","Electrodynamics+1","All For One","Heatsinks+1","Storm","Creative AI","Compile Driver","Biased Cognition+1","Double Energy","Defragment","Coolheaded"],"special_seed":0,"relics":["Cracked Core","Torii","Juzu Bracelet","DataDisk","Coffee Dripper","OrangePellets","Red Mask","CultistMask","Orichalcum","Astrolabe","Bottled Tornado","PreservedInsect","Omamori","DollysMirror","Anchor"],"potions_floor_usage":[56],"damage_taken":[{"damage":1.0,"enemies":"Cultist","floor":1.0,"turns":3.0},{"damage":0.0,"enemies":"Jaw Worm","floor":2.0,"turns":3.0},{"damage":0.0,"enemies":"Small Slimes","floor":3.0,"turns":3.0},{"damage":4.0,"enemies":"2 Fungi Beasts","floor":4.0,"turns":4.0},{"damage":2.0,"enemies":"Looter","floor":5.0,"turns":3.0},{"damage":17.0,"enemies":"Gremlin Nob","floor":7.0,"turns":4.0},{"damage":6.0,"enemies":"Lagavulin","floor":11.0,"turns":6.0},{"damage":7.0,"enemies":"Red Slaver","floor":12.0,"turns":3.0},{"damage":0.0,"enemies":"2 Fungi Beasts","floor":14.0,"turns":2.0},{"damage":0.0,"enemies":"Slime Boss","floor":16.0,"turns":5.0},{"damage":0.0,"enemies":"Spheric Guardian","floor":18.0,"turns":3.0},{"damage":9.0,"enemies":"Masked Bandits","floor":20.0,"turns":3.0},{"damage":0.0,"enemies":"Chosen","floor":24.0,"turns":5.0},{"damage":0.0,"enemies":"3 Cultists","floor":31.0,"turns":4.0},{"damage":0.0,"enemies":"Collector","floor":33.0,"turns":7.0},{"damage":0.0,"enemies":"Orb Walker","floor":35.0,"turns":3.0},{"damage":0.0,"enemies":"3 Shapes","floor":41.0,"turns":3.0},{"damage":0.0,"enemies":"Giant Head","floor":42.0,"turns":7.0},{"damage":13.0,"enemies":"Sphere and 2 Shapes","floor":45.0,"turns":3.0},{"damage":10.0,"enemies":"Donu and Deca","floor":50.0,"turns":5.0},{"damage":12.0,"enemies":"Time Eater","floor":51.0,"turns":6.0},{"damage":18.0,"enemies":"Shield and Spear","floor":55.0,"turns":3.0},{"damage":58,"enemies":"The Heart","floor":56,"turns":10}],"seed_played":"11034768574281418","potions_obtained":[{"floor":4.0,"key":"LiquidBronze"},{"floor":5.0,"key":"SteroidPotion"},{"floor":7.0,"key":"SkillPotion"},{"floor":31.0,"key":"SpeedPotion"}],"is_trial":false,"path_per_floor":["M","M","M","M","M","R","E","?","T","R","E","M","R","M","R","B",null,"M","$","?","?","?","R","M","?","T","?","T","R","?","M","R","B",null,"M","?","?","?","$","R","M","E","T","?","M","R","$","?","R","B","B",null,"R","$","E","B",null],"character_chosen":"DEFECT","items_purchased":["OrangePellets","Heatsinks","Bottled Tornado","GamblersBrew","DollysMirror","Double Energy","Energy Potion","Defragment"],"campfire_rested":0,"item_purchase_floors":[19,39,39,39,47,54,54,54],"current_hp_per_floor":[63,63,63,59,57,57,40,40,40,40,41,41,41,41,41,41,64,64,64,62,62,62,62,69,69,69,69,69,69,27,34,34,41,64,71,67,67,67,67,67,67,67,67,67,61,61,61,61,61,65,60,65,65,65,61,3],"gold":57,"neow_bonus":"TRANSFORM_TWO_CARDS","is_prod":false,"is_daily":false,"chose_seed":false,"campfire_upgraded":10,"win_rate":0,"timestamp":1567043342,"path_taken":["M","M","M","M","?","R","E","?","T","R","E","M","R","M","R","BOSS","M","$","?","?","?","R","M","?","T","?","?","R","?","M","R","BOSS","M","?","?","?","?","R","M","E","T","?","M","R","$","?","R","BOSS","BOSS","R","$","E","BOSS"],"build_version":"2019-07-17","purchased_purges":2,"victory":true,"max_hp_per_floor":[71,71,71,71,71,71,71,71,71,71,71,71,71,71,71,71,71,71,71,71,71,71,71,71,71,71,71,71,71,71,71,71,71,71,71,67,67,67,67,67,67,67,67,67,67,67,67,67,67,67,67,67,67,67,67,67],"card_choices":[{"not_picked":["Sweeping Beam","Beam Cell"],"picked":"Cold Snap","floor":1.0},{"not_picked":["Melter","Go for the Eyes"],"picked":"Defragment","floor":2.0},{"not_picked":["Hologram","Conserve Battery"],"picked":"Cold Snap","floor":3.0},{"not_picked":["Steam Power","Barrage"],"picked":"Buffer","floor":4.0},{"not_picked":["Cold Snap","Streamline"],"picked":"Ball Lightning","floor":5.0},{"not_picked":["Sunder","Turbo"],"picked":"Biased Cognition","floor":7.0},{"not_picked":["Streamline","Gash","Rebound"],"picked":"SKIP","floor":11.0},{"not_picked":["Ball Lightning","FTL"],"picked":"Conserve Battery","floor":12.0},{"not_picked":["Doom and Gloom","Go for the Eyes"],"picked":"Electrodynamics","floor":14.0},{"not_picked":["Hyperbeam","Rainbow"],"picked":"Multi-Cast","floor":16.0},{"not_picked":["Conserve Battery","White Noise"],"picked":"Turbo","floor":18.0},{"not_picked":["Storm+1","Ball Lightning"],"picked":"White Noise","floor":20.0},{"not_picked":["Redo","Stack"],"picked":"Capacitor","floor":24.0},{"not_picked":["Barrage+1","Redo","Steam"],"picked":"SKIP","floor":31.0},{"not_picked":["Electrodynamics","Multi-Cast"],"picked":"Amplify","floor":33.0},{"not_picked":["Gash","Aggregate","Turbo"],"picked":"SKIP","floor":35.0},{"not_picked":["Conserve Battery+1","Streamline"],"picked":"Storm","floor":41.0},{"not_picked":["Meteor Strike","Rip and Tear"],"picked":"Creative AI","floor":42.0},{"not_picked":["Leap+1","Hello World+1"],"picked":"Compile Driver","floor":45.0},{"not_picked":["Sweeping Beam","Beam Cell"],"picked":"Coolheaded","floor":55.0}],"player_experience":2254003,"relics_obtained":[{"floor":7.0,"key":"Torii"},{"floor":9.0,"key":"Juzu Bracelet"},{"floor":11.0,"key":"DataDisk"},{"floor":20.0,"key":"Red Mask"},{"floor":28.0,"key":"Orichalcum"},{"floor":42.0,"key":"PreservedInsect"},{"floor":43.0,"key":"Omamori"},{"floor":55.0,"key":"Anchor"}],"event_choices":[{"damage_healed":0.0,"max_hp_gain":0.0,"max_hp_loss":0.0,"gold_gain":0.0,"cards_transformed":["Strike_B"],"event_name":"Living Wall","player_choice":"Change","floor":8.0,"gold_loss":0.0,"damage_taken":0.0,"cards_obtained":["Self Repair"]},{"damage_healed":0.0,"max_hp_gain":0.0,"max_hp_loss":0.0,"gold_gain":0.0,"event_name":"Masked Bandits","player_choice":"Fought Bandits","floor":20.0,"gold_loss":0.0,"damage_taken":0.0},{"damage_healed":0.0,"max_hp_gain":0.0,"max_hp_loss":0.0,"gold_gain":0.0,"cards_transformed":["Strike_B","Defend_B"],"event_name":"Drug Dealer","player_choice":"Became Test Subject","floor":21.0,"gold_loss":0.0,"damage_taken":0.0,"cards_obtained":["Rainbow","Electrodynamics"]},{"damage_healed":0.0,"max_hp_gain":0.0,"max_hp_loss":0.0,"gold_gain":0.0,"event_name":"FaceTrader","player_choice":"Trade","floor":22.0,"gold_loss":0.0,"damage_taken":0.0,"relics_obtained":["CultistMask"]},{"damage_healed":0.0,"max_hp_gain":0.0,"max_hp_loss":0.0,"gold_gain":0.0,"event_name":"The Library","player_choice":"Read","floor":25.0,"gold_loss":0.0,"damage_taken":0.0,"cards_obtained":["Coolheaded"]},{"damage_healed":0.0,"max_hp_gain":0.0,"max_hp_loss":0.0,"gold_gain":50.0,"event_name":"Nest","player_choice":"Stole From Cult","floor":27.0,"gold_loss":0.0,"damage_taken":0.0},{"damage_healed":0.0,"max_hp_gain":0.0,"max_hp_loss":0.0,"gold_gain":450.0,"event_name":"Knowing Skull","player_choice":"GOLD GOLD GOLD GOLD GOLD ","floor":30.0,"potions_obtained":[],"gold_loss":0.0,"damage_taken":42.0,"cards_obtained":[]},{"damage_healed":0.0,"max_hp_gain":0.0,"max_hp_loss":4.0,"gold_gain":0.0,"event_name":"Winding Halls","player_choice":"Max HP","floor":36.0,"gold_loss":0.0,"damage_taken":0.0},{"damage_healed":0.0,"max_hp_gain":0.0,"max_hp_loss":0.0,"gold_gain":0.0,"event_name":"Match and Keep!","player_choice":"1 cards matched","floor":37.0,"gold_loss":0.0,"damage_taken":0.0,"cards_obtained":["All For One"]},{"cards_removed":["Ball Lightning"],"damage_healed":0.0,"max_hp_gain":0.0,"max_hp_loss":0.0,"gold_gain":0.0,"event_name":"Purifier","player_choice":"Purged","floor":38.0,"gold_loss":0.0,"damage_taken":0.0},{"damage_healed":0.0,"max_hp_gain":0.0,"max_hp_loss":0.0,"gold_gain":222.0,"event_name":"Tomb of Lord Red Mask","player_choice":"Wore Mask","floor":44.0,"gold_loss":0.0,"damage_taken":0.0},{"damage_healed":0.0,"max_hp_gain":0.0,"max_hp_loss":0.0,"gold_gain":0.0,"event_name":"SecretPortal","player_choice":"Ignored","floor":48.0,"gold_loss":0.0,"damage_taken":0.0}],"is_beta":false,"boss_relics":[{"not_picked":["Fusion Hammer","Busted Crown"],"picked":"Coffee Dripper"},{"not_picked":["Black Star","Tiny House"],"picked":"Astrolabe"}],"items_purged_floors":[39,47],"is_endless":false,"potions_floor_spawned":[4,5,7,11,14,31,35,42,45],"ascension_level":20}