{"gold_per_floor":[118,81,156,156,156,172,172,186,209,221,248,286,298,19,19,114,164,177,191,80,92,104,135,135,152,152,172,0,0,0,19,19,19],"floor_reached":33,"playtime":1719,"items_purged":["Regret"],"score":267,"play_id":"43013606-fdc5-487b-af90-2af1acc806f0","local_time":"20190919235534","is_ascension_mode":false,"campfire_choices":[{"data":"Cloak And Dagger","floor":7,"key":"SMITH"},{"floor":15,"key":"REST"},{"floor":30,"key":"REST"},{"floor":32,"key":"REST"}],"neow_cost":"NONE","seed_source_timestamp":2010815316833900,"circlet_count":0,"master_deck":["Strike_G","Strike_G","Strike_G","Strike_G","Strike_G","Defend_G","Defend_G+1","Defend_G","Defend_G","Defend_G","Survivor","Neutralize+1","Accuracy+1","Accuracy","Cloak And Dagger+1","Blade Dance","Backflip","Accuracy+1","Infinite Blades"],"relics":["Ring of the Snake","MawBank","Vajra","Letter Opener","Bottled Tornado","Tiny House","Pocketwatch","Ornamental Fan"],"potions_floor_usage":[16,16,23,33,33,33],"damage_taken":[{"damage":0,"enemies":"Jaw Worm","floor":1,"turns":4},{"damage":12,"enemies":"Small Slimes","floor":6,"turns":6},{"damage":0,"enemies":"Cultist","floor":8,"turns":3},{"damage":3,"enemies":"Large Slime","floor":11,"turns":7},{"damage":19,"enemies":"3 Sentries","floor":12,"turns":10},{"damage":4,"enemies":"Slime Boss","floor":16,"turns":7},{"damage":9,"enemies":"Shell Parasite","floor":18,"turns":5},{"damage":8,"enemies":"Chosen","floor":19,"turns":5},{"damage":10,"enemies":"Centurion and Healer","floor":21,"turns":5},{"damage":8,"enemies":"3 Cultists","floor":22,"turns":4},{"damage":15,"enemies":"Gremlin Leader","floor":23,"turns":6},{"damage":9,"enemies":"Cultist and Chosen","floor":25,"turns":5},{"damage":2,"enemies":"Chosen and Byrds","floor":27,"turns":6},{"damage":10,"enemies":"Shelled Parasite and Fungi","floor":31,"turns":7},{"damage":52,"enemies":"Collector","floor":33,"turns":6}],"seed_played":"-1894244024082996717","potions_obtained":[{"floor":1,"key":"Fire Potion"},{"floor":11,"key":"SteroidPotion"},{"floor":17,"key":"PowerPotion"},{"floor":18,"key":"LiquidBronze"},{"floor":25,"key":"Swift Potion"},{"floor":27,"key":"Poison Potion"}],"is_trial":false,"path_per_floor":["M","$","?","?","$","M","R","M","T","?","M","E","?","$","R","B",null,"M","M","$","M","M","E","?","M","T","M","?","?","R","M","R","B"],"character_chosen":"THE_SILENT","items_purchased":["Accuracy","Bottled Tornado","Backflip","Infinite Blades"],"campfire_rested":3,"item_purchase_floors":[2,14,14,20],"current_hp_per_floor":[70,70,59,59,59,47,47,47,47,47,44,25,25,25,46,42,75,66,58,58,48,40,25,25,16,16,14,14,14,36,26,48,0],"gold":19,"neow_bonus":"UPGRADE_CARD","is_prod":false,"is_daily":false,"chose_seed":false,"campfire_upgraded":1,"win_rate":0,"timestamp":1568951734,"path_taken":["M","$","?","?","$","M","R","M","T","?","?","E","?","$","R","BOSS","M","M","$","M","?","E","?","M","T","M","?","?","R","M","R","BOSS"],"build_version":"2019-07-17","purchased_purges":1,"victory":false,"max_hp_per_floor":[70,70,70,70,70,70,70,70,70,70,70,70,70,70,70,70,75,75,75,75,75,75,75,75,75,75,75,75,75,75,75,75,75],"card_choices":[{"not_picked":["Setup","Deflect"],"picked":"Accuracy","floor":1},{"not_picked":["Heel Hook","Outmaneuver"],"picked":"Cloak And Dagger","floor":6},{"not_picked":["Slice","Quick Slash","Skewer"],"picked":"SKIP","floor":8},{"not_picked":["PiercingWail","Choke","Noxious Fumes"],"picked":"SKIP","floor":11},{"not_picked":["Backstab","Sucker Punch"],"picked":"Blade Dance","floor":12},{"not_picked":["PiercingWail","Dagger Throw","Flying Knee"],"picked":"SKIP","floor":18},{"not_picked":["Backflip","Prepared+1"],"picked":"Accuracy+1","floor":19},{"not_picked":["Sucker Punch","Choke","Dagger Spray+1"],"picked":"SKIP","floor":21},{"not_picked":["Backflip+1","Choke","Setup"],"picked":"SKIP","floor":22},{"not_picked":["Choke+1","Catalyst","Poisoned Stab"],"picked":"SKIP","floor":23},{"not_picked":["Burst","Poisoned Stab","Dodge and Roll"],"picked":"SKIP","floor":25},{"not_picked":["Sucker Punch+1","Underhanded Strike+1","Dodge and Roll+1"],"picked":"SKIP","floor":27},{"not_picked":["Bane+1","Dagger Throw","Skewer"],"picked":"SKIP","floor":31}],"player_experience":121513,"relics_obtained":[{"floor":9,"key":"MawBank"},{"floor":12,"key":"Letter Opener"},{"floor":23,"key":"Pocketwatch"},{"floor":26,"key":"Ornamental Fan"}],"event_choices":[{"damage_healed":0,"gold_gain":75,"player_choice":"Gather Gold","damage_taken":11,"max_hp_gain":0,"max_hp_loss":0,"event_name":"World of Goop","floor":3,"gold_loss":0},{"damage_healed":0,"gold_gain":0,"player_choice":"Grow","damage_taken":0,"max_hp_gain":0,"max_hp_loss":0,"event_name":"Living Wall","floor":4,"gold_loss":0,"cards_upgraded":["Accuracy"]},{"damage_healed":0,"gold_gain":0,"player_choice":"Box","damage_taken":0,"relics_obtained":["Vajra"],"max_hp_gain":0,"max_hp_loss":0,"event_name":"Big Fish","floor":10,"gold_loss":0,"cards_obtained":["Regret"]},{"damage_healed":0,"gold_gain":0,"player_choice":"0 cards matched","damage_taken":0,"max_hp_gain":0,"max_hp_loss":0,"event_name":"Match and Keep!","floor":13,"gold_loss":0,"cards_obtained":[]},{"damage_healed":0,"gold_gain":0,"player_choice":"Ignored","damage_taken":0,"max_hp_gain":0,"max_hp_loss":0,"event_name":"Cursed Tome","floor":24,"gold_loss":0},{"damage_healed":0,"gold_gain":0,"player_choice":"Paid Fearfully","damage_taken":0,"max_hp_gain":0,"max_hp_loss":0,"event_name":"Masked Bandits","floor":28,"gold_loss":172},{"damage_healed":0,"gold_gain":0,"player_choice":"Ignored","damage_taken":0,"max_hp_gain":0,"max_hp_loss":0,"event_name":"Vampires","floor":29,"gold_loss":0}],"is_beta":false,"boss_relics":[{"not_picked":["Fusion Hammer","Snecko Eye"],"picked":"Tiny House"}],"items_purged_floors":[20],"is_endless":false,"potions_floor_spawned":[1,11,18,25,27],"killed_by":"Collector","ascension_level":0}