{"path_per_floor":["M","M","?","M","M","E","R","M","T","R","E","M","$","M","R","B",null,"M","$","?","?","M","R","E","R","T","?","R","M","E","M","R","B",null,"M","M","?","M","M","E","R","E","T","M","R","?","M","$","R","B"],"character_chosen":"DEFECT","items_purchased":["Capacitor","Hologram","Block Potion","Glacier","Coolheaded","Block Potion","Toolbox"],"gold_per_floor":[218,228,228,246,266,300,300,318,318,318,350,360,155,170,170,273,273,289,109,109,109,128,128,154,154,154,154,154,170,196,213,213,313,313,326,340,340,353,370,402,402,433,459,469,469,469,487,5,5,5],"floor_reached":51,"campfire_rested":3,"playtime":2802,"item_purchase_floors":[],"current_hp_per_floor":[61,60,60,57,58,26,26,33,33,33,12,21,21,28,28,31,64,67,67,67,77,75,75,68,68,68,68,68,69,56,38,64,71,83,86,89,89,89,56,72,72,20,20,21,50,50,36,36,65,53],"items_purged":["Strike_B","Defend_B","Writhe"],"gold":5,"score":1094,"play_id":"62493685-906d-44a1-83b6-e7875f65c691","local_time":"20180609135159","is_prod":false,"is_daily":false,"chose_seed":false,"is_ascension_mode":true,"campfire_upgraded":7,"win_rate":0,"timestamp":1528545119,"campfire_choices":[{"data":"Zap","floor":7.0,"key":"SMITH"},{"data":"Defragment","floor":10.0,"key":"SMITH"},{"data":"Defragment","floor":15.0,"key":"SMITH"},{"data":"Defragment","floor":23.0,"key":"SMITH"},{"data":"Go for the Eyes","floor":25.0,"key":"SMITH"},{"data":"Capacitor","floor":28.0,"key":"SMITH"},{"floor":32.0,"key":"REST"},{"data":"Buffer","floor":41.0,"key":"SMITH"},{"floor":45,"key":"REST"},{"floor":49,"key":"REST"}],"path_taken":["M","M","?","M","M","E","R","M","T","R","E","M","$","M","R","BOSS","M","$","?","?","M","R","E","R","T","?","R","M","E","?","R","BOSS","M","M","?","M","M","E","R","E","T","?","R","?","?","$","R","BOSS"],"build_version":"2018-06-07v3","seed_source_timestamp":73386722385770,"purchased_purges":3,"victory":true,"master_deck":["Strike_B","Strike_B","Defend_B","Defend_B","Defend_B","Zap+1","Dualcast","Sweeping Beam","Self Repair","Defragment+1","Go for the Eyes+1","Defragment+1","Cold Snap","Defragment+1","Capacitor+1","Hologram","Core Surge","Cold Snap+1","Glacier","Defragment+1","Barrage","White Noise+1","Buffer+1","Cold Snap+1","Coolheaded+1","Defragment+1","Coolheaded"],"max_hp_per_floor":[75,75,75,75,75,75,75,75,75,75,75,75,75,75,75,75,75,75,75,75,85,85,85,85,85,85,85,85,85,87,87,87,87,87,87,89,89,91,93,95,95,95,95,97,97,97,97,97,97,97],"relics":["Cracked Core","Symbiotic Virus","Dodecahedron","Mummified Hand","Philosopher\u0027s Stone","Pear","Lantern","Singing Bowl","Busted Crown","Darkstone Periapt","Happy Flower","Anchor","Toolbox"],"card_choices":[{"not_picked":["Gash","Stack"],"picked":"Sweeping Beam","floor":1.0},{"not_picked":["Scrape","Gash"],"picked":"Self Repair","floor":2.0},{"not_picked":["Turbo","Stack","Streamline"],"picked":"SKIP","floor":4.0},{"not_picked":["Barrage","BootSequence"],"picked":"Defragment","floor":5.0},{"not_picked":["Sweeping Beam","Thunder Strike"],"picked":"Go for the Eyes","floor":6.0},{"not_picked":["Self Repair","Hologram"],"picked":"Defragment","floor":8.0},{"not_picked":["Rip and Tear","Consume"],"picked":"Cold Snap","floor":11.0},{"not_picked":["Go for the Eyes","Barrage"],"picked":"Defragment","floor":12.0},{"not_picked":["Barrage","Recycle","Doom and Gloom"],"picked":"SKIP","floor":14.0},{"not_picked":["Multi-Cast","Meteor Strike"],"picked":"Core Surge","floor":16.0},{"not_picked":["Sweeping Beam+1","Leap"],"picked":"Cold Snap+1","floor":18.0},{"not_picked":["Auto Shields","Compile Driver+1","Steam"],"picked":"SKIP","floor":22.0},{"not_picked":["Meteor Strike","Gash+1","Turbo+1"],"picked":"SKIP","floor":24.0},{"not_picked":["Gash","Compile Driver","Force Field"],"picked":"SKIP","floor":29.0},{"not_picked":["Rebound","Compile Driver","Doom and Gloom"],"picked":"Singing Bowl","floor":30.0},{"not_picked":["Reprogram","Stack"],"picked":"White Noise+1","floor":31.0},{"not_picked":["Creative AI","Electrodynamics"],"picked":"Buffer","floor":33.0},{"not_picked":[],"picked":"Cold Snap+1","floor":35.0},{"not_picked":["Aggregate+1"],"picked":"Singing Bowl","floor":36.0},{"not_picked":["Darkness"],"picked":"Singing Bowl","floor":38.0},{"not_picked":["Steam+1"],"picked":"Singing Bowl","floor":39.0},{"not_picked":["Static Discharge+1"],"picked":"Singing Bowl","floor":40.0},{"not_picked":[],"picked":"Coolheaded+1","floor":42},{"not_picked":["Beam Cell"],"picked":"Singing Bowl","floor":44},{"not_picked":[],"picked":"Defragment+1","floor":47}],"player_experience":826661,"potions_floor_usage":[42,42,42,50],"damage_taken":[{"damage":7.0,"enemies":"Jaw Worm","floor":1.0,"turns":3.0},{"damage":1.0,"enemies":"Cultist","floor":2.0,"turns":3.0},{"damage":10.0,"enemies":"2 Louse","floor":4.0,"turns":2.0},{"damage":6.0,"enemies":"Lots of Slimes","floor":5.0,"turns":4.0},{"damage":39.0,"enemies":"3 Sentries","floor":6.0,"turns":8.0},{"damage":0.0,"enemies":"Blue Slaver","floor":8.0,"turns":4.0},{"damage":28.0,"enemies":"Gremlin Nob","floor":11.0,"turns":4.0},{"damage":7.0,"enemies":"2 Fungi Beasts","floor":12.0,"turns":3.0},{"damage":0.0,"enemies":"3 Louse","floor":14.0,"turns":2.0},{"damage":4.0,"enemies":"Hexaghost","floor":16.0,"turns":7.0},{"damage":4.0,"enemies":"Chosen","floor":18.0,"turns":3.0},{"damage":9.0,"enemies":"Shell Parasite","floor":22.0,"turns":6.0},{"damage":14.0,"enemies":"Slavers","floor":24.0,"turns":6.0},{"damage":6.0,"enemies":"Centurion and Healer","floor":29.0,"turns":5.0},{"damage":22.0,"enemies":"Gremlin Leader","floor":30.0,"turns":7.0},{"damage":25.0,"enemies":"Snake Plant","floor":31.0,"turns":4.0},{"damage":0.0,"enemies":"Collector","floor":33.0,"turns":12.0},{"damage":4.0,"enemies":"3 Shapes","floor":35.0,"turns":8.0},{"damage":0.0,"enemies":"Orb Walker","floor":36.0,"turns":4.0},{"damage":9.0,"enemies":"Sphere and 2 Shapes","floor":38.0,"turns":4.0},{"damage":42.0,"enemies":"3 Darklings","floor":39.0,"turns":6.0},{"damage":0.0,"enemies":"Giant Head","floor":40.0,"turns":12.0},{"damage":59,"enemies":"2 Orb Walkers","floor":42,"turns":5},{"damage":8,"enemies":"Maw","floor":44,"turns":10},{"damage":21,"enemies":"4 Shapes","floor":47,"turns":7},{"damage":19,"enemies":"Time Eater","floor":50,"turns":15}],"relics_obtained":[{"floor":6.0,"key":"Symbiotic Virus"},{"floor":9.0,"key":"Dodecahedron"},{"floor":11.0,"key":"Mummified Hand"},{"floor":24.0,"key":"Lantern"},{"floor":30.0,"key":"Singing Bowl"},{"floor":40.0,"key":"Darkstone Periapt"},{"floor":42,"key":"Happy Flower"},{"floor":43,"key":"Anchor"}],"event_choices":[{"event_name":"Purifier","player_choice":"One Purge","floor":3.0,"damage_taken":0.0},{"event_name":"Duplicator","player_choice":"One dupe","floor":20.0,"damage_taken":0.0},{"event_name":"The Mausoleum","player_choice":"Yes","floor":21.0,"damage_taken":0.0},{"event_name":"The Library","player_choice":"Read","floor":27.0,"damage_taken":0.0},{"event_name":"Tomb of Lord Red Mask","player_choice":"Ignored","floor":37.0,"damage_taken":0.0},{"event_name":"Mysterious Sphere","player_choice":"Ignore","floor":46,"damage_taken":0}],"boss_relics":[{"not_picked":["Calling Bell","Lizard Tail"],"picked":"Philosopher\u0027s Stone"},{"not_picked":["Eternal Feather","Pandora\u0027s Box"],"picked":"Busted Crown"}],"items_purged_floors":[],"potions_floor_spawned":[6,11,12,16,18,30,31,40,42,44,47],"seed_played":"-5320040816218780985","ascension_level":6,"potions_obtained":[{"floor":6.0,"key":"Ancient Potion"},{"floor":11.0,"key":"Regen Potion"},{"floor":12.0,"key":"EssenceOfSteel"},{"floor":16.0,"key":"EntropicBrew"},{"floor":18.0,"key":"EssenceOfSteel"},{"floor":30.0,"key":"FearPotion"},{"floor":40.0,"key":"Fire Potion"},{"floor":42,"key":"FocusPotion"},{"floor":44,"key":"Explosive Potion"},{"floor":47,"key":"SpeedPotion"}],"is_trial":false}