{"gold_per_floor":[114,58,58,58,77,111,111,141,141,158,186,215,261,293,305,394,406,432,462,493,341,353,353,383,383,461,477,491,519,519,546,546,623,623,633,14,64,64,0,333,333,361,361,388,398,398,398,432,432,432,432,432,432,81,112,112],"floor_reached":57,"playtime":2709,"items_purged":["Pommel Strike","True Grit"],"score":4062,"play_id":"978f1eee-9c1c-4b1e-99f7-d4c3ee6b65d7","local_time":"20190827124442","daily_mods":["SealedDeck"],"is_ascension_mode":true,"campfire_choices":[{"data":"Burning Pact","floor":7.0,"key":"SMITH"},{"floor":15.0,"key":"RECALL"},{"data":"Evolve","floor":23.0,"key":"SMITH"},{"data":"Body Slam","floor":30.0,"key":"SMITH"},{"data":"Battle Trance","floor":32.0,"key":"SMITH"},{"data":"1","floor":41,"key":"LIFT"},{"data":"2","floor":46,"key":"LIFT"},{"data":"3","floor":49,"key":"LIFT"},{"floor":53,"key":"REST"}],"neow_cost":"","seed_source_timestamp":0,"circlet_count":0,"master_deck":["AscendersBane","Shockwave+1","Disarm","Sentinel","Second Wind","Armaments+1","Burning Pact+1","Battle Trance+1","Body Slam+1","Power Through+1","Evolve+1","Entrench+1","Feel No Pain","Panacea+1","Seeing Red+1"],"special_seed":0,"relics":["Burning Blood","Dodecahedron","Paper Frog","MawBank","Regal Pillow","Black Star","Vajra","Art of War","The Courier","Potion Belt","Pen Nib","Meat on the Bone","Dream Catcher","Fusion Hammer","Bronze Scales","Lantern","Turnip","Girya","Red Mask","StoneCalendar","Old Coin","War Paint","PreservedInsect","Toxic Egg 2","Letter Opener","Bag of Preparation","Boot","Bottled Tornado","Frozen Eye","Oddly Smooth Stone","Self Forming Clay"],"potions_floor_usage":[56,56,56,56],"damage_taken":[{"damage":0.0,"enemies":"Small Slimes","floor":1.0,"turns":4.0},{"damage":0.0,"enemies":"Jaw Worm","floor":5.0,"turns":3.0},{"damage":15.0,"enemies":"3 Sentries","floor":6.0,"turns":7.0},{"damage":0.0,"enemies":"Gremlin Nob","floor":8.0,"turns":3.0},{"damage":0.0,"enemies":"Cultist","floor":10.0,"turns":2.0},{"damage":0.0,"enemies":"Lagavulin","floor":11.0,"turns":4.0},{"damage":4.0,"enemies":"Gremlin Gang","floor":12.0,"turns":4.0},{"damage":0.0,"enemies":"Gremlin Nob","floor":13.0,"turns":3.0},{"damage":0.0,"enemies":"Large Slime","floor":14.0,"turns":2.0},{"damage":0.0,"enemies":"The Guardian","floor":16.0,"turns":4.0},{"damage":0.0,"enemies":"Chosen","floor":18.0,"turns":3.0},{"damage":0.0,"enemies":"2 Thieves","floor":19.0,"turns":3.0},{"damage":0.0,"enemies":"Cultist and Chosen","floor":20.0,"turns":5.0},{"damage":0.0,"enemies":"Shelled Parasite and Fungi","floor":22.0,"turns":3.0},{"damage":0.0,"enemies":"Slavers","floor":24.0,"turns":9.0},{"damage":0.0,"enemies":"Centurion and Healer","floor":27.0,"turns":4.0},{"damage":0.0,"enemies":"Sentry and Sphere","floor":28.0,"turns":5.0},{"damage":0.0,"enemies":"Book of Stabbing","floor":29.0,"turns":3.0},{"damage":0.0,"enemies":"Slavers","floor":31.0,"turns":3.0},{"damage":0.0,"enemies":"Champ","floor":33.0,"turns":4.0},{"damage":0.0,"enemies":"Orb Walker","floor":35.0,"turns":2.0},{"damage":0.0,"enemies":"2 Orb Walkers","floor":37.0,"turns":3.0},{"damage":0,"enemies":"Nemesis","floor":40,"turns":3},{"damage":0,"enemies":"Giant Head","floor":42,"turns":3},{"damage":0,"enemies":"Nemesis","floor":44,"turns":3},{"damage":0,"enemies":"3 Darklings","floor":45,"turns":3},{"damage":0,"enemies":"Reptomancer","floor":48,"turns":2},{"damage":0,"enemies":"Time Eater","floor":50,"turns":4},{"damage":0,"enemies":"Awakened One","floor":51,"turns":5},{"damage":0,"enemies":"Shield and Spear","floor":55,"turns":3},{"damage":0,"enemies":"The Heart","floor":56,"turns":5}],"seed_played":"-425491337582867844","potions_obtained":[{"floor":1.0,"key":"SpeedPotion"},{"floor":8.0,"key":"FairyPotion"},{"floor":13.0,"key":"Swift Potion"},{"floor":20.0,"key":"Fire Potion"},{"floor":27.0,"key":"Ancient Potion"},{"floor":29.0,"key":"SkillPotion"},{"floor":33.0,"key":"Weak Potion"},{"floor":37.0,"key":"Block Potion"},{"floor":42,"key":"Energy Potion"}],"is_trial":true,"path_per_floor":["M","$","?","?","M","E","R","E","T","M","E","M","E","M","R","B",null,"M","M","M","$","M","R","E","?","T","M","M","E","R","E","R","B",null,"M","$","?","?","?","E","R","E","T","E","M","R","?","E","R","B","B",null,"R","$","E","B",null],"character_chosen":"IRONCLAD","items_purchased":["Energy Potion","Evolve","Feel No Pain","Bronze Scales","Lantern","Turnip","Frozen Eye","Oddly Smooth Stone","SpeedPotion"],"campfire_rested":1,"item_purchase_floors":[2,21,36,36,36,36,54,54,54],"current_hp_per_floor":[74,74,51,75,75,66,66,72,72,75,75,75,75,75,75,75,75,75,75,75,75,75,75,75,71,71,75,75,75,75,75,75,75,75,75,75,75,75,75,75,75,75,75,75,75,75,65,71,71,75,75,75,75,75,75,75],"gold":112,"neow_bonus":"","is_prod":false,"is_daily":false,"chose_seed":false,"campfire_upgraded":4,"win_rate":0,"timestamp":1566881082,"path_taken":["M","$","?","?","M","E","R","E","T","?","E","M","E","M","R","BOSS","M","M","?","$","M","R","E","?","T","M","?","E","R","E","R","BOSS","M","$","?","?","?","E","R","E","T","E","M","R","?","E","R","BOSS","BOSS","R","$","E","BOSS"],"build_version":"2019-08-23","purchased_purges":2,"victory":true,"max_hp_per_floor":[75,75,75,75,75,75,75,75,75,75,75,75,75,75,75,75,75,75,75,75,75,75,75,75,75,75,75,75,75,75,75,75,75,75,75,75,75,75,75,75,75,75,75,75,75,75,75,75,75,75,75,75,75,75,75,75],"card_choices":[{"not_picked":["Clash","Blood for Blood","Armaments"],"picked":"SKIP","floor":1.0},{"not_picked":["Clothesline","Hemokinesis"],"picked":"Body Slam","floor":5.0},{"not_picked":["True Grit","Rage","Rupture"],"picked":"SKIP","floor":6.0},{"not_picked":["Flame Barrier","Sentinel","Uppercut"],"picked":"SKIP","floor":8.0},{"not_picked":["Combust","Wild Strike","Disarm"],"picked":"SKIP","floor":10.0},{"not_picked":["Sever Soul","Havoc","Clash"],"picked":"SKIP","floor":11.0},{"not_picked":["Pommel Strike","Thunderclap","Flex"],"picked":"SKIP","floor":12.0},{"not_picked":["Havoc","Cleave","Juggernaut"],"picked":"SKIP","floor":13.0},{"not_picked":["Flex","Rage","Wild Strike"],"picked":"SKIP","floor":14.0},{"not_picked":["Fire Breathing","Headbutt","Dropkick"],"picked":"SKIP","floor":18.0},{"not_picked":["Headbutt","Clothesline","Warcry"],"picked":"SKIP","floor":19.0},{"not_picked":["Thunderclap","True Grit"],"picked":"Power Through","floor":20.0},{"not_picked":["Clash","Warcry","Anger"],"picked":"SKIP","floor":22.0},{"not_picked":["Offering","Heavy Blade","Carnage"],"picked":"SKIP","floor":24.0},{"not_picked":["Shrug It Off","Battle Trance","Pommel Strike"],"picked":"SKIP","floor":27.0},{"not_picked":["Flex","Battle Trance","Clash"],"picked":"SKIP","floor":28.0},{"not_picked":["Warcry","Anger","Corruption"],"picked":"SKIP","floor":29.0},{"not_picked":["Carnage","Pommel Strike","Headbutt"],"picked":"SKIP","floor":31.0},{"not_picked":["True Grit","Reckless Charge+1"],"picked":"Entrench","floor":35.0},{"not_picked":["Anger","Fire Breathing","Barricade"],"picked":"SKIP","floor":40},{"not_picked":["Berserk","Pommel Strike","Wild Strike"],"picked":"SKIP","floor":42},{"not_picked":["Burning Pact+1","Thunderclap"],"picked":"Feel No Pain","floor":44},{"not_picked":["Clothesline","Infernal Blade+1","Burning Pact+1"],"picked":"SKIP","floor":45},{"not_picked":["Forethought+1","Madness+1"],"picked":"Panacea+1","floor":47},{"not_picked":["Havoc+1","Wild Strike+1","Dual Wield+1"],"picked":"SKIP","floor":48},{"not_picked":["Clash","True Grit+1"],"picked":"Seeing Red+1","floor":55}],"player_experience":3110550,"relics_obtained":[{"floor":6.0,"key":"Dodecahedron"},{"floor":8.0,"key":"Paper Frog"},{"floor":11.0,"key":"MawBank"},{"floor":13.0,"key":"Regal Pillow"},{"floor":24.0,"key":"Vajra"},{"floor":24.0,"key":"Art of War"},{"floor":26.0,"key":"The Courier"},{"floor":29.0,"key":"Potion Belt"},{"floor":29.0,"key":"Pen Nib"},{"floor":31.0,"key":"Meat on the Bone"},{"floor":31.0,"key":"Dream Catcher"},{"floor":37.0,"key":"Girya"},{"floor":40,"key":"StoneCalendar"},{"floor":40,"key":"Old Coin"},{"floor":42,"key":"War Paint"},{"floor":42,"key":"PreservedInsect"},{"floor":43,"key":"Toxic Egg 2"},{"floor":44,"key":"Letter Opener"},{"floor":44,"key":"Bag of Preparation"},{"floor":48,"key":"Boot"},{"floor":48,"key":"Bottled Tornado"},{"floor":55,"key":"Self Forming Clay"}],"event_choices":[{"damage_healed":0.0,"max_hp_gain":0.0,"max_hp_loss":0.0,"gold_gain":0.0,"event_name":"Shining Light","player_choice":"Entered Light","floor":3.0,"gold_loss":0.0,"damage_taken":23.0,"cards_upgraded":["Shockwave","Armaments"]},{"cards_removed":["Rage"],"damage_healed":24.0,"max_hp_gain":0.0,"max_hp_loss":0.0,"gold_gain":0.0,"event_name":"Bonfire Elementals","player_choice":"Offered Uncommon","floor":4.0,"gold_loss":0.0,"damage_taken":0.0},{"damage_healed":0.0,"max_hp_gain":0.0,"max_hp_loss":0.0,"gold_gain":0.0,"event_name":"The Woman in Blue","player_choice":"Bought 0 Potions","floor":25.0,"gold_loss":0.0,"damage_taken":0.0},{"damage_healed":0.0,"max_hp_gain":0.0,"max_hp_loss":0.0,"gold_gain":0.0,"event_name":"Mysterious Sphere","player_choice":"Fight","floor":37.0,"gold_loss":0.0,"damage_taken":0.0},{"cards_removed":["Feel No Pain"],"damage_healed":0.0,"max_hp_gain":0.0,"max_hp_loss":0.0,"gold_gain":0.0,"event_name":"Falling","player_choice":"Removed Power","floor":38.0,"gold_loss":0.0,"damage_taken":0.0},{"damage_healed":0,"gold_gain":0,"player_choice":"Paid","damage_taken":0,"relics_obtained":["Red Mask"],"max_hp_gain":0,"max_hp_loss":0,"event_name":"Tomb of Lord Red Mask","floor":39,"gold_loss":64},{"damage_healed":0,"gold_gain":0,"player_choice":"Memory 3","damage_taken":10,"max_hp_gain":0,"max_hp_loss":0,"event_name":"SensoryStone","floor":47,"gold_loss":0}],"is_beta":true,"boss_relics":[{"not_picked":["Ectoplasm","Eternal Feather"],"picked":"Black Star"},{"not_picked":["Snecko Eye","Velvet Choker"],"picked":"Fusion Hammer"}],"items_purged_floors":[21,36],"is_endless":false,"potions_floor_spawned":[1,5,8,13,20,24,27,28,29,33,37,42,44,45],"ascension_level":20}