{"gold_per_floor":[214,2,2,2,2,35,35,50,74,90,90,240,273,118,118,195,195,215,215,233,249,524,558,578,578,578,178,178,189,218,236,236,314,314,334,184,1183,518,518,518,544,571,571,571,582,593,628,640,640,640,640,640,640,73,101,101],"floor_reached":57,"playtime":2187,"items_purged":["Strike_G","Doubt","Regret","Strike_G+1","Defend_G","Infinite Blades"],"score":3062,"play_id":"82f3f115-419c-4e74-9041-c872648615ca","local_time":"20190813013914","is_ascension_mode":true,"campfire_choices":[{"data":"Neutralize","floor":7.0,"key":"SMITH"},{"data":"Cloak And Dagger","floor":11.0,"key":"SMITH"},{"floor":15.0,"key":"REST"},{"data":"Acrobatics","floor":25.0,"key":"SMITH"},{"floor":28.0,"key":"REST"},{"floor":32.0,"key":"REST"},{"data":"Calculated Gamble","floor":40.0,"key":"SMITH"},{"floor":49.0,"key":"RECALL"},{"data":"Reflex","floor":53.0,"key":"SMITH"}],"neow_cost":"NONE","seed_source_timestamp":563247335142980,"circlet_count":0,"master_deck":["AscendersBane","Defend_G+1","Defend_G","Defend_G+1","Defend_G","Survivor+1","Neutralize+1","Blur","Cloak And Dagger+1","Terror","Grand Finale","Acrobatics+1","PiercingWail+1","Backflip","Grand Finale","Acrobatics","Calculated Gamble+1","Reflex+1","Concentrate","Footwork","Escape Plan","Escape Plan","Calculated Gamble+1","Footwork"],"special_seed":0,"relics":["Ring of the Snake","Dream Catcher","War Paint","Whetstone","Prayer Wheel","Runic Pyramid","Orichalcum","Question Card","Omamori","Empty Cage","Mango","Regal Pillow","Happy Flower","Unceasing Top","Ancient Tea Set","DollysMirror","StoneCalendar"],"potions_floor_usage":[56,56],"damage_taken":[{"damage":3.0,"enemies":"Cultist","floor":1.0,"turns":5.0},{"damage":12.0,"enemies":"Lagavulin","floor":6.0,"turns":4.0},{"damage":0.0,"enemies":"2 Louse","floor":8.0,"turns":3.0},{"damage":1.0,"enemies":"Jaw Worm","floor":10.0,"turns":2.0},{"damage":20.0,"enemies":"3 Sentries","floor":13.0,"turns":9.0},{"damage":0.0,"enemies":"Slime Boss","floor":16.0,"turns":6.0},{"damage":8.0,"enemies":"Shell Parasite","floor":18.0,"turns":4.0},{"damage":6.0,"enemies":"2 Thieves","floor":20.0,"turns":3.0},{"damage":8.0,"enemies":"Snake Plant","floor":21.0,"turns":4.0},{"damage":23.0,"enemies":"Gremlin Leader","floor":23.0,"turns":7.0},{"damage":1.0,"enemies":"Centurion and Healer","floor":24.0,"turns":3.0},{"damage":12.0,"enemies":"Snecko","floor":29.0,"turns":5.0},{"damage":14.0,"enemies":"Slavers","floor":30.0,"turns":4.0},{"damage":3.0,"enemies":"Snake Plant","floor":31.0,"turns":4.0},{"damage":12.0,"enemies":"Automaton","floor":33.0,"turns":9.0},{"damage":12.0,"enemies":"3 Darklings","floor":35.0,"turns":2.0},{"damage":21.0,"enemies":"Nemesis","floor":41.0,"turns":3.0},{"damage":0.0,"enemies":"Orb Walker","floor":45.0,"turns":3.0},{"damage":0.0,"enemies":"4 Shapes","floor":46.0,"turns":3.0},{"damage":0.0,"enemies":"Giant Head","floor":47.0,"turns":4.0},{"damage":0.0,"enemies":"Sphere and 2 Shapes","floor":48.0,"turns":2.0},{"damage":0.0,"enemies":"Time Eater","floor":50.0,"turns":6.0},{"damage":3.0,"enemies":"Awakened One","floor":51.0,"turns":12.0},{"damage":0.0,"enemies":"Shield and Spear","floor":55.0,"turns":5.0},{"damage":56,"enemies":"The Heart","floor":56,"turns":11}],"seed_played":"1896343730975095758","potions_obtained":[{"floor":1.0,"key":"FearPotion"},{"floor":6.0,"key":"Regen Potion"},{"floor":13.0,"key":"AttackPotion"},{"floor":21.0,"key":"PowerPotion"},{"floor":23.0,"key":"Swift Potion"},{"floor":24.0,"key":"PowerPotion"},{"floor":45.0,"key":"EssenceOfSteel"},{"floor":46.0,"key":"PowerPotion"}],"is_trial":false,"path_per_floor":["M","$","?","?","?","E","R","M","T","M","R","?","E","$","R","B",null,"M","?","M","M","?","E","M","R","T","$","R","M","E","M","R","B",null,"M","$","?","$","?","R","E","T","T","?","M","M","E","M","R","B","B",null,"R","$","E","B",null],"character_chosen":"THE_SILENT","items_purchased":["Predator","PowerPotion","AttackPotion","Question Card","Reflex","Mango","GamblersBrew","DollysMirror","Footwork","FearPotion","Fire Potion"],"campfire_rested":3,"item_purchase_floors":[2,2,14,27,38,38,38,54,54,54,54],"current_hp_per_floor":[56,56,36,31,31,19,19,19,19,18,18,18,13,13,32,32,58,50,50,44,36,36,13,12,12,12,12,31,19,5,2,21,9,52,40,40,40,54,54,54,33,33,33,33,33,33,33,33,33,33,30,65,65,65,65,9],"gold":101,"neow_bonus":"HUNDRED_GOLD","is_prod":false,"is_daily":false,"chose_seed":false,"campfire_upgraded":5,"win_rate":0,"timestamp":1565627954,"path_taken":["M","$","?","?","?","E","R","M","T","?","R","?","E","$","R","BOSS","M","?","M","M","?","E","M","R","T","$","R","?","E","M","R","BOSS","M","$","?","$","?","R","E","?","T","?","M","M","E","M","R","BOSS","BOSS","R","$","E","BOSS"],"build_version":"2019-07-17","purchased_purges":6,"victory":true,"max_hp_per_floor":[66,66,66,66,66,66,66,66,66,66,66,66,66,66,66,66,66,66,66,66,66,66,66,66,66,66,66,66,66,66,66,66,66,66,66,66,66,80,76,76,76,76,76,76,76,76,76,76,76,76,76,76,76,76,76,76],"card_choices":[{"not_picked":["Distraction","Dagger Spray","Deflect"],"picked":"SKIP","floor":1.0},{"not_picked":["Bouncing Flask","Dagger Throw","Leg Sweep"],"picked":"SKIP","floor":6.0},{"not_picked":["Crippling Poison","Deadly Poison"],"picked":"Blur","floor":8.0},{"not_picked":["Endless Agony","Cloak And Dagger","PiercingWail"],"picked":"SKIP","floor":10.0},{"not_picked":["Endless Agony","PiercingWail"],"picked":"Cloak And Dagger","floor":10.0},{"not_picked":["Blade Dance","Choke"],"picked":"Infinite Blades","floor":13.0},{"not_picked":["Sucker Punch","Dagger Spray"],"picked":"Terror","floor":15.0},{"not_picked":["Burst","Corpse Explosion"],"picked":"Grand Finale","floor":16.0},{"not_picked":["Prepared","Dagger Throw","Dagger Spray"],"picked":"SKIP","floor":18.0},{"not_picked":["Flying Knee+1","Predator","Sucker Punch"],"picked":"SKIP","floor":18.0},{"not_picked":["Bouncing Flask","Heel Hook"],"picked":"Acrobatics","floor":20.0},{"not_picked":["Dodge and Roll+1","Catalyst","Bane"],"picked":"SKIP","floor":20.0},{"not_picked":["Sucker Punch","Caltrops+1"],"picked":"PiercingWail+1","floor":21.0},{"not_picked":["Dagger Spray","Endless Agony","Blade Dance"],"picked":"SKIP","floor":21.0},{"not_picked":["Storm of Steel","Flechettes","Predator"],"picked":"SKIP","floor":23.0},{"not_picked":["Underhanded Strike","Blade Dance","Flying Knee"],"picked":"SKIP","floor":24.0},{"not_picked":["Flying Knee","Deadly Poison","Backflip"],"picked":"SKIP","floor":24.0},{"not_picked":["Flying Knee","Deadly Poison"],"picked":"Backflip","floor":24.0},{"not_picked":["Underhanded Strike","Blade Dance","Flying Knee"],"picked":"SKIP","floor":24.0},{"not_picked":["Predator+1","All Out Attack","Flechettes"],"picked":"Grand Finale","floor":28.0},{"not_picked":["Eviscerate","Blade Dance","Endless Agony"],"picked":"Acrobatics","floor":29.0},{"not_picked":["Deadly Poison+1","Distraction","Flechettes","PiercingWail+1"],"picked":"SKIP","floor":29.0},{"not_picked":["Dodge and Roll","A Thousand Cuts","Acrobatics","Caltrops"],"picked":"SKIP","floor":30.0},{"not_picked":["Crippling Poison","Finisher","Deflect+1"],"picked":"Calculated Gamble","floor":31.0},{"not_picked":["Reflex","Underhanded Strike","Dodge and Roll","Deflect"],"picked":"SKIP","floor":31.0},{"not_picked":["Terror","Poisoned Stab","Blur+1","Endless Agony"],"picked":"SKIP","floor":35.0},{"not_picked":["Slice+1","Bouncing Flask","Flying Knee","Poisoned Stab+1"],"picked":"SKIP","floor":35.0},{"not_picked":["Dash+1","Setup","Deflect"],"picked":"Concentrate","floor":41.0},{"not_picked":["Quick Slash","Blur+1","Caltrops+1"],"picked":"Footwork","floor":45.0},{"not_picked":["Cloak And Dagger+1","Infinite Blades","Escape Plan","Reflex"],"picked":"SKIP","floor":45.0},{"not_picked":["Die Die Die","Caltrops","Bane"],"picked":"Escape Plan","floor":46.0},{"not_picked":["Deadly Poison","Sucker Punch+1","Accuracy","Flechettes"],"picked":"SKIP","floor":46.0},{"not_picked":["Backflip","Concentrate","Crippling Poison"],"picked":"Escape Plan","floor":47.0},{"not_picked":["Sucker Punch+1","Cloak And Dagger+1","Deadly Poison","Bane+1"],"picked":"SKIP","floor":48.0},{"not_picked":["Outmaneuver","Masterful Stab","Blur","Deflect+1"],"picked":"SKIP","floor":48.0},{"not_picked":["Distraction+1","Terror","Infinite Blades","Outmaneuver"],"picked":"SKIP","floor":55.0},{"not_picked":["Distraction+1","Terror","Infinite Blades","Outmaneuver"],"picked":"SKIP","floor":55.0}],"player_experience":869548,"relics_obtained":[{"floor":6.0,"key":"War Paint"},{"floor":9.0,"key":"Whetstone"},{"floor":13.0,"key":"Prayer Wheel"},{"floor":23.0,"key":"Orichalcum"},{"floor":30.0,"key":"Omamori"},{"floor":41.0,"key":"Regal Pillow"},{"floor":42.0,"key":"Happy Flower"},{"floor":43.0,"key":"Unceasing Top"},{"floor":47.0,"key":"Ancient Tea Set"},{"floor":55.0,"key":"StoneCalendar"}],"event_choices":[{"damage_healed":0.0,"max_hp_gain":0.0,"max_hp_loss":0.0,"gold_gain":0.0,"event_name":"Shining Light","player_choice":"Entered Light","floor":3.0,"gold_loss":0.0,"damage_taken":20.0,"cards_upgraded":["Strike_G","Defend_G"]},{"damage_healed":0.0,"max_hp_gain":0.0,"max_hp_loss":0.0,"gold_gain":0.0,"event_name":"Scrap Ooze","player_choice":"Success","floor":4.0,"gold_loss":0.0,"damage_taken":5.0,"relics_obtained":["Dream Catcher"]},{"damage_healed":0.0,"max_hp_gain":0.0,"max_hp_loss":0.0,"gold_gain":0.0,"event_name":"Upgrade Shrine","player_choice":"Upgraded","floor":5.0,"gold_loss":0.0,"damage_taken":0.0,"cards_upgraded":["Predator"]},{"damage_healed":0.0,"max_hp_gain":0.0,"max_hp_loss":0.0,"gold_gain":150.0,"event_name":"Liars Game","player_choice":"AGREE","floor":12.0,"gold_loss":0.0,"damage_taken":0.0,"cards_obtained":["Doubt"]},{"cards_removed":["Strike_G"],"damage_healed":0.0,"max_hp_gain":0.0,"max_hp_loss":0.0,"gold_gain":0.0,"event_name":"Back to Basics","player_choice":"Elegance","floor":19.0,"gold_loss":0.0,"damage_taken":0.0},{"damage_healed":0.0,"max_hp_gain":0.0,"max_hp_loss":0.0,"gold_gain":275.0,"event_name":"Golden Shrine","player_choice":"Desecrate","floor":22.0,"gold_loss":0.0,"damage_taken":0.0,"cards_obtained":["Regret"]},{"damage_healed":0.0,"max_hp_gain":0.0,"max_hp_loss":0.0,"gold_gain":999.0,"event_name":"MindBloom","player_choice":"Gold","floor":37.0,"gold_loss":0.0,"damage_taken":0.0,"cards_obtained":["Normality","Normality"]},{"damage_healed":0.0,"max_hp_gain":0.0,"max_hp_loss":4.0,"gold_gain":0.0,"event_name":"Winding Halls","player_choice":"Max HP","floor":39.0,"gold_loss":0.0,"damage_taken":0.0},{"cards_removed":["Predator"],"damage_healed":0.0,"max_hp_gain":0.0,"max_hp_loss":0.0,"gold_gain":0.0,"event_name":"Falling","player_choice":"Removed Attack","floor":44.0,"gold_loss":0.0,"damage_taken":0.0}],"is_beta":false,"boss_relics":[{"not_picked":["Velvet Choker","Coffee Dripper"],"picked":"Runic Pyramid"},{"not_picked":["Cursed Key","Tiny House"],"picked":"Empty Cage"}],"items_purged_floors":[2,14,27,36,38,54],"is_endless":false,"potions_floor_spawned":[1,6,13,21,23,24,45,46,55],"ascension_level":20}