{"gold_per_floor":[117,133,133,308,308,308,337,43,70,22,22,35,35,45,45,147,147,166,166,166,93,93,93,108,141,141,159,176,186,186,186,186,283,283,297,44,44,44,56,56,56,69,93,93,218,233,233,268,268,268],"floor_reached":50,"playtime":2925,"items_purged":["Doubt"],"score":508,"play_id":"4d891f26-bc03-4515-a65e-c009fcbde2be","local_time":"20190914224428","is_ascension_mode":false,"campfire_choices":[{"data":"Uppercut","floor":6.0,"key":"SMITH"},{"floor":11.0,"key":"REST"},{"data":"Fiend Fire","floor":13.0,"key":"SMITH"},{"data":"Dark Embrace","floor":15.0,"key":"SMITH"},{"data":"Inflame","floor":23.0,"key":"SMITH"},{"data":"True Grit","floor":30,"key":"SMITH"},{"floor":32,"key":"REST"},{"floor":44,"key":"REST"},{"data":"Transmutation","floor":47,"key":"SMITH"},{"data":"Barricade","floor":49,"key":"SMITH"}],"neow_cost":"NONE","seed_source_timestamp":0,"circlet_count":0,"master_deck":["Strike_R","Strike_R","Strike_R","Strike_R","Strike_R","Defend_R+1","Defend_R","Defend_R","Defend_R","Bash","Rage","Uppercut+1","Fiend Fire+1","Apotheosis+1","Rupture","Shrug It Off","Shrug It Off","Dark Embrace+1","Reaper","Perfected Strike","Necronomicurse","Inflame+1","True Grit+1","Heavy Blade","Headbutt+1","Spot Weakness+1","Pain","Barricade+1","Havoc+1","Rampage","Transmutation+1","HandOfGreed","Metamorphosis","Shrug It Off","Second Wind+1","Cleave+1","Warcry+1"],"special_seed":0,"relics":["Burning Blood","Boot","Sundial","War Paint","Snecko Eye","Mercury Hourglass","Necronomicon","Strawberry","Blue Candle","Letter Opener","WarpedTongs","Velvet Choker","Bottled Lightning","Red Skull","Calipers"],"potions_floor_usage":[50],"damage_taken":[{"damage":10.0,"enemies":"Cultist","floor":1.0,"turns":4.0},{"damage":10.0,"enemies":"Small Slimes","floor":2.0,"turns":3.0},{"damage":35.0,"enemies":"Lagavulin","floor":7.0,"turns":8.0},{"damage":0.0,"enemies":"2 Louse","floor":12.0,"turns":3.0},{"damage":5.0,"enemies":"2 Fungi Beasts","floor":14.0,"turns":4.0},{"damage":50.0,"enemies":"Slime Boss","floor":16.0,"turns":12.0},{"damage":0.0,"enemies":"3 Byrds","floor":18.0,"turns":5.0},{"damage":0.0,"enemies":"Chosen","floor":24.0,"turns":3.0},{"damage":13.0,"enemies":"Gremlin Leader","floor":25.0,"turns":4.0},{"damage":13.0,"enemies":"Sentry and Sphere","floor":27.0,"turns":4.0},{"damage":15.0,"enemies":"Snake Plant","floor":28.0,"turns":2.0},{"damage":21,"enemies":"Centurion and Healer","floor":29,"turns":5},{"damage":30,"enemies":"Collector","floor":33,"turns":3},{"damage":7,"enemies":"3 Shapes","floor":35,"turns":3},{"damage":15,"enemies":"Orb Walker","floor":39,"turns":2},{"damage":26,"enemies":"4 Shapes","floor":42,"turns":3},{"damage":22,"enemies":"Mind Bloom Boss Battle","floor":45,"turns":6},{"damage":13,"enemies":"3 Darklings","floor":46,"turns":4},{"damage":14,"enemies":"Maw","floor":48,"turns":6},{"damage":104,"enemies":"Time Eater","floor":50,"turns":7}],"seed_played":"6334034125497757986","potions_obtained":[{"floor":12.0,"key":"Energy Potion"},{"floor":18.0,"key":"Block Potion"},{"floor":27.0,"key":"Weak Potion"},{"floor":33,"key":"PowerPotion"},{"floor":48,"key":"GamblersBrew"}],"is_trial":false,"path_per_floor":["M","M","?","?","?","R","E","$","T","$","R","M","R","M","R","B",null,"M","T","?","$","?","R","M","E","T","M","M","M","R","?","R","B",null,"M","$","?","$","M","$","?","M","T","R","?","M","R","M","R","B"],"character_chosen":"IRONCLAD","items_purchased":["Apotheosis","Rupture","Shrug It Off","Inflame","Bottled Lightning"],"campfire_rested":3,"item_purchase_floors":[8,8,10,21,36],"current_hp_per_floor":[84,80,68,68,68,68,39,39,39,39,65,71,71,72,72,28,88,88,88,72,72,79,79,85,87,87,80,71,84,84,84,95,71,95,95,95,95,95,86,86,76,71,71,95,79,91,91,95,95,0],"gold":268,"neow_bonus":"TEN_PERCENT_HP_BONUS","is_prod":false,"is_daily":false,"chose_seed":false,"campfire_upgraded":7,"win_rate":0,"timestamp":1568472268,"path_taken":["M","M","?","?","?","R","E","$","T","$","R","?","R","M","R","BOSS","M","?","?","$","?","R","M","E","T","M","M","M","R","?","R","BOSS","M","?","?","$","?","$","?","M","T","R","?","M","R","M","R","BOSS"],"build_version":"2019-07-17","purchased_purges":1,"victory":false,"max_hp_per_floor":[88,88,88,88,88,88,88,88,88,88,88,88,88,88,88,88,88,88,88,88,88,95,95,95,95,95,95,95,95,95,95,95,95,95,95,95,95,95,95,95,95,95,95,95,95,95,95,95,95,95],"card_choices":[{"not_picked":["Heavy Blade","Thunderclap"],"picked":"Rage","floor":1.0},{"not_picked":["Thunderclap","True Grit"],"picked":"Uppercut","floor":2.0},{"not_picked":["Limit Break","Dropkick"],"picked":"Fiend Fire","floor":7.0},{"not_picked":["Thunderclap","Pommel Strike"],"picked":"Shrug It Off","floor":12.0},{"not_picked":["Armaments","Perfected Strike"],"picked":"Dark Embrace","floor":14.0},{"not_picked":["Immolate","Limit Break"],"picked":"Reaper","floor":16.0},{"not_picked":["Anger+1","Twin Strike+1"],"picked":"Perfected Strike","floor":18.0},{"not_picked":["Heavy Blade","Cleave"],"picked":"True Grit","floor":24.0},{"not_picked":["Flex","Sword Boomerang"],"picked":"Heavy Blade","floor":25.0},{"not_picked":["Dropkick","Wild Strike"],"picked":"Headbutt+1","floor":27.0},{"not_picked":["Shrug It Off","Warcry"],"picked":"Spot Weakness","floor":28},{"not_picked":["Wild Strike","Twin Strike+1","Havoc"],"picked":"SKIP","floor":29},{"not_picked":["Impervious","Berserk"],"picked":"Barricade","floor":33},{"not_picked":["Dropkick","Clash+1"],"picked":"Havoc+1","floor":35},{"not_picked":["Seeing Red+1","Whirlwind"],"picked":"Rampage","floor":39},{"not_picked":["Dramatic Entrance","Swift Strike"],"picked":"Transmutation","floor":41},{"not_picked":["Jack Of All Trades","Blind"],"picked":"HandOfGreed","floor":41},{"not_picked":["Madness","Good Instincts"],"picked":"Metamorphosis","floor":41},{"not_picked":["Heavy Blade","Headbutt+1"],"picked":"Shrug It Off","floor":42},{"not_picked":["Clothesline","Rupture+1"],"picked":"Second Wind+1","floor":45},{"not_picked":["Thunderclap","Havoc"],"picked":"Cleave+1","floor":46},{"not_picked":["Havoc","Twin Strike"],"picked":"Warcry+1","floor":48}],"player_experience":369877,"relics_obtained":[{"floor":7.0,"key":"Sundial"},{"floor":9.0,"key":"War Paint"},{"floor":19.0,"key":"Mercury Hourglass"},{"floor":20.0,"key":"Necronomicon"},{"floor":25.0,"key":"Blue Candle"},{"floor":26.0,"key":"Letter Opener"},{"floor":43,"key":"Red Skull"},{"floor":45,"key":"Calipers"}],"event_choices":[{"damage_healed":0.0,"max_hp_gain":0.0,"max_hp_loss":0.0,"gold_gain":0.0,"event_name":"Scrap Ooze","player_choice":"Success","floor":3.0,"gold_loss":0.0,"damage_taken":12.0,"relics_obtained":["Boot"]},{"damage_healed":0.0,"max_hp_gain":0.0,"max_hp_loss":0.0,"gold_gain":175.0,"event_name":"Liars Game","player_choice":"AGREE","floor":4.0,"gold_loss":0.0,"damage_taken":0.0,"cards_obtained":["Doubt"]},{"damage_healed":0.0,"max_hp_gain":0.0,"max_hp_loss":0.0,"gold_gain":0.0,"event_name":"NoteForYourself","player_choice":"Ignored","floor":5.0,"gold_loss":0.0,"damage_taken":0.0},{"damage_healed":0.0,"max_hp_gain":0.0,"max_hp_loss":0.0,"gold_gain":0.0,"event_name":"Cursed Tome","player_choice":"Obtained Book","floor":20.0,"gold_loss":0.0,"damage_taken":16.0},{"damage_healed":0.0,"max_hp_gain":0.0,"max_hp_loss":0.0,"gold_gain":0.0,"event_name":"The Mausoleum","player_choice":"Opened","floor":22.0,"gold_loss":0.0,"damage_taken":0.0,"relics_obtained":["Strawberry"]},{"damage_healed":0,"gold_gain":0,"player_choice":"Rummage","damage_taken":0,"relics_obtained":["WarpedTongs"],"max_hp_gain":0,"max_hp_loss":0,"event_name":"Accursed Blacksmith","floor":31,"gold_loss":0,"cards_obtained":["Pain"]},{"damage_healed":0,"gold_gain":0,"player_choice":"Upgraded","damage_taken":0,"max_hp_gain":0,"max_hp_loss":0,"event_name":"Upgrade Shrine","floor":37,"gold_loss":0,"cards_upgraded":["Spot Weakness"]},{"damage_healed":0,"gold_gain":0,"player_choice":"Memory 3","damage_taken":10,"max_hp_gain":0,"max_hp_loss":0,"event_name":"SensoryStone","floor":41,"gold_loss":0},{"damage_healed":0,"gold_gain":0,"player_choice":"Fight","damage_taken":0,"max_hp_gain":0,"max_hp_loss":0,"event_name":"MindBloom","floor":45,"gold_loss":0}],"is_beta":false,"boss_relics":[{"not_picked":["Ectoplasm","Orrery"],"picked":"Snecko Eye"},{"not_picked":["Philosopher\u0027s Stone","Runic Pyramid"],"picked":"Velvet Choker"}],"items_purged_floors":[8],"is_endless":false,"potions_floor_spawned":[12,18,27,33,48],"killed_by":"Time Eater","ascension_level":0}