{"gold_per_floor":[119,119,65,65,65,65,83,93,93,120,45,45,65,84,84,158,158,168,12,25,40,40,40,40,40,40,58,91,7,7,42,42,118,118,130,5,16,16,30,59,59,75,144,144,191,41,53,64,64,64,64,64,64,64,89,89],"floor_reached":57,"playtime":1942,"items_purged":["Strike_G","Phantasmal Killer","Skewer","Bane"],"score":3240,"play_id":"1af888da-aee3-4e75-8e9e-47b982dfae15","local_time":"20190918214208","is_ascension_mode":true,"campfire_choices":[{"data":"Neutralize","floor":6.0,"key":"SMITH"},{"data":"Catalyst","floor":12.0,"key":"SMITH"},{"data":"Acrobatics","floor":15.0,"key":"SMITH"},{"data":"Tactician","floor":23.0,"key":"SMITH"},{"data":"Acrobatics","floor":25.0,"key":"SMITH"},{"data":"Calculated Gamble","floor":30.0,"key":"SMITH"},{"data":"Grand Finale","floor":32.0,"key":"SMITH"},{"data":"Escape Plan","floor":41.0,"key":"SMITH"},{"floor":44.0,"key":"RECALL"},{"floor":49.0,"key":"REST"},{"data":"Catalyst","floor":53,"key":"SMITH"}],"neow_cost":"TEN_PERCENT_HP_LOSS","seed_source_timestamp":704011438072675,"circlet_count":0,"master_deck":["AscendersBane","Survivor","Neutralize+1","Poisoned Stab","Die Die Die","Escape Plan+1","Grand Finale+1","Catalyst+1","Acrobatics+1","Deadly Poison","Die Die Die","Catalyst+1","Dash","Die Die Die","Tactician+1","Acrobatics+1","Backflip+1","Calculated Gamble+1"],"special_seed":0,"relics":["Ring of the Snake","PreservedInsect","Paper Crane","Pandora\u0027s Box","Sundial","Omamori","Akabeko","Busted Crown","StrikeDummy","Thread and Needle","Pocketwatch"],"potions_floor_usage":[56,56],"damage_taken":[{"damage":5.0,"enemies":"Jaw Worm","floor":1.0,"turns":4.0},{"damage":1.0,"enemies":"2 Louse","floor":7.0,"turns":2.0},{"damage":0.0,"enemies":"Cultist","floor":8.0,"turns":3.0},{"damage":36.0,"enemies":"Lagavulin","floor":10.0,"turns":7.0},{"damage":2.0,"enemies":"Gremlin Gang","floor":13.0,"turns":2.0},{"damage":0.0,"enemies":"Blue Slaver","floor":14.0,"turns":4.0},{"damage":3.0,"enemies":"Hexaghost","floor":16.0,"turns":7.0},{"damage":20.0,"enemies":"3 Byrds","floor":18.0,"turns":3.0},{"damage":1.0,"enemies":"Spheric Guardian","floor":20.0,"turns":3.0},{"damage":9.0,"enemies":"Snake Plant","floor":21.0,"turns":5.0},{"damage":0.0,"enemies":"Centurion and Healer","floor":27.0,"turns":3.0},{"damage":1.0,"enemies":"Book of Stabbing","floor":28.0,"turns":3.0},{"damage":0.0,"enemies":"Slavers","floor":31.0,"turns":1.0},{"damage":0.0,"enemies":"Collector","floor":33.0,"turns":3.0},{"damage":5.0,"enemies":"3 Shapes","floor":35.0,"turns":5.0},{"damage":0.0,"enemies":"3 Darklings","floor":37.0,"turns":1.0},{"damage":1.0,"enemies":"4 Shapes","floor":39.0,"turns":5.0},{"damage":0.0,"enemies":"Giant Head","floor":40.0,"turns":2.0},{"damage":0.0,"enemies":"Jaw Worm Horde","floor":42.0,"turns":1.0},{"damage":0.0,"enemies":"2 Orb Walkers","floor":45.0,"turns":1.0},{"damage":0.0,"enemies":"Writhing Mass","floor":47.0,"turns":2.0},{"damage":0.0,"enemies":"3 Darklings","floor":48.0,"turns":1.0},{"damage":0,"enemies":"Time Eater","floor":50,"turns":5},{"damage":0,"enemies":"Awakened One","floor":51,"turns":3},{"damage":0,"enemies":"Shield and Spear","floor":55,"turns":3},{"damage":43,"enemies":"The Heart","floor":56,"turns":5}],"seed_played":"3019557541037895231","potions_obtained":[{"floor":1.0,"key":"Ancient Potion"},{"floor":10.0,"key":"Explosive Potion"},{"floor":13.0,"key":"Weak Potion"},{"floor":14.0,"key":"GhostInAJar"},{"floor":21.0,"key":"Block Potion"},{"floor":39.0,"key":"DuplicationPotion"}],"is_trial":false,"path_per_floor":["M","?","$","?","?","R","M","M","T","E","$","R","M","M","R","B",null,"M","$","M","M","?","R","?","R","T","M","E","$","R","E","R","B",null,"M","$","M","?","M","E","R","M","T","R","?","$","M","M","R","B","B",null,"R","$","E","B",null],"character_chosen":"THE_SILENT","items_purchased":["Bane","Acrobatics","Calculated Gamble"],"campfire_rested":1,"item_purchase_floors":[3,19,29],"current_hp_per_floor":[54,47,47,47,47,47,46,46,46,10,10,10,8,8,8,5,46,26,26,25,16,16,16,16,16,16,16,15,15,15,15,15,15,49,44,44,44,34,33,33,33,33,33,33,33,33,33,33,51,51,51,58,58,58,58,15],"gold":89,"neow_bonus":"TRANSFORM_TWO_CARDS","is_prod":false,"is_daily":false,"chose_seed":false,"campfire_upgraded":9,"win_rate":0,"timestamp":1568814128,"path_taken":["M","?","$","?","?","R","M","?","T","E","$","R","M","M","R","BOSS","M","$","M","?","?","R","?","R","T","?","E","$","R","E","R","BOSS","M","$","M","?","M","E","R","M","T","R","?","$","?","M","R","BOSS","BOSS","R","$","E","BOSS"],"build_version":"2019-09-17","purchased_purges":4,"victory":true,"max_hp_per_floor":[60,60,60,60,60,60,60,60,60,60,60,60,60,60,60,60,60,60,60,60,60,60,60,60,60,60,60,60,60,60,60,60,60,60,60,60,60,60,60,60,60,60,60,60,60,60,60,60,60,60,60,60,60,60,60,60],"card_choices":[{"not_picked":["Infinite Blades","Dodge and Roll","PiercingWail"],"picked":"SKIP","floor":1.0},{"not_picked":["Concentrate","Backflip"],"picked":"Catalyst","floor":7.0},{"not_picked":["Flying Knee","Dagger Throw","Distraction"],"picked":"SKIP","floor":8.0},{"not_picked":["PiercingWail","Outmaneuver","Escape Plan"],"picked":"SKIP","floor":10.0},{"not_picked":["Slice","Dodge and Roll"],"picked":"Acrobatics","floor":13.0},{"not_picked":["Night Terror","Quick Slash","Deadly Poison"],"picked":"SKIP","floor":14.0},{"not_picked":["Night Terror","Quick Slash"],"picked":"Deadly Poison","floor":14.0},{"not_picked":["Cloak And Dagger","Flechettes"],"picked":"Tactician","floor":18.0},{"not_picked":["Finisher","Sucker Punch+1","Leg Sweep"],"picked":"SKIP","floor":20.0},{"not_picked":["Sucker Punch","Distraction"],"picked":"Backflip+1","floor":21.0},{"not_picked":["Footwork","Prepared","Terror"],"picked":"SKIP","floor":27.0},{"not_picked":["Storm of Steel","Dagger Throw","Outmaneuver"],"picked":"SKIP","floor":28.0},{"not_picked":["Caltrops+1","Dagger Throw","Blur"],"picked":"SKIP","floor":31.0},{"not_picked":["PiercingWail"],"picked":"SKIP","floor":35.0},{"not_picked":["Deflect"],"picked":"SKIP","floor":37.0},{"not_picked":["Sucker Punch"],"picked":"SKIP","floor":39.0},{"not_picked":["Infinite Blades"],"picked":"SKIP","floor":40.0},{"not_picked":["Dagger Spray"],"picked":"SKIP","floor":42.0},{"not_picked":["Crippling Poison+1"],"picked":"SKIP","floor":47.0},{"not_picked":["Poisoned Stab"],"picked":"SKIP","floor":48.0},{"not_picked":["Caltrops+1"],"picked":"SKIP","floor":55}],"player_experience":844590,"relics_obtained":[{"floor":9.0,"key":"PreservedInsect"},{"floor":10.0,"key":"Paper Crane"},{"floor":26.0,"key":"Sundial"},{"floor":28.0,"key":"Omamori"},{"floor":31.0,"key":"Akabeko"},{"floor":40.0,"key":"StrikeDummy"},{"floor":45.0,"key":"Thread and Needle"},{"floor":55,"key":"Pocketwatch"}],"event_choices":[{"cards_removed":["Strike_G"],"damage_healed":0.0,"max_hp_gain":0.0,"max_hp_loss":0.0,"gold_gain":0.0,"event_name":"Golden Wing","player_choice":"Card Removal","floor":2.0,"gold_loss":0.0,"damage_taken":7.0},{"damage_healed":0.0,"max_hp_gain":0.0,"max_hp_loss":0.0,"gold_gain":0.0,"event_name":"The Cleric","player_choice":"Leave","floor":4.0,"gold_loss":0.0,"damage_taken":0.0},{"damage_healed":0.0,"max_hp_gain":0.0,"max_hp_loss":0.0,"gold_gain":0.0,"event_name":"Match and Keep!","player_choice":"2 cards matched","floor":5.0,"gold_loss":0.0,"damage_taken":0.0,"cards_obtained":["Escape Plan","Grand Finale"]},{"damage_healed":0.0,"max_hp_gain":0.0,"max_hp_loss":0.0,"gold_gain":0.0,"event_name":"The Mausoleum","player_choice":"Ignored","floor":22.0,"gold_loss":0.0,"damage_taken":0.0},{"damage_healed":0.0,"max_hp_gain":0.0,"max_hp_loss":0.0,"gold_gain":0.0,"event_name":"N\u0027loth","player_choice":"Ignored","floor":24.0,"gold_loss":0.0,"damage_taken":0.0},{"damage_healed":0.0,"max_hp_gain":0.0,"max_hp_loss":0.0,"gold_gain":0.0,"event_name":"SensoryStone","player_choice":"Memory 3","floor":38.0,"gold_loss":0.0,"damage_taken":10.0},{"damage_healed":0.0,"max_hp_gain":0.0,"max_hp_loss":0.0,"gold_gain":0.0,"event_name":"Mysterious Sphere","player_choice":"Fight","floor":45.0,"gold_loss":0.0,"damage_taken":0.0}],"is_beta":true,"boss_relics":[{"not_picked":["Snecko Eye","Sozu"],"picked":"Pandora\u0027s Box"},{"not_picked":["Fusion Hammer","Runic Dome"],"picked":"Busted Crown"}],"items_purged_floors":[11,19,36,46],"is_endless":false,"potions_floor_spawned":[1,10,13,14,21,27,37,39,45,55],"ascension_level":20}