{"gold_per_floor":[116,127,127,127,127,127,155,155,155,169,169,188,208,241,241,338,338,357,340,184,184,195,228,245,257,257,257],"floor_reached":27,"playtime":2403,"items_purged":["Strike_G"],"score":247,"play_id":"d9a765be-9650-467e-afa9-b27e78f32463","local_time":"20190917081557","is_ascension_mode":false,"campfire_choices":[{"data":"Infinite Blades","floor":6,"key":"SMITH"},{"data":"Dodge and Roll","floor":8,"key":"SMITH"},{"floor":11,"key":"REST"},{"floor":15,"key":"REST"}],"neow_cost":"NONE","seed_source_timestamp":1780953620989600,"circlet_count":0,"master_deck":["Strike_G","Defend_G","Defend_G","Defend_G","Defend_G","Defend_G","Survivor","Neutralize","Infinite Blades+1","Terror","Dodge and Roll+1","Dagger Spray","Slice","Masterful Stab","Bullet Time","Blade Dance","Malaise","Dodge and Roll+1","Infinite Blades","Footwork","Slice+1"],"relics":["Ring of the Snake","NeowsBlessing","Mercury Hourglass","Snake Skull","Bottled Tornado","Paper Crane","Empty Cage","Blood Vial","PreservedInsect"],"potions_floor_usage":[16,22,23,23,27],"damage_taken":[{"damage":0,"enemies":"2 Louse","floor":1,"turns":1},{"damage":0,"enemies":"Cultist","floor":2,"turns":1},{"damage":0,"enemies":"Small Slimes","floor":4,"turns":1},{"damage":20,"enemies":"3 Sentries","floor":7,"turns":8},{"damage":29,"enemies":"Gremlin Gang","floor":10,"turns":4},{"damage":0,"enemies":"Exordium Wildlife","floor":12,"turns":3},{"damage":0,"enemies":"3 Louse","floor":13,"turns":2},{"damage":10,"enemies":"Gremlin Nob","floor":14,"turns":3},{"damage":50,"enemies":"The Guardian","floor":16,"turns":9},{"damage":3,"enemies":"Spheric Guardian","floor":18,"turns":4},{"damage":6,"enemies":"2 Thieves","floor":19,"turns":4},{"damage":23,"enemies":"Snake Plant","floor":22,"turns":7},{"damage":24,"enemies":"Gremlin Leader","floor":23,"turns":9},{"damage":0,"enemies":"Centurion and Healer","floor":24,"turns":7},{"damage":15,"enemies":"Shelled Parasite and Fungi","floor":25,"turns":6},{"damage":10,"enemies":"Snake Plant","floor":27,"turns":2}],"seed_played":"1436144424641725956","potions_obtained":[{"floor":1,"key":"SkillPotion"},{"floor":2,"key":"PowerPotion"},{"floor":13,"key":"Weak Potion"},{"floor":14,"key":"PowerPotion"},{"floor":19,"key":"Swift Potion"},{"floor":25,"key":"Fire Potion"}],"is_trial":false,"path_per_floor":["M","M","$","M","?","R","E","R","T","M","R","M","M","E","R","B",null,"M","M","$","?","M","E","M","M","T","M"],"character_chosen":"THE_SILENT","items_purchased":["Infinite Blades"],"campfire_rested":2,"item_purchase_floors":[20],"current_hp_per_floor":[70,70,70,70,70,70,50,50,50,21,42,42,42,32,53,3,70,67,61,61,61,38,14,16,3,3,0],"gold":257,"neow_bonus":"THREE_ENEMY_KILL","is_prod":false,"is_daily":false,"chose_seed":false,"campfire_upgraded":2,"win_rate":0.0,"timestamp":1568722557,"path_taken":["M","M","$","M","?","R","E","R","T","M","R","M","?","E","R","BOSS","M","M","$","?","M","E","M","?","T","M"],"build_version":"2019-07-17","purchased_purges":1,"victory":false,"max_hp_per_floor":[70,70,70,70,70,70,70,70,70,70,70,70,70,70,70,70,70,70,70,70,70,70,70,70,70,70,70],"card_choices":[{"not_picked":["PiercingWail","Dagger Throw"],"picked":"Infinite Blades","floor":1},{"not_picked":["Deadly Poison","Outmaneuver"],"picked":"Terror","floor":2},{"not_picked":["Flying Knee","Predator"],"picked":"Dodge and Roll","floor":4},{"not_picked":["Infinite Blades","Sucker Punch"],"picked":"Dagger Spray","floor":7},{"not_picked":["PiercingWail","Caltrops"],"picked":"Slice","floor":10},{"not_picked":["Outmaneuver","Reflex"],"picked":"Masterful Stab","floor":12},{"not_picked":["Sucker Punch","Dagger Throw"],"picked":"Bullet Time","floor":13},{"not_picked":["Eviscerate","Outmaneuver"],"picked":"Blade Dance","floor":14},{"not_picked":["Glass Knife","Adrenaline"],"picked":"Malaise","floor":16},{"not_picked":["Well Laid Plans","Predator"],"picked":"Dodge and Roll+1","floor":18},{"not_picked":["Blur","Dodge and Roll","Sucker Punch"],"picked":"SKIP","floor":19},{"not_picked":["Dagger Throw","Dagger Spray"],"picked":"Footwork","floor":22},{"not_picked":["Blur","Outmaneuver","Deflect"],"picked":"SKIP","floor":23},{"not_picked":["Calculated Gamble","Riddle With Holes","Blur"],"picked":"SKIP","floor":24},{"not_picked":["Dagger Throw+1","Dagger Spray"],"picked":"Slice+1","floor":25}],"player_experience":32136,"relics_obtained":[{"floor":7,"key":"Snake Skull"},{"floor":9,"key":"Bottled Tornado"},{"floor":14,"key":"Paper Crane"},{"floor":23,"key":"Blood Vial"},{"floor":26,"key":"PreservedInsect"}],"event_choices":[{"damage_healed":0,"gold_gain":0,"player_choice":"Gave Potion","damage_taken":0,"relics_obtained":["Mercury Hourglass"],"max_hp_gain":0,"max_hp_loss":0,"event_name":"WeMeetAgain","floor":5,"gold_loss":0},{"cards_removed":["Strike_G"],"damage_healed":0,"gold_gain":0,"player_choice":"Purged","damage_taken":0,"max_hp_gain":0,"max_hp_loss":0,"event_name":"Purifier","floor":21,"gold_loss":0}],"is_beta":false,"boss_relics":[{"not_picked":["Runic Dome","Coffee Dripper"],"picked":"Empty Cage"}],"items_purged_floors":[20],"is_endless":false,"potions_floor_spawned":[1,2,13,14,19,25],"killed_by":"Snake Plant","ascension_level":0}