{"gold_per_floor":[18,36,47,322,20,20,45,56,56,56,73,93,112,130,130,204,204,219,219,3,3,15,15,15,41,41,41,73,73,90,104,104,181,181,200,17,30,98,109,139,139,239,239,251,251,277,301,335,335,335,335,335,335,125,156,156],"floor_reached":57,"playtime":2605,"items_purged":["Regret","Eviscerate","Neutralize+1"],"score":3349,"play_id":"7adb62bb-819f-4cf4-904a-b328839fbb58","local_time":"20190827133239","is_ascension_mode":true,"campfire_choices":[{"data":"Neutralize","floor":6.0,"key":"SMITH"},{"data":"Darkness","floor":15.0,"key":"SMITH"},{"data":"Setup","floor":23.0,"key":"SMITH"},{"data":"Backflip","floor":27.0,"key":"SMITH"},{"data":"Acrobatics","floor":29.0,"key":"SMITH"},{"data":"Turbo","floor":32.0,"key":"SMITH"},{"data":"Prepared","floor":41.0,"key":"SMITH"},{"floor":45.0,"key":"RECALL"},{"data":"Acrobatics","floor":49.0,"key":"SMITH"},{"data":"Night Terror","floor":53,"key":"SMITH"}],"neow_cost":"NO_GOLD","seed_source_timestamp":482397601536191,"circlet_count":0,"master_deck":["AscendersBane","Survivor","Backstab","Setup+1","Backflip+1","Night Terror+1","Acrobatics+1","Core Surge","Turbo+1","Grand Finale+1","Wraith Form v2+1","Outmaneuver+1","Prepared+1","Acrobatics+1"],"special_seed":0,"relics":["Ring of the Snake","PrismaticShard","Boot","Pen Nib","Pandora\u0027s Box","Omamori","Mercury Hourglass","Ancient Tea Set","Ninja Scroll","Turnip","Astrolabe","Juzu Bracelet","Nunchaku","Gremlin Horn","Sundial","Bag of Marbles","Lantern","Torii"],"potions_floor_usage":[56,56],"damage_taken":[{"damage":0.0,"enemies":"2 Louse","floor":1.0,"turns":2.0},{"damage":0.0,"enemies":"Cultist","floor":2.0,"turns":4.0},{"damage":5.0,"enemies":"Jaw Worm","floor":3.0,"turns":8.0},{"damage":38.0,"enemies":"3 Sentries","floor":7.0,"turns":20.0},{"damage":0.0,"enemies":"2 Fungi Beasts","floor":8.0,"turns":4.0},{"damage":3.0,"enemies":"3 Louse","floor":11.0,"turns":4.0},{"damage":3.0,"enemies":"Looter","floor":12.0,"turns":2.0},{"damage":4.0,"enemies":"Exordium Wildlife","floor":13.0,"turns":5.0},{"damage":2.0,"enemies":"Red Slaver","floor":14.0,"turns":4.0},{"damage":3.0,"enemies":"Slime Boss","floor":16.0,"turns":14.0},{"damage":14.0,"enemies":"2 Thieves","floor":18.0,"turns":3.0},{"damage":0.0,"enemies":"Spheric Guardian","floor":22.0,"turns":3.0},{"damage":17.0,"enemies":"Gremlin Leader","floor":28.0,"turns":5.0},{"damage":13.0,"enemies":"Cultist and Chosen","floor":30.0,"turns":4.0},{"damage":0.0,"enemies":"Chosen and Byrds","floor":31.0,"turns":4.0},{"damage":0.0,"enemies":"Collector","floor":33.0,"turns":8.0},{"damage":3.0,"enemies":"3 Darklings","floor":35.0,"turns":3.0},{"damage":0.0,"enemies":"Orb Walker","floor":37.0,"turns":2.0},{"damage":0.0,"enemies":"Jaw Worm Horde","floor":39.0,"turns":2.0},{"damage":0.0,"enemies":"Nemesis","floor":40.0,"turns":3.0},{"damage":0.0,"enemies":"Mind Bloom Boss Battle","floor":42.0,"turns":2.0},{"damage":0.0,"enemies":"Transient","floor":44.0,"turns":5.0},{"damage":0.0,"enemies":"Reptomancer","floor":46.0,"turns":4.0},{"damage":1.0,"enemies":"Giant Head","floor":48.0,"turns":3.0},{"damage":0,"enemies":"Time Eater","floor":50,"turns":6},{"damage":0,"enemies":"Donu and Deca","floor":51,"turns":2},{"damage":0,"enemies":"Shield and Spear","floor":55,"turns":1},{"damage":33,"enemies":"The Heart","floor":56,"turns":5}],"seed_played":"-1223418295780985121","potions_obtained":[{"floor":2.0,"key":"Dexterity Potion"},{"floor":3.0,"key":"Block Potion"},{"floor":8.0,"key":"PowerPotion"},{"floor":18.0,"key":"Fire Potion"},{"floor":22.0,"key":"EssenceOfSteel"},{"floor":42.0,"key":"Regen Potion"},{"floor":48.0,"key":"Dexterity Potion"}],"is_trial":false,"path_per_floor":["M","M","M","?","$","R","E","M","T","$","M","M","M","M","R","B",null,"M","?","$","?","M","R","?","T","T","R","E","R","M","M","R","B",null,"M","$","M","T","M","E","R","?","T","M","R","E","T","E","R","B","B",null,"R","$","E","B",null],"character_chosen":"THE_SILENT","items_purchased":["PrismaticShard","PowerPotion","Omamori","GhostInAJar","Ancient Potion"],"campfire_rested":0,"item_purchase_floors":[5,20,20,36,54],"current_hp_per_floor":[59,59,54,54,54,54,16,16,16,16,13,10,6,4,4,1,50,36,36,36,36,36,36,36,36,36,36,19,19,6,6,6,6,51,48,48,48,48,48,48,48,48,48,48,48,48,48,52,52,52,52,63,63,63,63,30],"gold":156,"neow_bonus":"TRANSFORM_TWO_CARDS","is_prod":false,"is_daily":false,"chose_seed":false,"campfire_upgraded":9,"win_rate":0,"timestamp":1566880359,"path_taken":["M","M","M","?","$","R","E","M","T","?","?","M","M","M","R","BOSS","M","?","$","?","M","R","?","?","T","R","E","R","M","?","R","BOSS","M","$","M","?","?","E","R","?","T","M","R","E","?","E","R","BOSS","BOSS","R","$","E","BOSS"],"build_version":"2019-07-17","purchased_purges":3,"victory":true,"max_hp_per_floor":[66,66,66,66,66,66,66,66,66,66,66,66,66,66,66,66,66,66,66,66,66,66,66,66,66,66,66,66,66,66,66,66,66,66,66,66,66,66,66,66,66,66,66,66,66,66,66,66,66,66,66,66,66,66,66,66],"card_choices":[{"not_picked":["Sucker Punch","Dash"],"picked":"Backflip","floor":1.0},{"not_picked":["Sucker Punch","Deflect","Leg Sweep"],"picked":"SKIP","floor":2.0},{"not_picked":["Dagger Throw","Slice","Flying Knee"],"picked":"SKIP","floor":3.0},{"not_picked":["Envenom","Fire Breathing"],"picked":"Eviscerate","floor":7.0},{"not_picked":["Wild Strike","Poisoned Stab","Cold Snap"],"picked":"SKIP","floor":8.0},{"not_picked":["Prepared","Auto Shields"],"picked":"Dagger Spray","floor":11.0},{"not_picked":["Cleave","Clash","Twin Strike"],"picked":"SKIP","floor":12.0},{"not_picked":["Havoc","Seeing Red"],"picked":"Darkness","floor":13.0},{"not_picked":["Reprogram","Distraction"],"picked":"Night Terror","floor":14.0},{"not_picked":["Poisoned Stab","Headbutt+1","Outmaneuver"],"picked":"SKIP","floor":18.0},{"not_picked":["Cold Snap+1","Second Wind","Armaments+1"],"picked":"SKIP","floor":22.0},{"not_picked":["Steam","Noxious Fumes"],"picked":"Defragment+1","floor":28.0},{"not_picked":["Armaments","Reprogram"],"picked":"Core Surge","floor":30.0},{"not_picked":["Prepared","Go for the Eyes"],"picked":"Turbo","floor":31.0},{"not_picked":["Conserve Battery+1","Iron Wave+1","Poisoned Stab"],"picked":"SKIP","floor":35.0},{"not_picked":["Redo","Skewer","Feel No Pain"],"picked":"SKIP","floor":37.0},{"not_picked":["Carnage+1","Iron Wave","Dramatic Entrance"],"picked":"SKIP","floor":39.0},{"not_picked":["Gash","Quick Slash"],"picked":"Prepared","floor":40.0},{"not_picked":["Prepared","Sword Boomerang","Coolheaded+1"],"picked":"SKIP","floor":44.0},{"not_picked":["Blade Dance","All For One"],"picked":"Acrobatics","floor":46.0},{"not_picked":["Chaos","Shrug It Off","Anger+1"],"picked":"SKIP","floor":48.0},{"not_picked":["Clash","Gash","Iron Wave"],"picked":"SKIP","floor":55}],"player_experience":991184,"relics_obtained":[{"floor":7.0,"key":"Boot"},{"floor":9.0,"key":"Pen Nib"},{"floor":25.0,"key":"Ancient Tea Set"},{"floor":26.0,"key":"Ninja Scroll"},{"floor":28.0,"key":"Turnip"},{"floor":40.0,"key":"Juzu Bracelet"},{"floor":42.0,"key":"Nunchaku"},{"floor":43.0,"key":"Gremlin Horn"},{"floor":46.0,"key":"Sundial"},{"floor":47.0,"key":"Bag of Marbles"},{"floor":48.0,"key":"Lantern"},{"floor":55,"key":"Torii"}],"event_choices":[{"damage_healed":0.0,"max_hp_gain":0.0,"max_hp_loss":0.0,"gold_gain":275.0,"event_name":"Golden Shrine","player_choice":"Desecrate","floor":4.0,"gold_loss":0.0,"damage_taken":0.0,"cards_obtained":["Regret"]},{"damage_healed":0.0,"max_hp_gain":0.0,"max_hp_loss":0.0,"gold_gain":0.0,"event_name":"Vampires","player_choice":"Ignored","floor":19.0,"gold_loss":0.0,"damage_taken":0.0},{"damage_healed":0.0,"max_hp_gain":0.0,"max_hp_loss":0.0,"gold_gain":0.0,"event_name":"Addict","player_choice":"Stole Relic","floor":21.0,"gold_loss":0.0,"damage_taken":0.0,"relics_obtained":["Mercury Hourglass"],"cards_obtained":["Shame"]},{"damage_healed":0.0,"max_hp_gain":0.0,"max_hp_loss":0.0,"gold_gain":0.0,"event_name":"The Library","player_choice":"Read","floor":24.0,"gold_loss":0.0,"damage_taken":0.0,"cards_obtained":["Acrobatics"]},{"damage_healed":0.0,"max_hp_gain":0.0,"max_hp_loss":0.0,"gold_gain":0.0,"event_name":"MindBloom","player_choice":"Fight","floor":42.0,"gold_loss":0.0,"damage_taken":0.0}],"is_beta":false,"boss_relics":[{"not_picked":["WristBlade","Snecko Eye"],"picked":"Pandora\u0027s Box"},{"not_picked":["Eternal Feather","Philosopher\u0027s Stone"],"picked":"Astrolabe"}],"items_purged_floors":[5,36,54],"is_endless":false,"potions_floor_spawned":[2,3,8,11,18,22,28,42,44,48],"ascension_level":20}