{"gold_per_floor":[112,131,131,131,56,56,90,90,90,90,90,109,124,124,124,219,219,236,247,247,9,25,57,57,71,95,95,0,15,15,15,15,15],"floor_reached":33,"playtime":1599,"items_purged":["Strike_G"],"score":263,"play_id":"9b2b4676-4801-443b-9832-48a4d92bc601","local_time":"20190918120036","is_ascension_mode":false,"campfire_choices":[{"data":"Neutralize","floor":6,"key":"SMITH"},{"data":"Panacea","floor":11,"key":"SMITH"},{"floor":15,"key":"REST"},{"floor":24,"key":"REST"},{"floor":32,"key":"REST"}],"neow_cost":"NONE","seed_source_timestamp":1881636970548000,"circlet_count":0,"master_deck":["Strike_G","Strike_G+1","Strike_G","Strike_G","Defend_G","Defend_G","Defend_G","Defend_G","Defend_G","Survivor","Neutralize+1","Panacea+1","Sucker Punch+1","Caltrops","Tools of the Trade","Blur","Riddle With Holes","Backflip","Cloak And Dagger+1","Backflip+1","Quick Slash+1"],"relics":["Ring of the Snake","Ornamental Fan","Bronze Scales","Snake Skull","Mercury Hourglass","Fusion Hammer","Molten Egg 2","Toxic Egg 2","Art of War","MutagenicStrength"],"potions_floor_usage":[7,23,27,33],"damage_taken":[{"damage":3,"enemies":"Small Slimes","floor":1,"turns":4},{"damage":4,"enemies":"Jaw Worm","floor":2,"turns":5},{"damage":15,"enemies":"Gremlin Nob","floor":7,"turns":6},{"damage":0,"enemies":"Cultist","floor":12,"turns":3},{"damage":1,"enemies":"3 Louse","floor":13,"turns":2},{"damage":23,"enemies":"Hexaghost","floor":16,"turns":10},{"damage":15,"enemies":"Spheric Guardian","floor":18,"turns":5},{"damage":0,"enemies":"3 Byrds","floor":19,"turns":2},{"damage":1,"enemies":"Snecko","floor":22,"turns":5},{"damage":44,"enemies":"Slavers","floor":23,"turns":5},{"damage":0,"enemies":"Cultist and Chosen","floor":25,"turns":5},{"damage":0,"enemies":"Colosseum Slavers","floor":27,"turns":5},{"damage":0,"enemies":"Chosen and Byrds","floor":29,"turns":5},{"damage":50,"enemies":"Automaton","floor":33,"turns":6}],"seed_played":"-4036275146593122971","potions_obtained":[{"floor":2,"key":"GhostInAJar"},{"floor":7,"key":"GamblersBrew"},{"floor":22,"key":"Strength Potion"},{"floor":23,"key":"SkillPotion"},{"floor":29,"key":"SteroidPotion"}],"is_trial":false,"path_per_floor":["M","M","?","?","$","R","E","?","T","?","R","M","M","$","R","B",null,"M","M","?","$","M","E","R","M","T","?","?","M","?","$","R","B"],"character_chosen":"THE_SILENT","items_purchased":["Molten Egg 2"],"campfire_rested":3,"item_purchase_floors":[21],"current_hp_per_floor":[67,63,49,46,46,46,31,36,36,36,36,36,35,35,57,34,75,60,60,46,46,45,1,25,25,25,25,25,25,25,25,49,0],"gold":15,"neow_bonus":"RANDOM_COLORLESS","is_prod":false,"is_daily":false,"chose_seed":false,"campfire_upgraded":2,"win_rate":0,"timestamp":1568822436,"path_taken":["M","M","?","?","$","R","E","?","T","?","R","M","?","$","R","BOSS","M","M","?","$","M","E","R","M","T","?","?","M","?","$","R","BOSS"],"build_version":"2019-07-17","purchased_purges":1,"victory":false,"max_hp_per_floor":[70,70,70,70,70,70,70,75,75,75,75,75,75,75,75,75,75,75,75,80,80,80,80,80,80,80,80,80,80,80,80,80,80],"card_choices":[{"not_picked":["Reflex","Endless Agony","Bane"],"picked":"SKIP","floor":1},{"not_picked":["Expertise","Terror"],"picked":"Sucker Punch","floor":2},{"not_picked":["Dagger Spray","Quick Slash","Sucker Punch"],"picked":"SKIP","floor":7},{"not_picked":["Quick Slash","Cloak And Dagger"],"picked":"Caltrops","floor":12},{"not_picked":["Finisher","Slice","Prepared"],"picked":"SKIP","floor":13},{"not_picked":["Grand Finale","Adrenaline"],"picked":"Tools of the Trade","floor":16},{"not_picked":["Setup","Dagger Throw"],"picked":"Blur","floor":18},{"not_picked":["Sucker Punch","Underhanded Strike"],"picked":"Riddle With Holes","floor":19},{"not_picked":["Bane+1","Expertise"],"picked":"Backflip","floor":22},{"not_picked":["Wraith Form v2","Bane+1"],"picked":"Cloak And Dagger","floor":23},{"not_picked":["Dagger Throw+1","Reflex+1"],"picked":"Backflip+1","floor":25},{"not_picked":["Infinite Blades","Eviscerate+1"],"picked":"Quick Slash+1","floor":29}],"player_experience":86234,"relics_obtained":[{"floor":7,"key":"Bronze Scales"},{"floor":9,"key":"Snake Skull"},{"floor":23,"key":"Toxic Egg 2"},{"floor":26,"key":"Art of War"}],"event_choices":[{"damage_healed":0,"gold_gain":0,"player_choice":"Entered Light","damage_taken":14,"max_hp_gain":0,"max_hp_loss":0,"event_name":"Shining Light","floor":3,"gold_loss":0,"cards_upgraded":["Strike_G","Sucker Punch"]},{"damage_healed":0,"gold_gain":0,"player_choice":"Success","damage_taken":3,"relics_obtained":["Ornamental Fan"],"max_hp_gain":0,"max_hp_loss":0,"event_name":"Scrap Ooze","floor":4,"gold_loss":0},{"damage_healed":0,"gold_gain":0,"player_choice":"Donut","damage_taken":0,"max_hp_gain":5,"max_hp_loss":0,"event_name":"Big Fish","floor":8,"gold_loss":0},{"damage_healed":0,"gold_gain":0,"player_choice":"Gave Potion","damage_taken":0,"relics_obtained":["Mercury Hourglass"],"max_hp_gain":0,"max_hp_loss":0,"event_name":"WeMeetAgain","floor":10,"gold_loss":0},{"damage_healed":0,"gold_gain":0,"player_choice":"Shed Blood","damage_taken":19,"max_hp_gain":5,"max_hp_loss":0,"event_name":"Forgotten Altar","floor":20,"gold_loss":0},{"damage_healed":0,"gold_gain":0,"player_choice":"Fight","damage_taken":0,"max_hp_gain":0,"max_hp_loss":0,"event_name":"Colosseum","floor":27,"gold_loss":0},{"damage_healed":0,"gold_gain":0,"player_choice":"Fled From Nobs","damage_taken":0,"max_hp_gain":0,"max_hp_loss":0,"event_name":"Colosseum","floor":27,"gold_loss":0},{"damage_healed":0,"gold_gain":0,"player_choice":"Paid Fearfully","damage_taken":0,"max_hp_gain":0,"max_hp_loss":0,"event_name":"Masked Bandits","floor":28,"gold_loss":95},{"damage_healed":0,"gold_gain":0,"player_choice":"Inject Mutagens","damage_taken":0,"relics_obtained":["MutagenicStrength"],"max_hp_gain":0,"max_hp_loss":0,"event_name":"Drug Dealer","floor":30,"gold_loss":0}],"is_beta":false,"boss_relics":[{"not_picked":["White Beast Statue","Ring of the Serpent"],"picked":"Fusion Hammer"}],"items_purged_floors":[5],"is_endless":false,"potions_floor_spawned":[2,7,22,23,29],"killed_by":"Automaton","ascension_level":0}