{"gold_per_floor":[118,132,207,207,132,132,132,132,132,167,167,185,201,201,201,274,274,284,284,299,313,313,313,329,342,391,28,28,28,28,42,42,116,116,131,141,156,156,73,106,116,116,116,127,127,127,154,29,29,29],"floor_reached":51,"playtime":2185,"items_purged":["Defend_P","Strike_P+1","Defend_P"],"score":1724,"play_id":"84f54a6a-2ad1-45f7-930c-42b941dc6332","local_time":"20190911234858","is_ascension_mode":true,"campfire_choices":[{"data":"Vigilance","floor":6.0,"key":"SMITH"},{"floor":8.0,"key":"REST"},{"data":"BattleHymn","floor":11.0,"key":"SMITH"},{"data":"EmptyFist","floor":15.0,"key":"SMITH"},{"data":"Blasphemy","floor":23.0,"key":"SMITH"},{"data":"Madness","floor":30.0,"key":"SMITH"},{"data":"Evaluate","floor":32.0,"key":"SMITH"},{"data":"Meditate","floor":45,"key":"SMITH"},{"data":"Perseverance","floor":49,"key":"SMITH"}],"neow_cost":"NONE","seed_source_timestamp":2371006162730400,"circlet_count":0,"master_deck":["AscendersBane","Eruption+1","Vigilance+1","PathToVictory+1","Collect+1","FearNoEvil+1","BattleHymn+1","Evaluate+1","EmptyFist+1","Blasphemy+1","EmptyMind+1","EmptyMind+1","Madness+1","Ghostly","Ghostly","Ghostly","Meditate+1","Perseverance+1","Adaptation+1"],"special_seed":0,"relics":["Astrolabe","Yang","Dodecahedron","Strawberry","Coffee Dripper","Potion Belt","DollysMirror","Enchiridion","Runic Pyramid","Boot","Pen Nib"],"potions_floor_usage":[],"damage_taken":[{"damage":7.0,"enemies":"Small Slimes","floor":1.0,"turns":4.0},{"damage":0.0,"enemies":"2 Louse","floor":2.0,"turns":3.0},{"damage":0.0,"enemies":"Gremlin Nob","floor":10.0,"turns":2.0},{"damage":2.0,"enemies":"Jaw Worm","floor":12.0,"turns":2.0},{"damage":26.0,"enemies":"Exordium Thugs","floor":13.0,"turns":5.0},{"damage":0.0,"enemies":"Slime Boss","floor":16.0,"turns":7.0},{"damage":12.0,"enemies":"3 Byrds","floor":18.0,"turns":4.0},{"damage":11.0,"enemies":"2 Thieves","floor":20.0,"turns":4.0},{"damage":4.0,"enemies":"Snecko","floor":21.0,"turns":3.0},{"damage":6.0,"enemies":"Centurion and Healer","floor":24.0,"turns":2.0},{"damage":0.0,"enemies":"Sentry and Sphere","floor":25.0,"turns":1.0},{"damage":0.0,"enemies":"Snake Plant","floor":31.0,"turns":3.0},{"damage":0.0,"enemies":"Automaton","floor":33.0,"turns":3.0},{"damage":0,"enemies":"3 Shapes","floor":35,"turns":3},{"damage":2,"enemies":"3 Darklings","floor":36,"turns":3},{"damage":1,"enemies":"Writhing Mass","floor":37,"turns":3},{"damage":1,"enemies":"Giant Head","floor":40,"turns":2},{"damage":0,"enemies":"Sphere and 2 Shapes","floor":41,"turns":3},{"damage":0,"enemies":"Maw","floor":44,"turns":4},{"damage":3,"enemies":"Nemesis","floor":47,"turns":3},{"damage":1,"enemies":"Awakened One","floor":50,"turns":3}],"seed_played":"-8264279102624851042","potions_obtained":[{"floor":1.0,"key":"Block Potion"},{"floor":21.0,"key":"Fire Potion"},{"floor":33.0,"key":"Dexterity Potion"},{"floor":36,"key":"Energy Potion"},{"floor":40,"key":"Energy Potion"},{"floor":47,"key":"GamblersBrew"}],"is_trial":false,"path_per_floor":["M","M","?","?","$","R","?","R","T","E","R","M","M","?","R","B",null,"M","?","M","M","?","R","M","M","T","$","?","?","R","M","R","B",null,"M","M","M","?","$","E","M","?","T","M","R","?","E","$","R","B",null],"character_chosen":"WATCHER","items_purchased":["DollysMirror","Madness","Meditate"],"campfire_rested":1,"item_purchase_floors":[27,27,39],"current_hp_per_floor":[48,48,37,57,57,57,39,57,57,57,57,55,29,36,36,36,60,48,48,37,33,33,33,27,27,27,27,27,6,6,6,6,6,27,27,25,24,24,24,23,23,23,23,23,23,23,20,20,20,19],"gold":29,"neow_bonus":"BOSS_RELIC","is_prod":false,"is_daily":false,"chose_seed":false,"campfire_upgraded":8,"win_rate":0,"timestamp":1568216938,"path_taken":["M","M","?","?","$","R","?","R","T","E","R","?","M","?","R","BOSS","M","?","M","?","?","R","M","M","T","$","?","?","R","M","R","BOSS","M","M","M","?","$","E","M","?","T","?","R","?","E","$","R","BOSS"],"build_version":"2019-09-10","purchased_purges":3,"victory":true,"max_hp_per_floor":[61,61,61,61,61,61,61,61,61,61,61,61,61,68,68,68,68,68,68,68,68,68,68,68,68,68,68,34,34,34,34,34,34,34,34,34,34,32,32,32,32,32,32,32,32,32,32,32,32,32],"card_choices":[{"not_picked":["WindmillStrike","Sanctity","CutThroughFate"],"picked":"SKIP","floor":1.0},{"not_picked":["FearNoEvil","Swivel","Scrawl"],"picked":"SKIP","floor":2.0},{"not_picked":["CutThroughFate","FearNoEvil"],"picked":"BattleHymn","floor":10.0},{"not_picked":["WindmillStrike","InnerPeace"],"picked":"Evaluate","floor":12.0},{"not_picked":["SandsOfTime","Scrawl"],"picked":"EmptyFist","floor":13.0},{"not_picked":["JustLucky","PathToVictory","Halt"],"picked":"SKIP","floor":18.0},{"not_picked":["CutThroughFate","ThirdEye+1","FollowUp+1"],"picked":"SKIP","floor":20.0},{"not_picked":["CutThroughFate","Crescendo+1"],"picked":"EmptyMind+1","floor":21.0},{"not_picked":["EmptyMind","SandsOfTime","FollowUp"],"picked":"SKIP","floor":24.0},{"not_picked":["Weave","BowlingBash","Crescendo"],"picked":"SKIP","floor":25.0},{"not_picked":["SandsOfTime","Worship","Wish"],"picked":"SKIP","floor":31.0},{"not_picked":["FearNoEvil+1","Crescendo","ForeignInfluence+1"],"picked":"SKIP","floor":35},{"not_picked":["CleanseEvil","Prostrate","EmptyBody"],"picked":"SKIP","floor":36},{"not_picked":["CutThroughFate+1","WaveOfTheHand+1","EmptyFist"],"picked":"SKIP","floor":37},{"not_picked":["ClearTheMind+1","Halt","Evaluate+1"],"picked":"SKIP","floor":40},{"not_picked":["CrushJoints+1","SandsOfTime","ThirdEye+1"],"picked":"SKIP","floor":41},{"not_picked":["Protect+1","BowlingBash","Blasphemy"],"picked":"SKIP","floor":44},{"not_picked":["WaveOfTheHand","Pray"],"picked":"Adaptation+1","floor":47}],"player_experience":3281141,"relics_obtained":[{"floor":9.0,"key":"Yang"},{"floor":10.0,"key":"Dodecahedron"},{"floor":26.0,"key":"Potion Belt"},{"floor":29.0,"key":"Enchiridion"},{"floor":40,"key":"Boot"},{"floor":43,"key":"Pen Nib"}],"event_choices":[{"damage_healed":0.0,"max_hp_gain":0.0,"max_hp_loss":0.0,"gold_gain":75.0,"event_name":"World of Goop","player_choice":"Gather Gold","floor":3.0,"gold_loss":0.0,"damage_taken":11.0},{"damage_healed":20.0,"max_hp_gain":0.0,"max_hp_loss":0.0,"gold_gain":0.0,"event_name":"Big Fish","player_choice":"Banana","floor":4.0,"gold_loss":0.0,"damage_taken":0.0},{"damage_healed":0.0,"max_hp_gain":0.0,"max_hp_loss":0.0,"gold_gain":0.0,"event_name":"Shining Light","player_choice":"Entered Light","floor":7.0,"gold_loss":0.0,"damage_taken":18.0,"cards_upgraded":["Strike_P","Eruption"]},{"damage_healed":0.0,"max_hp_gain":0.0,"max_hp_loss":0.0,"gold_gain":0.0,"event_name":"WeMeetAgain","player_choice":"Gave Potion","floor":14.0,"gold_loss":0.0,"damage_taken":0.0,"relics_obtained":["Strawberry"]},{"damage_healed":0.0,"max_hp_gain":0.0,"max_hp_loss":0.0,"gold_gain":0.0,"cards_transformed":["Strike_P"],"event_name":"Transmorgrifier","player_choice":"Transformed","floor":19.0,"gold_loss":0.0,"damage_taken":0.0,"cards_obtained":["Blasphemy"]},{"damage_healed":0.0,"max_hp_gain":0.0,"max_hp_loss":0.0,"gold_gain":0.0,"event_name":"The Mausoleum","player_choice":"Ignored","floor":22.0,"gold_loss":0.0,"damage_taken":0.0},{"damage_healed":0.0,"max_hp_gain":0.0,"max_hp_loss":34.0,"gold_gain":0.0,"event_name":"Ghosts","player_choice":"Became a Ghost","floor":28.0,"gold_loss":0.0,"damage_taken":0.0,"cards_obtained":["Ghostly","Ghostly","Ghostly"]},{"damage_healed":0.0,"max_hp_gain":0.0,"max_hp_loss":0.0,"gold_gain":0.0,"event_name":"Cursed Tome","player_choice":"Obtained Book","floor":29.0,"gold_loss":0.0,"damage_taken":21.0},{"damage_healed":0,"gold_gain":0,"player_choice":"Max HP","damage_taken":0,"max_hp_gain":0,"max_hp_loss":2,"event_name":"Winding Halls","floor":38,"gold_loss":0},{"damage_healed":0,"gold_gain":0,"cards_transformed":["Defend_P"],"player_choice":"Transformed","damage_taken":0,"max_hp_gain":0,"max_hp_loss":0,"event_name":"Transmorgrifier","floor":42,"gold_loss":0,"cards_obtained":["Perseverance"]},{"damage_healed":0,"gold_gain":0,"player_choice":"Ignored","damage_taken":0,"max_hp_gain":0,"max_hp_loss":0,"event_name":"Mysterious Sphere","floor":46,"gold_loss":0}],"is_beta":true,"boss_relics":[{"not_picked":["Velvet Choker","Philosopher\u0027s Stone"],"picked":"Coffee Dripper"},{"not_picked":["Cursed Key","Pandora\u0027s Box"],"picked":"Runic Pyramid"}],"items_purged_floors":[5,27,48],"is_endless":false,"potions_floor_spawned":[1,21,33,36,40,47],"ascension_level":16}