{"gold_per_floor":[114,127,144,154,154,154,189,203,203,222,222,256,276,276,276,381,381,400,417,417,434,195,230,230,244,544,555,555,570,604,604,604,604],"floor_reached":33,"playtime":1664,"items_purged":["Strike_R"],"score":301,"play_id":"abe1093c-ff25-4bea-8875-784fcf44cf52","local_time":"20190918033856","is_ascension_mode":false,"campfire_choices":[{"data":"Headbutt","floor":6,"key":"SMITH"},{"floor":11,"key":"REST"},{"floor":15,"key":"REST"},{"floor":24,"key":"REST"},{"floor":28,"key":"REST"},{"floor":32,"key":"REST"}],"neow_cost":"NONE","seed_source_timestamp":1851472191557200,"circlet_count":0,"master_deck":["Strike_R","Strike_R","Defend_R","Defend_R","Defend_R","Defend_R","Bash+1","Deep Breath","Headbutt+1","Clash","Iron Wave","Clash","Clash","Bludgeon","Perfected Strike+1","Cleave+1","Barricade","Iron Wave+1","Sentinel","Juggernaut+1","Clothesline","Headbutt"],"relics":["Burning Blood","Question Card","Juzu Bracelet","Pen Nib","Fusion Hammer","Meat on the Bone","Old Coin","Frozen Egg 2"],"potions_floor_usage":[12,12,16,33,33],"damage_taken":[{"damage":1,"enemies":"2 Louse","floor":1,"turns":3},{"damage":1,"enemies":"Cultist","floor":2,"turns":4},{"damage":6,"enemies":"Jaw Worm","floor":3,"turns":3},{"damage":12,"enemies":"Red Slaver","floor":4,"turns":6},{"damage":50,"enemies":"Lagavulin","floor":7,"turns":7},{"damage":8,"enemies":"2 Fungi Beasts","floor":8,"turns":3},{"damage":15,"enemies":"3 Louse","floor":10,"turns":4},{"damage":13,"enemies":"3 Sentries","floor":12,"turns":7},{"damage":15,"enemies":"Exordium Thugs","floor":13,"turns":5},{"damage":37,"enemies":"The Guardian","floor":16,"turns":8},{"damage":0,"enemies":"Chosen","floor":18,"turns":3},{"damage":5,"enemies":"Spheric Guardian","floor":19,"turns":3},{"damage":15,"enemies":"Snake Plant","floor":21,"turns":3},{"damage":54,"enemies":"Slavers","floor":23,"turns":4},{"damage":15,"enemies":"Sentry and Sphere","floor":25,"turns":4},{"damage":33,"enemies":"Shelled Parasite and Fungi","floor":27,"turns":4},{"damage":11,"enemies":"Snecko","floor":29,"turns":4},{"damage":13,"enemies":"Gremlin Leader","floor":30,"turns":4},{"damage":105,"enemies":"Collector","floor":33,"turns":7}],"seed_played":"2835975409729216552","potions_obtained":[{"floor":3,"key":"LiquidBronze"},{"floor":4,"key":"Energy Potion"},{"floor":7,"key":"EssenceOfSteel"},{"floor":16,"key":"FearPotion"},{"floor":21,"key":"Dexterity Potion"},{"floor":27,"key":"Fire Potion"}],"is_trial":false,"path_per_floor":["M","M","M","M","?","R","E","M","T","M","R","E","M","?","R","B",null,"M","M","?","M","$","E","R","M","T","M","R","M","E","?","R","B"],"character_chosen":"IRONCLAD","items_purchased":["Barricade"],"campfire_rested":5,"item_purchase_floors":[22],"current_hp_per_floor":[80,80,80,74,74,74,30,28,28,19,43,36,27,32,57,26,85,85,85,77,68,68,20,45,48,48,33,58,53,58,58,83,0],"gold":604,"neow_bonus":"RANDOM_COLORLESS","is_prod":false,"is_daily":false,"chose_seed":false,"campfire_upgraded":1,"win_rate":0,"timestamp":1568792336,"path_taken":["M","M","M","M","?","R","E","M","T","M","R","E","M","?","R","BOSS","M","M","?","M","$","E","R","M","T","M","R","M","E","?","R","BOSS"],"build_version":"2019-07-17","purchased_purges":1,"victory":false,"max_hp_per_floor":[80,80,80,80,80,80,80,80,80,80,80,80,80,85,85,85,85,85,85,85,85,85,85,85,85,85,85,85,85,85,85,85,85],"card_choices":[{"not_picked":["Warcry","Flex","Heavy Blade"],"picked":"SKIP","floor":1},{"not_picked":["Havoc","True Grit"],"picked":"Headbutt","floor":2},{"not_picked":["Body Slam","Wild Strike","Clothesline"],"picked":"SKIP","floor":3},{"not_picked":["Flex","True Grit","Headbutt"],"picked":"SKIP","floor":4},{"not_picked":["Bludgeon","Hemokinesis"],"picked":"Clash","floor":7},{"not_picked":["Sentinel","Pommel Strike","Perfected Strike"],"picked":"Iron Wave","floor":8},{"not_picked":["Flame Barrier","Hemokinesis","Body Slam"],"picked":"Clash","floor":10},{"not_picked":["Disarm","Immolate","Thunderclap","Hemokinesis"],"picked":"SKIP","floor":12},{"not_picked":["Combust","Body Slam","Heavy Blade"],"picked":"Clash","floor":13},{"not_picked":["Dark Embrace","Fiend Fire","Brutality"],"picked":"Bludgeon","floor":16},{"not_picked":["Body Slam","Disarm","Pummel+1"],"picked":"Perfected Strike+1","floor":18},{"not_picked":["Iron Wave","Heavy Blade","Whirlwind+1","Fire Breathing+1"],"picked":"SKIP","floor":19},{"not_picked":["Battle Trance","Dropkick","Disarm"],"picked":"Cleave+1","floor":21},{"not_picked":["Cleave","Corruption","Entrench"],"picked":"Iron Wave+1","floor":23},{"not_picked":["True Grit","Heavy Blade","Hemokinesis","Clash"],"picked":"SKIP","floor":25},{"not_picked":["Havoc+1","Dropkick","Body Slam","Anger"],"picked":"SKIP","floor":27},{"not_picked":["Clash+1","Infernal Blade","Inflame"],"picked":"Sentinel","floor":29},{"not_picked":["Sword Boomerang","Anger+1","Heavy Blade"],"picked":"Juggernaut","floor":30}],"player_experience":60280,"relics_obtained":[{"floor":7,"key":"Question Card"},{"floor":9,"key":"Juzu Bracelet"},{"floor":12,"key":"Pen Nib"},{"floor":23,"key":"Meat on the Bone"},{"floor":26,"key":"Old Coin"},{"floor":30,"key":"Frozen Egg 2"}],"event_choices":[{"damage_healed":0,"gold_gain":0,"player_choice":"Forge","damage_taken":0,"max_hp_gain":0,"max_hp_loss":0,"event_name":"Accursed Blacksmith","floor":5,"gold_loss":0,"cards_upgraded":["Bash"]},{"damage_healed":0,"gold_gain":0,"player_choice":"Donut","damage_taken":0,"max_hp_gain":5,"max_hp_loss":0,"event_name":"Big Fish","floor":14,"gold_loss":0},{"damage_healed":0,"gold_gain":0,"player_choice":"Damaged","damage_taken":8,"max_hp_gain":0,"max_hp_loss":0,"event_name":"Wheel of Change","floor":20,"gold_loss":0},{"damage_healed":0,"gold_gain":0,"cards_transformed":["Strike_R","Strike_R"],"player_choice":"Became Test Subject","damage_taken":0,"max_hp_gain":0,"max_hp_loss":0,"event_name":"Drug Dealer","floor":31,"gold_loss":0,"cards_obtained":["Clothesline","Headbutt"]}],"is_beta":false,"boss_relics":[{"not_picked":["Sozu","Runic Cube"],"picked":"Fusion Hammer"}],"items_purged_floors":[22],"is_endless":false,"potions_floor_spawned":[3,4,7,16,21,27],"killed_by":"Collector","ascension_level":0}