{"gold_per_floor":[213,227,35,35,55,55,88,88,115,115,140,209,233,233,233,362,362,385,385,408,431,204,204,54,69,93,18,18,34,52,72,72,72],"floor_reached":33,"playtime":1634,"items_purged":["Strike_R"],"score":249,"play_id":"61d4582d-49a0-46c5-94b8-949929feb001","local_time":"20190919223304","is_ascension_mode":false,"campfire_choices":[{"data":"Clothesline","floor":6,"key":"SMITH"},{"data":"True Grit","floor":8,"key":"SMITH"},{"data":"Hemokinesis","floor":10,"key":"SMITH"},{"data":"Armaments","floor":15,"key":"SMITH"},{"data":"Shrug It Off","floor":23,"key":"SMITH"},{"floor":28,"key":"REST"},{"floor":32,"key":"REST"}],"neow_cost":"NONE","seed_source_timestamp":1112013488700,"circlet_count":0,"master_deck":["Strike_R","Strike_R+1","Strike_R+1","Strike_R","Defend_R","Defend_R","Defend_R","Defend_R","Bash","Clothesline+1","Seeing Red","Hemokinesis+1","Shrug It Off+1","True Grit+1","Sentinel","Armaments+1","Blood for Blood","Immolate","Iron Wave+1","Wild Strike+1","Impervious","Entrench+1","Exhume","Power Through+1"],"relics":["Burning Blood","Golden Idol","Anchor","Whetstone","Bronze Scales","Pear","Mark of Pain","Orichalcum","Bag of Marbles"],"potions_floor_usage":[12,18,21,33,33],"damage_taken":[{"damage":5,"enemies":"2 Louse","floor":1,"turns":3},{"damage":4,"enemies":"Jaw Worm","floor":2,"turns":4},{"damage":4,"enemies":"Cultist","floor":5,"turns":3},{"damage":25,"enemies":"Lagavulin","floor":7,"turns":8},{"damage":0,"enemies":"Looter","floor":11,"turns":3},{"damage":22,"enemies":"3 Sentries","floor":12,"turns":6},{"damage":2,"enemies":"Large Slime","floor":13,"turns":6},{"damage":32,"enemies":"The Guardian","floor":16,"turns":10},{"damage":13,"enemies":"Shell Parasite","floor":18,"turns":7},{"damage":16,"enemies":"Spheric Guardian","floor":20,"turns":4},{"damage":3,"enemies":"Snecko","floor":21,"turns":3},{"damage":21,"enemies":"Shelled Parasite and Fungi","floor":25,"turns":7},{"damage":11,"enemies":"Cultist and Chosen","floor":29,"turns":7},{"damage":18,"enemies":"Centurion and Healer","floor":30,"turns":4},{"damage":7,"enemies":"Shelled Parasite and Fungi","floor":31,"turns":8},{"damage":109,"enemies":"Automaton","floor":33,"turns":12}],"seed_played":"-5657023101105578279","potions_obtained":[{"floor":1,"key":"SpeedPotion"},{"floor":7,"key":"PowerPotion"},{"floor":12,"key":"Swift Potion"},{"floor":18,"key":"AttackPotion"},{"floor":20,"key":"LiquidBronze"},{"floor":30,"key":"Dexterity Potion"}],"is_trial":false,"path_per_floor":["M","M","$","?","M","R","E","R","T","R","M","?","M","T","R","B",null,"M","?","M","M","$","R","$","M","T","?","R","M","M","M","R","B"],"character_chosen":"IRONCLAD","items_purchased":["Seeing Red","Hemokinesis","Shrug It Off","Orichalcum","Impervious"],"campfire_rested":2,"item_purchase_floors":[3,3,3,22,24],"current_hp_per_floor":[80,80,80,80,80,80,61,61,61,61,67,51,55,65,65,39,90,83,83,73,76,76,76,76,61,61,61,88,83,71,70,90,0],"gold":72,"neow_bonus":"HUNDRED_GOLD","is_prod":false,"is_daily":false,"chose_seed":false,"campfire_upgraded":5,"win_rate":0,"timestamp":1568903584,"path_taken":["M","M","$","?","M","R","E","R","T","R","M","?","?","?","R","BOSS","M","?","M","M","$","R","$","M","T","?","R","M","M","M","R","BOSS"],"build_version":"2019-07-17","purchased_purges":1,"victory":false,"max_hp_per_floor":[80,80,80,80,80,80,80,80,80,80,80,80,80,90,90,90,90,90,90,90,90,90,90,90,90,90,90,90,90,90,90,90,90],"card_choices":[{"not_picked":["Sword Boomerang","Bloodletting"],"picked":"Clothesline","floor":1},{"not_picked":["Perfected Strike","Clash","Warcry"],"picked":"SKIP","floor":2},{"not_picked":["Searing Blow","Clash"],"picked":"True Grit","floor":5},{"not_picked":["Flex","Berserk"],"picked":"Sentinel","floor":7},{"not_picked":["Body Slam","Iron Wave"],"picked":"Armaments","floor":11},{"not_picked":["Pommel Strike","Clothesline"],"picked":"Blood for Blood","floor":12},{"not_picked":["Twin Strike","Clash","Headbutt"],"picked":"SKIP","floor":13},{"not_picked":["Demon Form","Reaper"],"picked":"Immolate","floor":16},{"not_picked":["Heavy Blade","Sword Boomerang","Perfected Strike"],"picked":"SKIP","floor":18},{"not_picked":["Headbutt","Shrug It Off+1"],"picked":"Iron Wave+1","floor":20},{"not_picked":["Clothesline+1","Thunderclap+1"],"picked":"Wild Strike+1","floor":21},{"not_picked":["Perfected Strike","Rage"],"picked":"Entrench+1","floor":25},{"not_picked":["Reckless Charge","Fire Breathing","Wild Strike+1"],"picked":"SKIP","floor":29},{"not_picked":["Body Slam","Shrug It Off"],"picked":"Exhume","floor":30},{"not_picked":["Clothesline","Twin Strike"],"picked":"Power Through+1","floor":31}],"player_experience":390515,"relics_obtained":[{"floor":7,"key":"Anchor"},{"floor":9,"key":"Whetstone"},{"floor":12,"key":"Bronze Scales"},{"floor":14,"key":"Pear"},{"floor":26,"key":"Bag of Marbles"}],"event_choices":[{"damage_healed":0,"gold_gain":0,"player_choice":"Take Wound","damage_taken":0,"relics_obtained":["Golden Idol"],"max_hp_gain":0,"max_hp_loss":0,"event_name":"Golden Idol","floor":4,"gold_loss":0,"cards_obtained":["Injury"]},{"damage_healed":0,"gold_gain":0,"player_choice":"Searched \u00271\u0027 times","damage_taken":0,"max_hp_gain":0,"max_hp_loss":0,"event_name":"Dead Adventurer","floor":12,"gold_loss":0},{"damage_healed":0,"gold_gain":0,"player_choice":"Ignored","damage_taken":0,"max_hp_gain":0,"max_hp_loss":0,"event_name":"Ghosts","floor":19,"gold_loss":0},{"cards_removed":["Injury"],"damage_healed":0,"gold_gain":0,"player_choice":"Gave Gold","damage_taken":0,"max_hp_gain":0,"max_hp_loss":0,"event_name":"Beggar","floor":27,"gold_loss":75}],"is_beta":false,"boss_relics":[{"not_picked":["Pandora\u0027s Box","Empty Cage"],"picked":"Mark of Pain"}],"items_purged_floors":[22],"is_endless":false,"potions_floor_spawned":[1,7,12,18,20,30],"killed_by":"Automaton","ascension_level":0}