{"gold_per_floor":[110,128,53,53,53,88,88,113,113,144,154,154,154,169,169,169],"floor_reached":16,"playtime":321,"items_purged":["Defend_B"],"score":279,"play_id":"f55c4957-be7d-4c1a-8ac7-8fa7b6d383fd","local_time":"20190206101843","is_ascension_mode":true,"campfire_choices":[{"data":"Sweeping Beam","floor":7.0,"key":"SMITH"},{"floor":13.0,"key":"REST"},{"data":"Defragment","floor":15.0,"key":"SMITH"}],"neow_cost":"NONE","seed_source_timestamp":0,"circlet_count":0,"master_deck":["AscendersBane","Strike_B","Strike_B","Strike_B","Defend_B","Defend_B","Defend_B","Zap","Dualcast","Sweeping Beam+1","Defragment+1","Loop","Biased Cognition","Cold Snap","Go for the Eyes"],"special_seed":0,"relics":["Cracked Core","NeowsBlessing","Darkstone Periapt","Dream Catcher","Orichalcum","Incense Burner"],"potions_floor_usage":[],"damage_taken":[{"damage":0.0,"enemies":"Small Slimes","floor":1.0,"turns":1.0},{"damage":0.0,"enemies":"2 Louse","floor":2.0,"turns":1.0},{"damage":0.0,"enemies":"Lagavulin","floor":6.0,"turns":1.0},{"damage":45.0,"enemies":"3 Sentries","floor":8.0,"turns":7.0},{"damage":14.0,"enemies":"Lagavulin","floor":10.0,"turns":5.0},{"damage":0.0,"enemies":"Cultist","floor":11.0,"turns":3.0},{"damage":5.0,"enemies":"Blue Slaver","floor":14.0,"turns":3.0},{"damage":0,"enemies":"The Guardian","floor":16,"turns":1}],"seed_played":"5110006734135791212","potions_obtained":[{"floor":8.0,"key":"Ancient Potion"}],"is_trial":false,"path_per_floor":["M","M","$","?","?","E","R","E","T","E","M","?","R","M","R","B"],"character_chosen":"DEFECT","items_purchased":[],"campfire_rested":1,"item_purchase_floors":[],"current_hp_per_floor":[64,64,64,69,69,69,69,24,24,10,10,10,32,27,27,27],"gold":169,"neow_bonus":"THREE_ENEMY_KILL","is_prod":false,"is_daily":false,"chose_seed":false,"campfire_upgraded":2,"win_rate":0,"timestamp":1549444723,"path_taken":["M","M","$","?","?","E","R","E","T","E","M","?","R","M","R","BOSS"],"build_version":"2019-01-17v2","purchased_purges":1,"victory":false,"max_hp_per_floor":[71,71,71,76,76,76,76,76,76,76,76,76,76,76,76,76],"card_choices":[{"not_picked":["Redo","Turbo"],"picked":"Sweeping Beam","floor":1.0},{"not_picked":["Barrage","Leap"],"picked":"Defragment","floor":2.0},{"not_picked":["Compile Driver","Chill"],"picked":"Loop","floor":6.0},{"not_picked":["Compile Driver","Fusion"],"picked":"Biased Cognition","floor":8.0},{"not_picked":["Force Field","Turbo"],"picked":"Cold Snap","floor":10.0},{"not_picked":["Undo","Heatsinks"],"picked":"Go for the Eyes","floor":11.0},{"not_picked":["Beam Cell","Ball Lightning","Streamline"],"picked":"SKIP","floor":14.0}],"player_experience":1272677,"relics_obtained":[{"floor":6.0,"key":"Darkstone Periapt"},{"floor":8.0,"key":"Dream Catcher"},{"floor":9.0,"key":"Orichalcum"},{"floor":10.0,"key":"Incense Burner"}],"event_choices":[{"damage_healed":0.0,"max_hp_gain":5.0,"max_hp_loss":0.0,"gold_gain":0.0,"event_name":"Big Fish","player_choice":"Donut","floor":4.0,"gold_loss":0.0,"damage_taken":0.0},{"damage_healed":0.0,"max_hp_gain":0.0,"max_hp_loss":0.0,"gold_gain":0.0,"event_name":"The Cleric","player_choice":"Leave","floor":5.0,"gold_loss":0.0,"damage_taken":0.0},{"cards_removed":["Strike_B"],"damage_healed":0.0,"max_hp_gain":0.0,"max_hp_loss":0.0,"gold_gain":0.0,"event_name":"Purifier","player_choice":"Purged","floor":12.0,"gold_loss":0.0,"damage_taken":0.0}],"is_beta":false,"boss_relics":[],"items_purged_floors":[3],"is_endless":false,"potions_floor_spawned":[8],"killed_by":"The Guardian","ascension_level":19}