{"gold_per_floor":[118,118,43,43,93,123,137,155,155,170,200,200,216,246,246,323,323,343,354,76,76,76,111,161,161,185,85,112,37,87,362,362,435,435,455,455,465,482,493,525,525,557,630,150,150,495,529,529,529,529,529,529,529,6,34,34],"floor_reached":57,"playtime":2382,"items_purged":["Regret","Strike_B","Strike_B","Strike_B+1"],"score":3284,"play_id":"42dcbc29-fe70-4ff0-8fb5-6429354f0e51","local_time":"20190407131347","is_ascension_mode":true,"campfire_choices":[{"data":"Streamline","floor":12.0,"key":"SMITH"},{"data":"Coolheaded","floor":15.0,"key":"SMITH"},{"data":"Buffer","floor":25.0,"key":"SMITH"},{"data":"Hologram","floor":32.0,"key":"SMITH"},{"floor":45.0,"key":"RECALL"},{"data":"Defragment","floor":49.0,"key":"SMITH"},{"data":"Echo Form","floor":53.0,"key":"SMITH"}],"neow_cost":"NONE","seed_source_timestamp":1479976025279009,"circlet_count":0,"master_deck":["AscendersBane","Defend_B","Defend_B","Defend_B","Zap","Dualcast+1","Coolheaded+1","Glacier","Streamline+1","Hologram+1","Echo Form","Buffer+1","All For One+1","Electrodynamics","Capacitor+1","Sunder+1","Hologram+1","Echo Form+1","All For One+1","Hologram+1","Defragment+1","Glacier+1"],"special_seed":0,"relics":["Cracked Core","NeowsBlessing","Question Card","Omamori","Shuriken","Du-Vu Doll","PreservedInsect","Snecko Eye","Toxic Egg 2","Pocketwatch","Molten Egg 2","Juzu Bracelet","Pantograph","Coffee Dripper","Sundial","Art of War","Old Coin","DataDisk","Medical Kit","Dead Branch"],"potions_floor_usage":[56,56],"damage_taken":[{"damage":0.0,"enemies":"2 Louse","floor":1.0,"turns":1.0},{"damage":0.0,"enemies":"Gremlin Nob","floor":6.0,"turns":1.0},{"damage":0.0,"enemies":"Small Slimes","floor":7.0,"turns":1.0},{"damage":0.0,"enemies":"Cultist","floor":8.0,"turns":3.0},{"damage":13.0,"enemies":"Lots of Slimes","floor":10.0,"turns":6.0},{"damage":16.0,"enemies":"Lagavulin","floor":11.0,"turns":7.0},{"damage":0.0,"enemies":"Large Slime","floor":13.0,"turns":4.0},{"damage":17.0,"enemies":"3 Sentries","floor":14.0,"turns":11.0},{"damage":0.0,"enemies":"Slime Boss","floor":16.0,"turns":7.0},{"damage":3.0,"enemies":"3 Byrds","floor":18.0,"turns":6.0},{"damage":0.0,"enemies":"Spheric Guardian","floor":19.0,"turns":3.0},{"damage":22.0,"enemies":"Book of Stabbing","floor":23.0,"turns":4.0},{"damage":16.0,"enemies":"Slavers","floor":28.0,"turns":7.0},{"damage":0.0,"enemies":"Automaton","floor":33.0,"turns":13.0},{"damage":0.0,"enemies":"Orb Walker","floor":35.0,"turns":3.0},{"damage":0.0,"enemies":"3 Darklings","floor":37.0,"turns":3.0},{"damage":0.0,"enemies":"Sphere and 2 Shapes","floor":38.0,"turns":2.0},{"damage":0.0,"enemies":"Writhing Mass","floor":39.0,"turns":5.0},{"damage":0.0,"enemies":"Reptomancer","floor":40.0,"turns":4.0},{"damage":0.0,"enemies":"Giant Head","floor":42.0,"turns":2.0},{"damage":13.0,"enemies":"2 Orb Walkers","floor":46.0,"turns":4.0},{"damage":0.0,"enemies":"Nemesis","floor":47.0,"turns":6.0},{"damage":19.0,"enemies":"Donu and Deca","floor":50.0,"turns":3.0},{"damage":10.0,"enemies":"Time Eater","floor":51.0,"turns":8.0},{"damage":0.0,"enemies":"Shield and Spear","floor":55.0,"turns":3.0},{"damage":8,"enemies":"The Heart","floor":56,"turns":12}],"seed_played":"-1140100878323901527","potions_obtained":[{"floor":7.0,"key":"Fruit Juice"},{"floor":8.0,"key":"PowerPotion"},{"floor":10.0,"key":"LiquidBronze"},{"floor":11.0,"key":"GamblersBrew"},{"floor":16.0,"key":"SmokeBomb"},{"floor":19.0,"key":"LiquidBronze"},{"floor":23.0,"key":"SmokeBomb"},{"floor":35.0,"key":"FearPotion"},{"floor":39.0,"key":"FearPotion"},{"floor":40.0,"key":"Block Potion"}],"is_trial":false,"path_per_floor":["M","?","$","?","?","E","M","M","T","M","E","R","M","E","R","B",null,"M","M","$","?","?","E","?","R","T","$","E","?","?","?","R","B",null,"M","?","M","M","M","E","?","E","T","$","R","?","E","?","R","B","B",null,"R","$","E","B",null],"character_chosen":"DEFECT","items_purchased":["Toxic Egg 2","Echo Form","All For One+1","Hologram+1","Medical Kit","Glacier+1","PowerPotion","AttackPotion"],"campfire_rested":0,"item_purchase_floors":[20,44,44,44,54,54,54,54],"current_hp_per_floor":[64,64,64,43,43,43,48,48,48,35,19,19,19,2,2,2,58,55,55,55,55,55,33,26,26,26,26,10,10,10,10,10,35,66,66,66,66,66,66,66,66,66,66,66,66,53,53,53,53,53,62,70,70,70,70,64],"gold":34,"neow_bonus":"THREE_ENEMY_KILL","is_prod":false,"is_daily":false,"chose_seed":true,"campfire_upgraded":6,"win_rate":0,"timestamp":1554614027,"path_taken":["M","?","$","?","?","E","M","?","T","M","E","R","?","E","R","BOSS","M","?","$","?","?","E","?","R","T","$","E","?","?","?","R","BOSS","M","?","M","M","M","E","?","E","T","$","R","?","E","?","R","BOSS","BOSS","R","$","E","BOSS"],"build_version":"2019-04-04","purchased_purges":4,"victory":true,"max_hp_per_floor":[71,71,71,71,71,71,76,76,76,76,76,76,76,76,76,76,76,76,76,76,76,76,76,76,76,76,76,76,76,76,76,76,76,76,76,76,76,76,76,76,76,76,76,76,76,76,76,72,72,72,72,72,72,72,72,72],"card_choices":[{"not_picked":["Redo","BootSequence","Beam Cell"],"picked":"SKIP","floor":1.0},{"not_picked":["Redo","Self Repair","Force Field"],"picked":"Coolheaded","floor":6.0},{"not_picked":["Loop","Static Discharge","Go for the Eyes"],"picked":"Glacier","floor":7.0},{"not_picked":["Sweeping Beam","Gash","Heatsinks","Go for the Eyes"],"picked":"SKIP","floor":8.0},{"not_picked":["Glacier","Force Field","Steam"],"picked":"Streamline","floor":10.0},{"not_picked":["Cold Snap","Melter","Machine Learning","Ball Lightning"],"picked":"SKIP","floor":11.0},{"not_picked":["Steam","Ball Lightning","Barrage"],"picked":"Hologram","floor":13.0},{"not_picked":["Reprogram","Hyperbeam","Fusion","Ball Lightning"],"picked":"SKIP","floor":14.0},{"not_picked":["Seek","Biased Cognition","Rainbow"],"picked":"Echo Form","floor":16.0},{"not_picked":["Redo","Leap","Ball Lightning","Coolheaded"],"picked":"SKIP","floor":18.0},{"not_picked":["Loop","Ball Lightning","Compile Driver","Leap"],"picked":"SKIP","floor":19.0},{"not_picked":["Multi-Cast+1","Go for the Eyes","Defragment"],"picked":"Buffer","floor":23.0},{"not_picked":["Reboot+1","Hologram+1","Rip and Tear+1"],"picked":"All For One+1","floor":28.0},{"not_picked":["Buffer","Machine Learning","Thunder Strike+1"],"picked":"Electrodynamics","floor":33.0},{"not_picked":["Reprogram+1","Rebound+1","Leap+1","Cold Snap+1"],"picked":"SKIP","floor":35.0},{"not_picked":["Heatsinks","Compile Driver+1","Blizzard+1","Gash+1"],"picked":"SKIP","floor":37.0},{"not_picked":["Conserve Battery+1","Sweeping Beam+1","FTL+1"],"picked":"Capacitor+1","floor":38.0},{"not_picked":["Lockon+1","Defragment","All For One+1"],"picked":"Sunder+1","floor":39.0},{"not_picked":["Leap+1","Auto Shields+1","Steam Power+1","Rebound+1"],"picked":"SKIP","floor":40.0},{"not_picked":["Gash+1","Melter+1","Go for the Eyes+1"],"picked":"Hologram+1","floor":42.0},{"not_picked":["Core Surge+1","Compile Driver+1","Heatsinks"],"picked":"Defragment","floor":47.0},{"not_picked":["Redo+1","Chaos+1","Stack+1","Steam+1"],"picked":"SKIP","floor":55.0}],"player_experience":3003102,"relics_obtained":[{"floor":6.0,"key":"Omamori"},{"floor":9.0,"key":"Shuriken"},{"floor":11.0,"key":"Du-Vu Doll"},{"floor":14.0,"key":"PreservedInsect"},{"floor":23.0,"key":"Molten Egg 2"},{"floor":26.0,"key":"Juzu Bracelet"},{"floor":28.0,"key":"Pantograph"},{"floor":40.0,"key":"Sundial"},{"floor":42.0,"key":"Art of War"},{"floor":46.0,"key":"Old Coin"},{"floor":47.0,"key":"DataDisk"},{"floor":55.0,"key":"Dead Branch"}],"event_choices":[{"damage_healed":0.0,"max_hp_gain":0.0,"max_hp_loss":0.0,"gold_gain":0.0,"event_name":"Big Fish","player_choice":"Box","floor":2.0,"gold_loss":0.0,"damage_taken":0.0,"relics_obtained":["Question Card"],"cards_obtained":["Regret"]},{"damage_healed":0.0,"max_hp_gain":0.0,"max_hp_loss":0.0,"gold_gain":0.0,"event_name":"Shining Light","player_choice":"Entered Light","floor":4.0,"gold_loss":0.0,"damage_taken":21.0,"cards_upgraded":["Dualcast","Strike_B"]},{"damage_healed":0.0,"max_hp_gain":0.0,"max_hp_loss":0.0,"gold_gain":50.0,"event_name":"Golden Shrine","player_choice":"Pray","floor":5.0,"gold_loss":0.0,"damage_taken":0.0},{"damage_healed":0.0,"max_hp_gain":0.0,"max_hp_loss":0.0,"gold_gain":0.0,"event_name":"Addict","player_choice":"Stole Relic","floor":21.0,"gold_loss":0.0,"damage_taken":0.0,"relics_obtained":["Pocketwatch"],"cards_obtained":["Shame"]},{"damage_healed":0.0,"max_hp_gain":0.0,"max_hp_loss":0.0,"gold_gain":0.0,"event_name":"Vampires","player_choice":"Ignored","floor":22.0,"gold_loss":0.0,"damage_taken":0.0},{"damage_healed":0.0,"max_hp_gain":0.0,"max_hp_loss":0.0,"gold_gain":50.0,"event_name":"FaceTrader","player_choice":"Touch","floor":24.0,"gold_loss":0.0,"damage_taken":7.0},{"cards_removed":["Strike_B"],"damage_healed":0.0,"max_hp_gain":0.0,"max_hp_loss":0.0,"gold_gain":0.0,"event_name":"Beggar","player_choice":"Gave Gold","floor":29.0,"gold_loss":75.0,"damage_taken":0.0},{"damage_healed":0.0,"max_hp_gain":0.0,"max_hp_loss":0.0,"gold_gain":50.0,"event_name":"Nest","player_choice":"Stole From Cult","floor":30.0,"gold_loss":0.0,"damage_taken":0.0},{"damage_healed":0.0,"max_hp_gain":0.0,"max_hp_loss":0.0,"gold_gain":275.0,"event_name":"Golden Shrine","player_choice":"Desecrate","floor":31.0,"gold_loss":0.0,"damage_taken":0.0,"cards_obtained":["Regret"]},{"cards_removed":["Defend_B"],"damage_healed":0.0,"max_hp_gain":0.0,"max_hp_loss":0.0,"gold_gain":0.0,"event_name":"Falling","player_choice":"Removed Skill","floor":36.0,"gold_loss":0.0,"damage_taken":0.0},{"damage_healed":0.0,"max_hp_gain":0.0,"max_hp_loss":0.0,"gold_gain":0.0,"event_name":"Tomb of Lord Red Mask","player_choice":"Ignored","floor":41.0,"gold_loss":0.0,"damage_taken":0.0},{"damage_healed":0.0,"max_hp_gain":0.0,"max_hp_loss":0.0,"gold_gain":0.0,"event_name":"Mysterious Sphere","player_choice":"Fight","floor":46.0,"gold_loss":0.0,"damage_taken":0.0},{"damage_healed":0.0,"max_hp_gain":0.0,"max_hp_loss":4.0,"gold_gain":0.0,"event_name":"Winding Halls","player_choice":"Max HP","floor":48.0,"gold_loss":0.0,"damage_taken":0.0}],"is_beta":true,"boss_relics":[{"not_picked":["Pandora\u0027s Box","Sozu"],"picked":"Snecko Eye"},{"not_picked":["Eternal Feather","White Beast Statue"],"picked":"Coffee Dripper"}],"items_purged_floors":[3,27,44,54],"is_endless":false,"potions_floor_spawned":[7,8,10,11,16,19,23,35,39,40,42],"ascension_level":20}