{"gold_per_floor":[116,1,19,37,37,37,37,37,61,61,76,51,51,70,70,70],"floor_reached":16,"playtime":311,"items_purged":["Strike_B"],"score":180,"play_id":"4a8b6cf3-a332-4976-bb4d-b75074aca9c5","local_time":"20190419152737","is_ascension_mode":true,"campfire_choices":[{"data":"Dualcast","floor":6.0,"key":"SMITH"},{"data":"Coolheaded","floor":8.0,"key":"SMITH"},{"data":"Consume","floor":13.0,"key":"SMITH"},{"data":"Recycle","floor":15,"key":"SMITH"}],"neow_cost":"NONE","seed_source_timestamp":96498321677215,"circlet_count":0,"master_deck":["AscendersBane","Strike_B+1","Strike_B+1","Strike_B","Defend_B","Defend_B","Defend_B","Defend_B","Zap","Dualcast+1","Recycle+1","Hologram","Coolheaded+1","Consume+1","Ball Lightning"],"special_seed":0,"relics":["Cracked Core","Centennial Puzzle","Boot"],"potions_floor_usage":[14],"damage_taken":[{"damage":7.0,"enemies":"Jaw Worm","floor":1.0,"turns":3.0},{"damage":10.0,"enemies":"Small Slimes","floor":3.0,"turns":2.0},{"damage":7.0,"enemies":"2 Louse","floor":4.0,"turns":2.0},{"damage":14.0,"enemies":"Exordium Wildlife","floor":11.0,"turns":4.0},{"damage":2,"enemies":"3 Louse","floor":14,"turns":4},{"damage":3,"enemies":"Hexaghost","floor":16,"turns":6}],"seed_played":"9156882146582859951","potions_obtained":[{"floor":3.0,"key":"FearPotion"},{"floor":4.0,"key":"Poison Potion"}],"is_trial":false,"path_per_floor":["M","$","M","M","?","R","?","R","T","$","M","$","R","M","R","B"],"character_chosen":"DEFECT","items_purchased":["Recycle","Ball Lightning"],"campfire_rested":0,"item_purchase_floors":[2,12],"current_hp_per_floor":[57,57,47,40,19,19,19,19,19,19,5,5,5,3,3,0],"gold":70,"neow_bonus":"RANDOM_COMMON_RELIC","is_prod":false,"is_daily":false,"chose_seed":false,"campfire_upgraded":4,"win_rate":0,"timestamp":1555658857,"path_taken":["M","$","M","M","?","R","?","R","T","$","M","?","R","M","R","BOSS"],"build_version":"2019-04-04","purchased_purges":1,"victory":false,"max_hp_per_floor":[71,71,71,71,71,71,71,71,71,71,71,71,71,71,71,71],"card_choices":[{"not_picked":["Conserve Battery","Scrape","Storm"],"picked":"SKIP","floor":1.0},{"not_picked":["Redo","Darkness"],"picked":"Hologram","floor":3.0},{"not_picked":["Conserve Battery","Barrage"],"picked":"Coolheaded","floor":4.0},{"not_picked":["Beam Cell","Turbo"],"picked":"Consume","floor":11.0},{"not_picked":["Redo","Consume","Cold Snap"],"picked":"SKIP","floor":14}],"player_experience":3024434,"relics_obtained":[{"floor":9.0,"key":"Boot"}],"event_choices":[{"damage_healed":0.0,"max_hp_gain":0.0,"max_hp_loss":0.0,"gold_gain":0.0,"event_name":"Shining Light","player_choice":"Entered Light","floor":5.0,"gold_loss":0.0,"damage_taken":21.0,"cards_upgraded":["Strike_B","Strike_B"]},{"damage_healed":0.0,"max_hp_gain":0.0,"max_hp_loss":0.0,"gold_gain":0.0,"event_name":"Scrap Ooze","player_choice":"Fled","floor":7.0,"gold_loss":0.0,"damage_taken":0.0}],"is_beta":true,"boss_relics":[],"items_purged_floors":[2],"is_endless":false,"potions_floor_spawned":[3,4],"killed_by":"Hexaghost","ascension_level":20}