{"path_per_floor":["M","M","$","M","?","R","E","R","T","R","$","T","M","M","R","B",null,"M","$","M","?","?","R","E","R","T","$","M","E","$","M","R","B",null,"M","?","M","M","M","E","R","M","T","?","$","R"],"character_chosen":"DEFECT","items_purchased":["Hologram","Steam","Go for the Eyes","Block Potion","Regen Potion","Turbo","Buffer","Block Potion","Loop","Pear"],"gold_per_floor":[364,378,257,275,275,275,309,309,379,379,77,102,118,131,131,228,228,241,215,228,228,228,228,258,258,340,16,35,91,91,104,104,202,202,213,213,225,240,260,289,289,309,334,334,46,46,46],"floor_reached":47,"campfire_rested":2,"playtime":2765,"item_purchase_floors":[3,11,11,11,11,19,27,27,45,45],"current_hp_per_floor":[65,64,64,58,51,51,9,9,9,9,9,9,9,4,4,39,61,55,55,54,54,54,54,26,26,26,26,26,16,16,3,23,34,60,43,43,32,32,28,18,38,38,45,45,55,55,0],"items_purged":["Strike_B","Defend_B","Strike_B"],"gold":46,"score":666,"play_id":"63da1980-9934-4dbe-8b98-debef1d831fe","local_time":"20180608220239","is_prod":false,"is_daily":false,"chose_seed":false,"is_ascension_mode":true,"campfire_upgraded":7,"win_rate":0,"timestamp":1528488159,"campfire_choices":[{"data":"Sweeping Beam","floor":6,"key":"SMITH"},{"data":"Zap","floor":8,"key":"SMITH"},{"data":"Dualcast","floor":10,"key":"SMITH"},{"data":"Go for the Eyes","floor":15,"key":"SMITH"},{"data":"Zap","floor":23,"key":"SMITH"},{"data":"Electrodynamics","floor":25,"key":"SMITH"},{"floor":32,"key":"REST"},{"floor":41,"key":"REST"},{"data":"Thunder Strike","floor":46,"key":"SMITH"}],"path_taken":["M","M","$","M","?","R","E","R","T","R","$","?","M","M","R","BOSS","M","?","?","?","?","R","E","R","T","$","?","E","$","?","R","BOSS","M","?","M","M","M","E","R","M","T","?","$","R","E"],"build_version":"2018-06-07","seed_source_timestamp":16611333356778,"purchased_purges":3,"victory":false,"master_deck":["Strike_B","Defend_B","Defend_B","Defend_B","Zap+1","Dualcast+1","Genetic Algorithm","Sweeping Beam+1","Hologram","Cold Snap","All For One","Steam","Go for the Eyes+1","Ball Lightning","Electrodynamics+1","Steam","Turbo","Zap+1","Redo+1","Skim","Thunder Strike+1","Genetic Algorithm","Loop+1","Loop"],"max_hp_per_floor":[68,68,68,68,68,68,68,68,68,68,68,68,68,68,68,68,68,68,68,68,68,68,68,68,68,68,68,68,68,68,68,68,68,68,68,68,68,68,68,68,68,68,75,75,85,85,85],"relics":["Cracked Core","Omamori","Pantograph","Pen Nib","Lizard Tail","Cables","Question Card","Tiny Chest","Cursed Key","Bag of Preparation","Strawberry","Pear"],"card_choices":[{"not_picked":["Leap","Steam"],"picked":"Genetic Algorithm","floor":1},{"not_picked":["Beam Cell","Darkness"],"picked":"Sweeping Beam","floor":2},{"not_picked":["Gash","Compile Driver"],"picked":"Cold Snap","floor":4},{"not_picked":["Streamline","Static Discharge"],"picked":"All For One","floor":7},{"not_picked":["Sunder","Streamline"],"picked":"Ball Lightning","floor":13},{"not_picked":["Glacier","Barrage","Cold Snap"],"picked":"SKIP","floor":14},{"not_picked":["Seek","Thunder Strike"],"picked":"Electrodynamics","floor":16},{"not_picked":["Glacier","Redo"],"picked":"Steam","floor":18},{"not_picked":["Redo","Sweeping Beam","Rebound"],"picked":"SKIP","floor":20},{"not_picked":["Blizzard","Compile Driver"],"picked":"Redo+1","floor":24},{"not_picked":["Blizzard+1","Beam Cell","Sunder+1","Steam"],"picked":"SKIP","floor":28},{"not_picked":["Buffer","Hologram","Streamline"],"picked":"Skim","floor":29},{"not_picked":["White Noise","Beam Cell","Chaos","Ball Lightning"],"picked":"SKIP","floor":31},{"not_picked":["Machine Learning","Electrodynamics","Hyperbeam"],"picked":"Thunder Strike","floor":33},{"not_picked":["Aggregate+1","Go for the Eyes","Steam","Conserve Battery+1"],"picked":"SKIP","floor":35},{"not_picked":["Coolheaded","Hello World","Barrage+1","Auto Shields"],"picked":"SKIP","floor":37},{"not_picked":["Melter","FTL","BootSequence","Chill"],"picked":"SKIP","floor":38},{"not_picked":["Skim","Go for the Eyes+1","Conserve Battery+1","Beam Cell"],"picked":"SKIP","floor":39},{"not_picked":["Sweeping Beam","Chaos","Steam Power"],"picked":"Loop+1","floor":40},{"not_picked":["Conserve Battery","Double Energy","Sweeping Beam","Leap+1"],"picked":"SKIP","floor":42}],"player_experience":820710,"potions_floor_usage":[16,16,24,29,31,31,40,47,47],"damage_taken":[{"damage":3,"enemies":"Small Slimes","floor":1,"turns":3},{"damage":1,"enemies":"Cultist","floor":2,"turns":3},{"damage":6,"enemies":"Jaw Worm","floor":4,"turns":3},{"damage":42,"enemies":"Lagavulin","floor":7,"turns":8},{"damage":0,"enemies":"2 Fungi Beasts","floor":13,"turns":2},{"damage":5,"enemies":"Blue Slaver","floor":14,"turns":2},{"damage":10,"enemies":"Hexaghost","floor":16,"turns":8},{"damage":6,"enemies":"2 Thieves","floor":18,"turns":4},{"damage":1,"enemies":"Shell Parasite","floor":20,"turns":3},{"damage":28,"enemies":"Slavers","floor":24,"turns":4},{"damage":0,"enemies":"Snecko","floor":28,"turns":3},{"damage":10,"enemies":"Gremlin Leader","floor":29,"turns":5},{"damage":13,"enemies":"Centurion and Healer","floor":31,"turns":2},{"damage":48,"enemies":"Automaton","floor":33,"turns":10},{"damage":17,"enemies":"3 Shapes","floor":35,"turns":2},{"damage":11,"enemies":"Orb Walker","floor":37,"turns":3},{"damage":0,"enemies":"4 Shapes","floor":38,"turns":4},{"damage":4,"enemies":"Sphere and 2 Shapes","floor":39,"turns":3},{"damage":10,"enemies":"2 Orb Walkers","floor":40,"turns":3},{"damage":0,"enemies":"3 Darklings","floor":42,"turns":4},{"damage":70,"enemies":"Giant Head","floor":47,"turns":8}],"relics_obtained":[{"floor":7,"key":"Omamori"},{"floor":9,"key":"Pantograph"},{"floor":12,"key":"Pen Nib"},{"floor":24,"key":"Cables"},{"floor":26,"key":"Question Card"},{"floor":29,"key":"Tiny Chest"},{"floor":40,"key":"Bag of Preparation"},{"floor":43,"key":"Strawberry"}],"event_choices":[{"event_name":"Golden Wing","player_choice":"Card Removal","floor":5,"damage_taken":0},{"event_name":"Cursed Tome","player_choice":"Ignored","floor":21,"damage_taken":0},{"event_name":"Match and Keep!","player_choice":"1 cards matched","floor":22,"damage_taken":0},{"event_name":"Duplicator","player_choice":"One dupe","floor":36,"damage_taken":0},{"event_name":"Falling","player_choice":"Removed Power","floor":44,"damage_taken":0}],"boss_relics":[{"not_picked":["Eternal Feather","Busted Crown"],"picked":"Lizard Tail"},{"not_picked":["White Beast Statue","Black Star"],"picked":"Cursed Key"}],"items_purged_floors":[3,11,27],"potions_floor_spawned":[7,14,24,29,33,38,39],"seed_played":"3824401495763964327","killed_by":"Giant Head","ascension_level":6,"potions_obtained":[{"floor":7,"key":"Regen Potion"},{"floor":24,"key":"Dexterity Potion"},{"floor":29,"key":"PowerPotion"},{"floor":33,"key":"FearPotion"},{"floor":38,"key":"Weak Potion"},{"floor":39,"key":"EssenceOfSteel"}],"is_trial":false}