{"gold_per_floor":[110,110,130,130,130,130,0,19,19,40,40,58,58,74,74,167,167,188,13,13,47,47,47,47,65,65,78,78,92,92,104,104,179,179,199,219,219,219,219,219,94,142,142,159,259,259,291,304,304,304,304,304,304,41,75,75],"floor_reached":57,"playtime":2569,"items_purged":["Strike_G","Strike_G","Predator","Dagger Spray+1"],"score":2665,"play_id":"9ef697e1-16ac-4954-9c5b-f337922de6fd","local_time":"20190920211232","is_ascension_mode":true,"campfire_choices":[{"data":"Noxious Fumes","floor":6.0,"key":"SMITH"},{"data":"Finisher","floor":13.0,"key":"SMITH"},{"data":"Neutralize","floor":15.0,"key":"SMITH"},{"data":"A Thousand Cuts","floor":23,"key":"SMITH"},{"data":"Acrobatics","floor":28,"key":"SMITH"},{"floor":32,"key":"REST"},{"data":"Acrobatics","floor":40,"key":"SMITH"},{"floor":49,"key":"RECALL"},{"data":"Well Laid Plans","floor":53,"key":"SMITH"}],"neow_cost":"NONE","seed_source_timestamp":874539507482454,"circlet_count":0,"master_deck":["AscendersBane","Defend_G","Defend_G","Neutralize+1","Noxious Fumes+1","Acrobatics+1","Footwork","Finisher+1","PiercingWail+1","Endless Agony","A Thousand Cuts+1","Backflip","Escape Plan","Outmaneuver+1","Acrobatics+1","Adrenaline","Distraction+1","Venomology+1","Tactician+1","Adrenaline","Well Laid Plans+1"],"special_seed":0,"relics":["HoveringKite","Bag of Preparation","Bloody Idol","Mercury Hourglass","Bronze Scales","SlaversCollar","Red Mask","Juzu Bracelet","Gremlin Horn","Astrolabe","StoneCalendar","Potion Belt","Mummified Hand"],"potions_floor_usage":[21,25,31,44,45,47,50,51,51,55,55,56,56,56,56,56,56,56,56,56],"damage_taken":[{"damage":6.0,"enemies":"Cultist","floor":1.0,"turns":5.0},{"damage":14.0,"enemies":"Jaw Worm","floor":3.0,"turns":8.0},{"damage":0.0,"enemies":"2 Louse","floor":8.0,"turns":3.0},{"damage":1.0,"enemies":"Looter","floor":10.0,"turns":4.0},{"damage":2.0,"enemies":"Blue Slaver","floor":12.0,"turns":4.0},{"damage":3.0,"enemies":"Large Slime","floor":14.0,"turns":5.0},{"damage":1.0,"enemies":"Hexaghost","floor":16.0,"turns":8.0},{"damage":25.0,"enemies":"Chosen","floor":18.0,"turns":6.0},{"damage":4,"enemies":"Masked Bandits","floor":21,"turns":4},{"damage":1,"enemies":"Spheric Guardian","floor":25,"turns":6},{"damage":0,"enemies":"3 Cultists","floor":27,"turns":3},{"damage":17,"enemies":"Shelled Parasite and Fungi","floor":29,"turns":5},{"damage":0,"enemies":"Centurion and Healer","floor":31,"turns":6},{"damage":13,"enemies":"Collector","floor":33,"turns":8},{"damage":9,"enemies":"3 Darklings","floor":35,"turns":3},{"damage":0,"enemies":"3 Shapes","floor":36,"turns":2},{"damage":12,"enemies":"2 Orb Walkers","floor":42,"turns":4},{"damage":0,"enemies":"Maw","floor":44,"turns":4},{"damage":0,"enemies":"Mind Bloom Boss Battle","floor":45,"turns":3},{"damage":0,"enemies":"Reptomancer","floor":47,"turns":2},{"damage":0,"enemies":"3 Darklings","floor":48,"turns":2},{"damage":4,"enemies":"Donu and Deca","floor":50,"turns":3},{"damage":24,"enemies":"Time Eater","floor":51,"turns":12},{"damage":0,"enemies":"Shield and Spear","floor":55,"turns":2},{"damage":40,"enemies":"The Heart","floor":56,"turns":6}],"seed_played":"588383988618907468","potions_obtained":[{"floor":1.0,"key":"SpeedPotion"},{"floor":10.0,"key":"DuplicationPotion"},{"floor":18.0,"key":"Dexterity Potion"},{"floor":25,"key":"GhostInAJar"},{"floor":47,"key":"SkillPotion"},{"floor":55,"key":"SteroidPotion"}],"is_trial":false,"path_per_floor":["M","?","M","?","?","R","$","M","T","M","T","M","R","M","R","B",null,"M","$","?","?","$","R","T","M","T","M","R","M","?","M","R","B",null,"M","M","?","?","?","R","$","?","T","M","?","?","E","M","R","B","B",null,"R","$","E","B",null],"character_chosen":"THE_SILENT","items_purchased":["Acrobatics","Endless Agony","GhostInAJar"],"campfire_rested":1,"item_purchase_floors":[7,19,54],"current_hp_per_floor":[53,48,34,27,27,27,27,27,27,26,26,24,24,21,21,20,50,25,25,25,21,21,21,21,20,20,20,20,3,3,8,26,18,50,46,51,51,51,51,51,51,44,44,49,54,54,57,57,57,53,29,50,50,50,55,15],"gold":75,"neow_bonus":"BOSS_RELIC","is_prod":false,"is_daily":false,"chose_seed":false,"campfire_upgraded":7,"win_rate":0,"timestamp":1568985152,"path_taken":["M","?","M","?","?","R","$","M","T","M","?","M","R","?","R","BOSS","M","$","?","?","?","R","?","M","T","M","R","M","?","M","R","BOSS","M","M","?","?","?","R","$","?","T","M","?","?","E","M","R","BOSS","BOSS","R","$","E","BOSS"],"build_version":"2019-09-19","purchased_purges":4,"victory":true,"max_hp_per_floor":[66,66,66,66,60,60,60,60,60,60,60,60,60,60,60,60,60,60,60,60,60,60,60,60,60,60,60,60,60,60,60,60,60,60,60,60,60,57,57,57,57,57,57,57,57,57,57,57,57,57,57,57,57,57,57,57],"card_choices":[{"not_picked":["Riddle With Holes","Quick Slash","Flying Knee"],"picked":"SKIP","floor":1.0},{"not_picked":["Dash","Bane"],"picked":"Noxious Fumes","floor":3.0},{"not_picked":["Quick Slash","Bane"],"picked":"Footwork","floor":8.0},{"not_picked":["Riddle With Holes","Bouncing Flask"],"picked":"Finisher","floor":10.0},{"not_picked":["Flying Knee","Dagger Throw","Riddle With Holes"],"picked":"SKIP","floor":12.0},{"not_picked":["Sucker Punch","Outmaneuver","Masterful Stab"],"picked":"SKIP","floor":14.0},{"not_picked":["Phantasmal Killer","Glass Knife"],"picked":"Corpse Explosion","floor":16.0},{"not_picked":["Finisher+1","Dagger Throw"],"picked":"PiercingWail+1","floor":18.0},{"not_picked":["Poisoned Stab","Underhanded Strike"],"picked":"Backflip","floor":21},{"not_picked":["Slice","Dagger Throw"],"picked":"Escape Plan","floor":25},{"not_picked":["PiercingWail","Underhanded Strike"],"picked":"Outmaneuver+1","floor":27},{"not_picked":["Deadly Poison","Backflip"],"picked":"Acrobatics","floor":29},{"not_picked":["Bouncing Flask","Dodge and Roll","Bullet Time"],"picked":"SKIP","floor":31},{"not_picked":["Unload","Bullet Time"],"picked":"Adrenaline","floor":33},{"not_picked":["Blade Dance","Poisoned Stab","Deflect"],"picked":"SKIP","floor":35},{"not_picked":["Calculated Gamble","Outmaneuver"],"picked":"Tactician+1","floor":36},{"not_picked":["Leg Sweep","Backflip"],"picked":"Well Laid Plans","floor":42},{"not_picked":["Underhanded Strike","Dagger Throw","Reflex"],"picked":"SKIP","floor":44},{"not_picked":["Well Laid Plans","Backflip","Acrobatics"],"picked":"SKIP","floor":47},{"not_picked":["Deadly Poison","Unload","Dodge and Roll"],"picked":"SKIP","floor":48},{"not_picked":["Tactician","Underhanded Strike","Dodge and Roll"],"picked":"SKIP","floor":55}],"player_experience":892287,"relics_obtained":[{"floor":9.0,"key":"Mercury Hourglass"},{"floor":11.0,"key":"Bronze Scales"},{"floor":21,"key":"Red Mask"},{"floor":24,"key":"Juzu Bracelet"},{"floor":26,"key":"Gremlin Horn"},{"floor":45,"key":"StoneCalendar"},{"floor":47,"key":"Potion Belt"},{"floor":55,"key":"Mummified Hand"}],"event_choices":[{"damage_healed":0.0,"max_hp_gain":0.0,"max_hp_loss":0.0,"gold_gain":0.0,"event_name":"Scrap Ooze","player_choice":"Success","floor":2.0,"gold_loss":0.0,"damage_taken":5.0,"relics_obtained":["Bag of Preparation"]},{"cards_removed":["Strike_G"],"damage_healed":0.0,"max_hp_gain":0.0,"max_hp_loss":0.0,"gold_gain":0.0,"event_name":"Golden Wing","player_choice":"Card Removal","floor":4.0,"gold_loss":0.0,"damage_taken":7.0},{"damage_healed":0.0,"max_hp_gain":0.0,"max_hp_loss":6.0,"gold_gain":0.0,"event_name":"Golden Idol","player_choice":"Lose Max HP","floor":5.0,"gold_loss":0.0,"damage_taken":0.0,"relics_obtained":["Golden Idol"]},{"damage_healed":0,"gold_gain":0,"cards_transformed":["Corpse Explosion","Strike_G"],"player_choice":"Became Test Subject","damage_taken":0,"max_hp_gain":0,"max_hp_loss":0,"event_name":"Drug Dealer","floor":20,"gold_loss":0,"cards_obtained":["A Thousand Cuts","Predator"]},{"damage_healed":0,"gold_gain":0,"player_choice":"Fought Bandits","damage_taken":0,"max_hp_gain":0,"max_hp_loss":0,"event_name":"Masked Bandits","floor":21,"gold_loss":0},{"damage_healed":0,"gold_gain":0,"player_choice":"Gave Idol","damage_taken":0,"relics_obtained":["Bloody Idol"],"max_hp_gain":0,"max_hp_loss":0,"event_name":"Forgotten Altar","floor":30,"relics_lost":["Golden Idol"],"gold_loss":0},{"cards_removed":["Defend_G"],"damage_healed":0,"gold_gain":0,"player_choice":"Offered Basic","damage_taken":0,"max_hp_gain":0,"max_hp_loss":0,"event_name":"Bonfire Elementals","floor":37,"gold_loss":0},{"damage_healed":0,"gold_gain":0,"player_choice":"Max HP","damage_taken":0,"max_hp_gain":0,"max_hp_loss":3,"event_name":"Winding Halls","floor":38,"gold_loss":0},{"damage_healed":0,"gold_gain":0,"player_choice":"Copied","damage_taken":0,"max_hp_gain":0,"max_hp_loss":0,"event_name":"Duplicator","floor":39,"gold_loss":0,"cards_obtained":["Adrenaline"]},{"damage_healed":0,"gold_gain":0,"player_choice":"Fight","damage_taken":0,"max_hp_gain":0,"max_hp_loss":0,"event_name":"Mysterious Sphere","floor":42,"gold_loss":0},{"damage_healed":0,"gold_gain":0,"player_choice":"Fight","damage_taken":0,"max_hp_gain":0,"max_hp_loss":0,"event_name":"MindBloom","floor":45,"gold_loss":0},{"cards_removed":["Survivor"],"damage_healed":0,"gold_gain":0,"player_choice":"Removed Skill","damage_taken":0,"max_hp_gain":0,"max_hp_loss":0,"event_name":"Falling","floor":46,"gold_loss":0}],"is_beta":true,"boss_relics":[{"not_picked":["Calling Bell","Fusion Hammer"],"picked":"SlaversCollar"},{"not_picked":["Runic Dome","Snecko Eye"],"picked":"Astrolabe"}],"items_purged_floors":[7,19,41,54],"is_endless":false,"potions_floor_spawned":[1,10,18,25,42,47,48,55],"ascension_level":20}