{"gold_per_floor":[113,126,126,51,10,39,39,64,64,75,75,0,0,32,32,108,108,125,138,154,154,154,154,186,86,86,104,123,123,140,157,157,229,229,245,345,361,361,236,261,276,291,291,291,317,317,317,367,367,367,367,367,367,20,55,55],"floor_reached":58,"playtime":2206,"items_purged":["Strike_G","Strike_G","Riddle With Holes+1","Strike_G+1"],"score":3431,"play_id":"353898b2-6d21-4285-af35-f2901ec6e7ce","local_time":"20190820123639","is_ascension_mode":true,"campfire_choices":[{"data":"Noxious Fumes","floor":7.0,"key":"SMITH"},{"data":"Well Laid Plans","floor":11.0,"key":"SMITH"},{"data":"Flechettes","floor":15.0,"key":"SMITH"},{"data":"Acrobatics","floor":23.0,"key":"SMITH"},{"data":"Calculated Gamble","floor":29.0,"key":"SMITH"},{"data":"Acrobatics","floor":32.0,"key":"SMITH"},{"floor":45.0,"key":"RECALL"},{"data":"Backflip","floor":48.0,"key":"SMITH"},{"data":"Survivor","floor":50.0,"key":"SMITH"},{"data":"Defend_G","floor":54.0,"key":"SMITH"}],"neow_cost":"NONE","seed_source_timestamp":462450489600406,"circlet_count":0,"master_deck":["AscendersBane","Defend_G","Defend_G","Defend_G","Defend_G+1","Defend_G","Survivor+1","Neutralize+1","Noxious Fumes+1","Well Laid Plans+1","Backflip+1","Acrobatics+1","Flechettes+1","Reflex+1","Tactician+1","Acrobatics+1","Terror+1","Calculated Gamble+1","Prepared+1","Footwork+1","Tactician+1","Prepared+1"],"special_seed":0,"relics":["Ring of the Snake","NeowsBlessing","Whetstone","PreservedInsect","Bronze Scales","Singing Bowl","Astrolabe","Art of War","Toxic Egg 2","Eternal Feather","Tingsha","Paper Crane","Sundial","Bag of Preparation","Thread and Needle","Happy Flower","Snake Skull"],"potions_floor_usage":[57,57],"damage_taken":[{"damage":0.0,"enemies":"Cultist","floor":1.0,"turns":1.0},{"damage":0.0,"enemies":"Jaw Worm","floor":2.0,"turns":1.0},{"damage":0.0,"enemies":"Lagavulin","floor":6.0,"turns":1.0},{"damage":29.0,"enemies":"Gremlin Nob","floor":8.0,"turns":4.0},{"damage":0.0,"enemies":"Small Slimes","floor":10.0,"turns":6.0},{"damage":0.0,"enemies":"Lagavulin","floor":14.0,"turns":7.0},{"damage":9.0,"enemies":"The Guardian","floor":16.0,"turns":10.0},{"damage":8.0,"enemies":"Chosen","floor":18.0,"turns":6.0},{"damage":2.0,"enemies":"3 Byrds","floor":19.0,"turns":4.0},{"damage":8.0,"enemies":"Cultist and Chosen","floor":20.0,"turns":8.0},{"damage":1.0,"enemies":"Book of Stabbing","floor":24.0,"turns":3.0},{"damage":1.0,"enemies":"Centurion and Healer","floor":27.0,"turns":4.0},{"damage":13.0,"enemies":"Shelled Parasite and Fungi","floor":28.0,"turns":4.0},{"damage":0.0,"enemies":"3 Cultists","floor":30.0,"turns":4.0},{"damage":0.0,"enemies":"Snake Plant","floor":31.0,"turns":2.0},{"damage":0.0,"enemies":"Automaton","floor":33.0,"turns":4.0},{"damage":0.0,"enemies":"3 Shapes","floor":36.0,"turns":2.0},{"damage":0.0,"enemies":"Mind Bloom Boss Battle","floor":37.0,"turns":2.0},{"damage":6.0,"enemies":"Orb Walker","floor":38.0,"turns":2.0},{"damage":0.0,"enemies":"Giant Head","floor":41.0,"turns":2.0},{"damage":2.0,"enemies":"4 Shapes","floor":42.0,"turns":3.0},{"damage":0.0,"enemies":"3 Darklings","floor":43.0,"turns":2.0},{"damage":0.0,"enemies":"Nemesis","floor":46.0,"turns":1.0},{"damage":0.0,"enemies":"2 Orb Walkers","floor":49.0,"turns":1.0},{"damage":0.0,"enemies":"Time Eater","floor":51.0,"turns":6.0},{"damage":0.0,"enemies":"Awakened One","floor":52.0,"turns":3.0},{"damage":0,"enemies":"Shield and Spear","floor":56,"turns":2},{"damage":4,"enemies":"The Heart","floor":57,"turns":5}],"seed_played":"-1941172800852985274","potions_obtained":[{"floor":6.0,"key":"SteroidPotion"},{"floor":8.0,"key":"Energy Potion"},{"floor":20.0,"key":"Dexterity Potion"},{"floor":24.0,"key":"LiquidBronze"},{"floor":28.0,"key":"Energy Potion"},{"floor":42.0,"key":"Fruit Juice"},{"floor":43.0,"key":"Dexterity Potion"},{"floor":46.0,"key":"GhostInAJar"}],"is_trial":false,"path_per_floor":["M","M","T","$","$","E","R","E","T","M","R","$","?","E","R","B",null,"M","M","M","?","?","R","E","$","T","M","M","R","M","M","R","B",null,"M","?","M","?","$","E","M","M","T","R","E","?","R","?","R","B","B",null,"R","$","E","B",null],"character_chosen":"THE_SILENT","items_purchased":["Noxious Fumes","Well Laid Plans","Happy Flower","Prepared+1"],"campfire_rested":0,"item_purchase_floors":[4,5,55,55],"current_hp_per_floor":[59,59,59,59,59,59,59,30,30,30,30,30,30,30,30,23,57,51,49,41,41,41,41,40,40,40,41,30,30,32,34,34,36,77,77,79,73,73,73,73,78,80,80,91,93,88,88,90,90,90,90,90,90,90,92,88],"gold":55,"neow_bonus":"THREE_ENEMY_KILL","is_prod":false,"is_daily":false,"chose_seed":false,"campfire_upgraded":9,"win_rate":0,"timestamp":1566272199,"path_taken":["M","M","?","?","$","E","R","E","T","M","R","?","?","E","R","BOSS","M","?","M","?","?","R","E","$","T","M","M","R","M","M","R","BOSS","M","?","M","?","$","E","M","M","T","R","E","?","R","?","R","BOSS","BOSS","R","$","E","BOSS"],"build_version":"2019-07-17","purchased_purges":4,"victory":true,"max_hp_per_floor":[66,66,66,66,66,66,66,66,66,66,66,66,66,66,66,68,68,70,70,70,70,70,70,70,70,70,72,74,74,76,78,78,80,80,80,82,82,82,82,82,89,91,91,91,93,88,88,90,90,90,90,90,90,90,92,92],"card_choices":[{"not_picked":["Dagger Spray","Deflect","Prepared"],"picked":"SKIP","floor":1.0},{"not_picked":["Prepared","Accuracy"],"picked":"Well Laid Plans","floor":2.0},{"not_picked":["Dagger Spray","All Out Attack"],"picked":"Backflip","floor":6.0},{"not_picked":["Prepared","Cloak And Dagger"],"picked":"Venomology","floor":8.0},{"not_picked":["All Out Attack","Cloak And Dagger","PiercingWail"],"picked":"SKIP","floor":10.0},{"not_picked":["Dash","Prepared"],"picked":"Flechettes","floor":14.0},{"not_picked":["Unload","Envenom","A Thousand Cuts"],"picked":"Singing Bowl","floor":16.0},{"not_picked":["Sucker Punch","Deadly Poison","Bane"],"picked":"Singing Bowl","floor":18.0},{"not_picked":["Heel Hook","Prepared"],"picked":"Acrobatics","floor":19.0},{"not_picked":["Cloak And Dagger","Quick Slash+1"],"picked":"Terror+1","floor":20.0},{"not_picked":["Accuracy","Backflip"],"picked":"Calculated Gamble","floor":24.0},{"not_picked":["Sucker Punch","Noxious Fumes","Catalyst+1"],"picked":"Singing Bowl","floor":27.0},{"not_picked":["Poisoned Stab","Sucker Punch","Riddle With Holes"],"picked":"Singing Bowl","floor":28.0},{"not_picked":["Acrobatics+1","Finisher","Heel Hook"],"picked":"Singing Bowl","floor":30.0},{"not_picked":["Flying Knee","Night Terror+1","Reflex+1"],"picked":"Singing Bowl","floor":31.0},{"not_picked":["Tools of the Trade","Die Die Die","Wraith Form v2"],"picked":"Singing Bowl","floor":33.0},{"not_picked":["Bane","Underhanded Strike"],"picked":"Prepared+1","floor":36.0},{"not_picked":["Acrobatics+1","Bane","Backflip+1"],"picked":"Singing Bowl","floor":37.0},{"not_picked":["Finisher+1","Outmaneuver+1"],"picked":"Footwork+1","floor":38.0},{"not_picked":["Blur+1","Envenom"],"picked":"Tactician+1","floor":41.0},{"not_picked":["Blade Dance+1","Dagger Spray","Flying Knee"],"picked":"Singing Bowl","floor":42.0},{"not_picked":["Heel Hook+1","Blur+1","Footwork"],"picked":"Singing Bowl","floor":43.0},{"not_picked":["Blade Dance+1","Predator","Underhanded Strike"],"picked":"Singing Bowl","floor":46.0},{"not_picked":["Endless Agony","Backflip+1","A Thousand Cuts"],"picked":"Singing Bowl","floor":49.0},{"not_picked":["Predator","Heel Hook","Noxious Fumes"],"picked":"Singing Bowl","floor":56}],"player_experience":952600,"relics_obtained":[{"floor":6.0,"key":"Whetstone"},{"floor":8.0,"key":"PreservedInsect"},{"floor":9.0,"key":"Bronze Scales"},{"floor":14.0,"key":"Singing Bowl"},{"floor":24.0,"key":"Art of War"},{"floor":26.0,"key":"Toxic Egg 2"},{"floor":37.0,"key":"Tingsha"},{"floor":41.0,"key":"Paper Crane"},{"floor":44.0,"key":"Sundial"},{"floor":46.0,"key":"Bag of Preparation"},{"floor":49.0,"key":"Thread and Needle"},{"floor":56,"key":"Snake Skull"}],"event_choices":[{"damage_healed":0.0,"max_hp_gain":0.0,"max_hp_loss":0.0,"gold_gain":0.0,"event_name":"Match and Keep!","player_choice":"1 cards matched","floor":13.0,"gold_loss":0.0,"damage_taken":0.0,"cards_obtained":["Acrobatics"]},{"damage_healed":0.0,"max_hp_gain":0.0,"max_hp_loss":0.0,"gold_gain":0.0,"event_name":"The Mausoleum","player_choice":"Ignored","floor":21.0,"gold_loss":0.0,"damage_taken":0.0},{"cards_removed":["Strike_G"],"damage_healed":0.0,"max_hp_gain":0.0,"max_hp_loss":0.0,"gold_gain":0.0,"event_name":"Back to Basics","player_choice":"Elegance","floor":22.0,"gold_loss":0.0,"damage_taken":0.0},{"damage_healed":0.0,"max_hp_gain":0.0,"max_hp_loss":0.0,"gold_gain":0.0,"event_name":"MindBloom","player_choice":"Fight","floor":37.0,"gold_loss":0.0,"damage_taken":0.0},{"damage_healed":0.0,"max_hp_gain":0.0,"max_hp_loss":0.0,"gold_gain":0.0,"event_name":"Tomb of Lord Red Mask","player_choice":"Ignored","floor":39.0,"gold_loss":0.0,"damage_taken":0.0},{"damage_healed":0.0,"max_hp_gain":0.0,"max_hp_loss":5.0,"gold_gain":0.0,"event_name":"Winding Halls","player_choice":"Max HP","floor":47.0,"gold_loss":0.0,"damage_taken":0.0},{"damage_healed":0.0,"max_hp_gain":0.0,"max_hp_loss":0.0,"gold_gain":0.0,"event_name":"Mysterious Sphere","player_choice":"Fight","floor":49.0,"gold_loss":0.0,"damage_taken":0.0}],"is_beta":false,"boss_relics":[{"not_picked":["Empty Cage","Ectoplasm"],"picked":"Astrolabe"},{"not_picked":["Ring of the Serpent","Calling Bell"],"picked":"Eternal Feather"}],"items_purged_floors":[12,25,40,55],"is_endless":false,"potions_floor_spawned":[6,8,14,20,24,28,31,33,42,43,46,49],"ascension_level":20}