{"gold_per_floor":[114,15,15,40,40,40,64,64,64,83,134,204,216,195,207,339,351,385,420,447,80,0,0,7,41,90,0,44,58,58,72,72,202,202,225,125,125,125,0,0,333,333,359,371,378,378,22,47,47,47],"floor_reached":51,"playtime":2587,"items_purged":["Strike_P","Eruption","Clarity","Defend_P"],"score":1440,"play_id":"6603730c-7017-4999-9acf-7dc9125d01c5","local_time":"20190911095611","is_ascension_mode":true,"campfire_choices":[{"data":"EmptyMind","floor":6.0,"key":"SMITH"},{"data":"SandsOfTime","floor":8.0,"key":"SMITH"},{"data":"PathToVictory","floor":15.0,"key":"SMITH"},{"data":"Protect","floor":23.0,"key":"SMITH"},{"data":"Meditate","floor":32.0,"key":"SMITH"},{"data":"Impatience","floor":40.0,"key":"SMITH"},{"data":"Vigilance","floor":42.0,"key":"SMITH"},{"data":"Finesse","floor":46,"key":"SMITH"},{"data":"EmptyBody","floor":49,"key":"SMITH"}],"neow_cost":"NONE","seed_source_timestamp":2320602797187600,"circlet_count":0,"master_deck":["Defend_P","Vigilance+1","SandsOfTime+1","Adaptation","EmptyBody+1","EmptyMind+1","BattleHymn+1","PathToVictory+1","Protect+1","Establishment","Impatience+1","Meditate+1","DeusExMachina","Finesse+1"],"special_seed":0,"relics":["HolyWater","NeowsBlessing","CeramicFish","TeardropLocket","MawBank","Melange","Juzu Bracelet","Strawberry","Vajra","VioletLotus","Bottled Tornado","Dream Catcher","Oddly Smooth Stone","Mercury Hourglass"],"potions_floor_usage":[50,50,50],"damage_taken":[{"damage":0.0,"enemies":"Jaw Worm","floor":1.0,"turns":1.0},{"damage":0.0,"enemies":"2 Louse","floor":4.0,"turns":1.0},{"damage":0.0,"enemies":"Cultist","floor":7.0,"turns":1.0},{"damage":9.0,"enemies":"Blue Slaver","floor":10.0,"turns":4.0},{"damage":26.0,"enemies":"Gremlin Nob","floor":11.0,"turns":4.0},{"damage":21.0,"enemies":"3 Sentries","floor":12.0,"turns":7.0},{"damage":9.0,"enemies":"Hexaghost","floor":16.0,"turns":9.0},{"damage":0.0,"enemies":"Spheric Guardian","floor":18.0,"turns":3.0},{"damage":9.0,"enemies":"Shell Parasite","floor":19.0,"turns":3.0},{"damage":6.0,"enemies":"Chosen and Byrds","floor":20.0,"turns":6.0},{"damage":23.0,"enemies":"Gremlin Leader","floor":25.0,"turns":4.0},{"damage":0.0,"enemies":"Book of Stabbing","floor":28.0,"turns":4.0},{"damage":0.0,"enemies":"Snake Plant","floor":31.0,"turns":3.0},{"damage":0.0,"enemies":"Automaton","floor":33.0,"turns":3.0},{"damage":0.0,"enemies":"3 Shapes","floor":35.0,"turns":2.0},{"damage":0.0,"enemies":"Orb Walker","floor":44.0,"turns":2.0},{"damage":0,"enemies":"Giant Head","floor":48,"turns":3},{"damage":0,"enemies":"Awakened One","floor":50,"turns":4}],"seed_played":"-8671516805530601135","potions_obtained":[{"floor":1.0,"key":"Explosive Potion"},{"floor":4.0,"key":"SpeedPotion"},{"floor":10.0,"key":"Regen Potion"},{"floor":18.0,"key":"Swift Potion"},{"floor":28.0,"key":"Weak Potion"},{"floor":31.0,"key":"SpeedPotion"},{"floor":35.0,"key":"PowerPotion"},{"floor":44.0,"key":"Dexterity Potion"}],"is_trial":false,"path_per_floor":["M","$","?","M","?","R","M","R","T","M","E","?","?","?","R","B",null,"M","M","M","$","?","R","?","E","T","?","E","?","?","M","R","B",null,"M","$","?","T","$","R","?","R","T","M","?","R","$","E","R","B",null],"character_chosen":"WATCHER","items_purchased":["Adaptation","EmptyBody","Melange","Establishment","Impatience","Oddly Smooth Stone","PowerPotion"],"campfire_rested":0,"item_purchase_floors":[2,2,21,21,21,47,47],"current_hp_per_floor":[59,59,59,59,59,59,59,59,59,50,24,18,11,11,11,2,46,46,37,31,31,31,31,31,8,15,15,15,15,15,15,15,15,54,54,54,54,54,54,54,54,54,54,54,54,54,54,54,54,54],"gold":47,"neow_bonus":"THREE_ENEMY_KILL","is_prod":false,"is_daily":false,"chose_seed":false,"campfire_upgraded":9,"win_rate":1,"timestamp":1568166971,"path_taken":["M","$","?","M","?","R","?","R","T","M","E","?","?","?","R","BOSS","M","M","M","$","?","R","?","E","T","?","E","?","?","M","R","BOSS","M","$","?","?","?","R","?","R","T","M","?","R","$","E","R","BOSS"],"build_version":"2019-09-10","purchased_purges":4,"victory":true,"max_hp_per_floor":[65,65,60,60,60,60,60,60,60,60,60,60,60,60,60,60,60,60,60,60,60,60,60,60,60,67,67,67,67,67,67,67,67,67,67,67,67,67,67,67,67,67,67,67,67,67,67,67,67,67],"card_choices":[{"not_picked":["Collect","Weave"],"picked":"SandsOfTime","floor":1.0},{"not_picked":["EmptyBody","Prostrate"],"picked":"EmptyMind","floor":4.0},{"not_picked":["FlyingSleeves","CrushJoints","BowlingBash"],"picked":"SKIP","floor":7.0},{"not_picked":["FlyingSleeves","BowlingBash","CleanseEvil"],"picked":"SKIP","floor":10.0},{"not_picked":["Collect","ClearTheMind"],"picked":"BattleHymn","floor":11.0},{"not_picked":["WindmillStrike","EmptyBody"],"picked":"PathToVictory","floor":12.0},{"not_picked":["Weave","EmptyBody"],"picked":"Protect","floor":18.0},{"not_picked":["Consecrate","CutThroughFate","CrushJoints"],"picked":"SKIP","floor":19.0},{"not_picked":["Clarity","Unraveling","CutThroughFate"],"picked":"SKIP","floor":20.0},{"not_picked":["Swivel","Consecrate","Crescendo+1"],"picked":"SKIP","floor":25.0},{"not_picked":["Clarity","Sanctity","CutThroughFate"],"picked":"SKIP","floor":28.0},{"not_picked":["Clarity","Sanctity","CutThroughFate"],"picked":"SKIP","floor":28.0},{"not_picked":["Perseverance+1","Crescendo+1","Protect+1"],"picked":"SKIP","floor":31.0},{"not_picked":["EmptyBody","Consecrate+1","Crescendo+1"],"picked":"SKIP","floor":35.0},{"not_picked":["FlyingSleeves+1","Wallop","ThirdEye"],"picked":"SKIP","floor":44.0},{"not_picked":["Flash of Steel","Madness"],"picked":"Finesse","floor":45},{"not_picked":["FlurryOfBlows","EmptyBody","CutThroughFate"],"picked":"SKIP","floor":48}],"player_experience":3259857,"relics_obtained":[{"floor":9.0,"key":"CeramicFish"},{"floor":11.0,"key":"TeardropLocket"},{"floor":12.0,"key":"MawBank"},{"floor":25.0,"key":"Juzu Bracelet"},{"floor":26.0,"key":"Strawberry"},{"floor":28.0,"key":"Vajra"},{"floor":38.0,"key":"Bottled Tornado"},{"floor":43.0,"key":"Dream Catcher"},{"floor":48,"key":"Mercury Hourglass"}],"event_choices":[{"damage_healed":0.0,"max_hp_gain":0.0,"max_hp_loss":5.0,"gold_gain":0.0,"event_name":"Golden Idol","player_choice":"Lose Max HP","floor":3.0,"gold_loss":0.0,"damage_taken":0.0,"relics_obtained":["Golden Idol"]},{"cards_removed":["Defend_P"],"damage_healed":0.0,"max_hp_gain":0.0,"max_hp_loss":0.0,"gold_gain":0.0,"event_name":"Bonfire Elementals","player_choice":"Offered Basic","floor":5.0,"gold_loss":0.0,"damage_taken":0.0},{"damage_healed":0.0,"max_hp_gain":0.0,"max_hp_loss":0.0,"gold_gain":30.0,"event_name":"Dead Adventurer","player_choice":"Searched \u00273\u0027 times","floor":12.0,"gold_loss":0.0,"damage_taken":0.0},{"cards_removed":["Strike_P"],"damage_healed":0.0,"max_hp_gain":0.0,"max_hp_loss":0.0,"gold_gain":0.0,"event_name":"Golden Wing","player_choice":"Card Removal","floor":13.0,"gold_loss":0.0,"damage_taken":7.0},{"damage_healed":0.0,"max_hp_gain":0.0,"max_hp_loss":0.0,"gold_gain":0.0,"event_name":"World of Goop","player_choice":"Left Gold","floor":14.0,"gold_loss":33.0,"damage_taken":0.0},{"damage_healed":0.0,"max_hp_gain":0.0,"max_hp_loss":0.0,"gold_gain":0.0,"event_name":"Masked Bandits","player_choice":"Paid Fearfully","floor":22.0,"gold_loss":80.0,"damage_taken":0.0},{"damage_healed":0.0,"max_hp_gain":0.0,"max_hp_loss":0.0,"gold_gain":0.0,"event_name":"The Library","player_choice":"Read","floor":24.0,"gold_loss":0.0,"damage_taken":0.0,"cards_obtained":["Meditate"]},{"cards_removed":["Strike_P"],"damage_healed":0.0,"max_hp_gain":0.0,"max_hp_loss":0.0,"gold_gain":0.0,"event_name":"Designer","player_choice":"Upgrade and Remove","floor":27.0,"gold_loss":90.0,"damage_taken":0.0,"cards_upgraded":["BattleHymn"]},{"damage_healed":0.0,"max_hp_gain":0.0,"max_hp_loss":0.0,"gold_gain":0.0,"cards_transformed":["Strike_P","Defend_P"],"event_name":"Drug Dealer","player_choice":"Became Test Subject","floor":29.0,"gold_loss":0.0,"damage_taken":0.0,"cards_obtained":["Clarity","DeusExMachina"]},{"damage_healed":0.0,"max_hp_gain":0.0,"max_hp_loss":0.0,"gold_gain":0.0,"event_name":"Ghosts","player_choice":"Ignored","floor":30.0,"gold_loss":0.0,"damage_taken":0.0},{"damage_healed":0.0,"max_hp_gain":0.0,"max_hp_loss":0.0,"gold_gain":0.0,"event_name":"Tomb of Lord Red Mask","player_choice":"Ignored","floor":37.0,"gold_loss":0.0,"damage_taken":0.0},{"damage_healed":0.0,"max_hp_gain":0.0,"max_hp_loss":0.0,"gold_gain":333.0,"event_name":"The Moai Head","player_choice":"Gave Idol","floor":41.0,"relics_lost":["Golden Idol"],"gold_loss":0.0,"damage_taken":0.0},{"damage_healed":0,"gold_gain":0,"player_choice":"Memory 1","damage_taken":0,"max_hp_gain":0,"max_hp_loss":0,"event_name":"SensoryStone","floor":45,"gold_loss":0}],"is_beta":true,"boss_relics":[{"not_picked":["Astrolabe","Busted Crown"],"picked":"HolyWater"},{"not_picked":["Cursed Key","Fusion Hammer"],"picked":"VioletLotus"}],"items_purged_floors":[21,36,39,47],"is_endless":false,"potions_floor_spawned":[1,4,10,18,28,31,35,44],"ascension_level":9}