{"path_per_floor":["M","?","M","$","?","R","E","M","T","R","E","M","$","?","R","B",null,"M","$","M","M","M","R","E","M","T","M","$","?","T","M","R","B",null,"M","M","M","M","M","E","?","R","T","$","M","M","$","M","R"],"character_chosen":"DEFECT","items_purchased":["Self Repair","Hologram","EssenceOfSteel","Go for the Eyes","Thunder Strike","Secret Weapon"],"gold_per_floor":[111,111,124,56,56,56,88,108,108,108,133,148,25,25,25,129,129,140,89,102,113,124,124,151,169,169,186,28,128,128,140,140,236,236,256,273,289,301,320,346,346,346,346,296,308,326,82,100,100,100],"floor_reached":50,"campfire_rested":1,"playtime":2664,"item_purchase_floors":[],"current_hp_per_floor":[65,58,50,50,50,50,37,44,44,44,35,32,32,32,32,20,61,62,62,68,66,66,66,67,72,72,72,72,72,72,66,66,55,70,72,55,55,55,58,47,47,47,47,47,46,46,46,46,68,0],"items_purged":["Defend_B","Defend_B"],"gold":100,"score":693,"play_id":"213d578b-cabf-4721-93eb-4f4b4a9387e0","local_time":"20180607225130","is_prod":false,"is_daily":false,"chose_seed":false,"is_ascension_mode":true,"campfire_upgraded":6,"win_rate":0,"timestamp":1528404690,"campfire_choices":[{"data":"Dualcast","floor":6.0,"key":"SMITH"},{"data":"Ball Lightning","floor":10.0,"key":"SMITH"},{"data":"Hologram","floor":15.0,"key":"SMITH"},{"data":"Go for the Eyes","floor":23,"key":"SMITH"},{"data":"Thunder Strike","floor":32,"key":"SMITH"},{"data":"Steam","floor":42,"key":"SMITH"},{"floor":49,"key":"REST"}],"path_taken":["M","?","?","?","?","R","E","M","T","R","E","?","?","?","R","BOSS","M","$","M","M","M","R","E","M","T","M","$","?","?","?","R","BOSS","M","M","M","?","M","E","?","R","T","?","?","M","$","M","R","BOSS"],"build_version":"2018-05-31","seed_source_timestamp":4376482753530,"purchased_purges":2,"victory":false,"master_deck":["Defend_B","Defend_B","Zap+1","Dualcast+1","Ball Lightning+1","Self Repair","Biased Cognition+1","Hologram+1","Electrodynamics","Seek+1","Core Surge+1","Loop+1","Go for the Eyes+1","Hologram","Auto Shields","Thunder Strike+1","All For One","Skim+1","Turbo+1","Steam+1","Decay","Amplify","Secret Weapon","Steam+1"],"max_hp_per_floor":[75,75,75,75,75,75,75,75,75,75,75,75,75,75,75,75,75,75,75,75,75,75,75,75,75,75,75,75,75,75,75,75,75,75,75,75,75,75,75,75,75,75,75,75,75,75,75,75,75,75],"relics":["Cracked Core","Dodecahedron","Blue Candle","Symbiotic Virus","Astrolabe","Centennial Puzzle","Smiling Mask","Meat on the Bone","Cursed Key","Matryoshka","Bronze Scales","Bottled Lightning"],"card_choices":[{"not_picked":["Turbo","Conserve Battery"],"picked":"Ball Lightning","floor":1.0},{"not_picked":["Heatsinks","Coolheaded"],"picked":"Streamline","floor":3.0},{"not_picked":["Beam Cell","Chill","Rebound"],"picked":"SKIP","floor":7.0},{"not_picked":["Hello World","Stack","Barrage"],"picked":"SKIP","floor":8.0},{"not_picked":["Go for the Eyes","Compile Driver"],"picked":"Biased Cognition","floor":11.0},{"not_picked":["Self Repair","Chill","Compile Driver"],"picked":"SKIP","floor":12.0},{"not_picked":["All For One","Creative AI"],"picked":"Electrodynamics","floor":16.0},{"not_picked":["Compile Driver","Stack","Beam Cell"],"picked":"SKIP","floor":18},{"not_picked":["Stack","Rebound"],"picked":"Hologram","floor":20},{"not_picked":["Steam Power+1","Beam Cell","Coolheaded"],"picked":"SKIP","floor":21},{"not_picked":["Conserve Battery","Redo","Stack"],"picked":"SKIP","floor":22},{"not_picked":["Gash","Rebound","Self Repair"],"picked":"SKIP","floor":24},{"not_picked":["Conserve Battery+1","Reinforced Body","Ball Lightning"],"picked":"SKIP","floor":25},{"not_picked":["Sweeping Beam","Conserve Battery"],"picked":"Auto Shields","floor":27},{"not_picked":["Streamline","Recycle","Barrage"],"picked":"SKIP","floor":31},{"not_picked":["Echo Form","Hyperbeam"],"picked":"All For One","floor":33},{"not_picked":["Lockon+1","FTL"],"picked":"Skim+1","floor":35},{"not_picked":["Doom and Gloom","Cold Snap","Rebound"],"picked":"SKIP","floor":36},{"not_picked":["Storm+1","Cold Snap","Beam Cell"],"picked":"SKIP","floor":37},{"not_picked":["Undo+1","Compile Driver+1","Capacitor"],"picked":"SKIP","floor":38},{"not_picked":["Compile Driver","Stack"],"picked":"Turbo+1","floor":39},{"not_picked":["Streamline","Genetic Algorithm+1"],"picked":"Steam","floor":40},{"not_picked":["Chill","Sweeping Beam"],"picked":"Amplify","floor":45},{"not_picked":["Genetic Algorithm+1","Recycle+1","Hologram+1"],"picked":"SKIP","floor":46},{"not_picked":["Stack","Aggregate+1"],"picked":"Steam+1","floor":48}],"player_experience":799141,"potions_floor_usage":[18,24,24,33,50,50],"damage_taken":[{"damage":3.0,"enemies":"Jaw Worm","floor":1.0,"turns":4.0},{"damage":8.0,"enemies":"2 Louse","floor":3.0,"turns":2.0},{"damage":20.0,"enemies":"Gremlin Nob","floor":7.0,"turns":3.0},{"damage":0.0,"enemies":"Small Slimes","floor":8.0,"turns":2.0},{"damage":16.0,"enemies":"3 Sentries","floor":11.0,"turns":6.0},{"damage":10.0,"enemies":"Exordium Wildlife","floor":12.0,"turns":4.0},{"damage":19.0,"enemies":"The Guardian","floor":16.0,"turns":8.0},{"damage":6,"enemies":"Shell Parasite","floor":18,"turns":4},{"damage":1,"enemies":"Spheric Guardian","floor":20,"turns":3},{"damage":9,"enemies":"Centurion and Healer","floor":21,"turns":4},{"damage":0,"enemies":"3 Cultists","floor":22,"turns":2},{"damage":18,"enemies":"Gremlin Leader","floor":24,"turns":4},{"damage":2,"enemies":"Cultist and Chosen","floor":25,"turns":4},{"damage":0,"enemies":"Snake Plant","floor":27,"turns":2},{"damage":13,"enemies":"Snecko","floor":31,"turns":3},{"damage":30,"enemies":"Champ","floor":33,"turns":8},{"damage":5,"enemies":"Orb Walker","floor":35,"turns":3},{"damage":24,"enemies":"3 Shapes","floor":36,"turns":2},{"damage":7,"enemies":"Maw","floor":37,"turns":5},{"damage":0,"enemies":"Sphere and 2 Shapes","floor":38,"turns":3},{"damage":4,"enemies":"4 Shapes","floor":39,"turns":3},{"damage":18,"enemies":"2 Orb Walkers","floor":40,"turns":3},{"damage":8,"enemies":"Maw","floor":45,"turns":5},{"damage":0,"enemies":"3 Darklings","floor":46,"turns":1},{"damage":0,"enemies":"4 Shapes","floor":48,"turns":1},{"damage":69,"enemies":"Time Eater","floor":50,"turns":7}],"relics_obtained":[{"floor":7.0,"key":"Dodecahedron"},{"floor":9.0,"key":"Blue Candle"},{"floor":11.0,"key":"Symbiotic Virus"},{"floor":24,"key":"Centennial Puzzle"},{"floor":26,"key":"Smiling Mask"},{"floor":30,"key":"Meat on the Bone"},{"floor":40,"key":"Matryoshka"},{"floor":43,"key":"Bronze Scales"},{"floor":43,"key":"Bottled Lightning"}],"event_choices":[{"event_name":"Golden Wing","player_choice":"Card Removal","floor":2.0,"damage_taken":0.0},{"event_name":"Living Wall","player_choice":"Grow","floor":5.0,"damage_taken":0.0},{"event_name":"Dead Adventurer","player_choice":"Searched \u00271\u0027 times","floor":14.0,"damage_taken":0.0},{"event_name":"Golden Shrine","player_choice":"Pray","floor":29,"damage_taken":0},{"event_name":"Accursed Blacksmith","player_choice":"Forge","floor":41,"damage_taken":0}],"boss_relics":[{"not_picked":["Sozu","Orrery"],"picked":"Astrolabe"},{"not_picked":["Inserter","Pandora\u0027s Box"],"picked":"Cursed Key"}],"items_purged_floors":[44,47],"potions_floor_spawned":[7,12,21,22,25,31,37,40,45,46],"seed_played":"-8152068707990011359","killed_by":"Time Eater","ascension_level":6,"potions_obtained":[{"floor":7.0,"key":"Fire Potion"},{"floor":12.0,"key":"SpeedPotion"},{"floor":21,"key":"Regen Potion"},{"floor":22,"key":"PowerPotion"},{"floor":25,"key":"Fire Potion"},{"floor":31,"key":"SteroidPotion"},{"floor":37,"key":"Strength Potion"},{"floor":40,"key":"GamblersBrew"},{"floor":45,"key":"Block Potion"}],"is_trial":false}