{"gold_per_floor":[109,109,125,145,145,145,200,200,200,217,233,30,57,68,68,164,164,179,179,204,214,32,32,47,47,47,47,62,81,81,109,109,204,204,217,217,0,10,10,10,10],"floor_reached":41,"playtime":4007,"items_purged":[],"score":411,"play_id":"9b3a98a2-2a5a-4eab-ad2b-b17264668ea4","local_time":"20190828222700","is_ascension_mode":false,"campfire_choices":[{"data":"Leap","floor":6,"key":"SMITH"},{"data":"Zap","floor":8,"key":"SMITH"},{"data":"All For One","floor":15,"key":"SMITH"},{"floor":23,"key":"REST"},{"data":"Self Repair","floor":25,"key":"SMITH"},{"data":"Buffer","floor":32,"key":"SMITH"},{"data":"Streamline","floor":40,"key":"SMITH"}],"neow_cost":"NONE","seed_source_timestamp":364042847354243,"circlet_count":0,"master_deck":["Zap+1","Dualcast","Ball Lightning","BootSequence","Barrage","Leap+1","Self Repair","Barrage","Self Repair+1","Stack+1","All For One+1","Steam+1","Rip and Tear","Buffer+1","Amplify+1","Steam Power+1","Steam+1","Core Surge","Go for the Eyes","Chaos+1","Rainbow+1","Undo+1","Barrage","Static Discharge+1","Undo+1","Leap+1","Leap+1","Turbo+1","Conserve Battery+1","Capacitor","Rainbow+1","Cold Snap","Go for the Eyes","Streamline+1"],"relics":["Cracked Core","Smiling Mask","Toxic Egg 2","Potion Belt","Pandora\u0027s Box","Enchiridion","Red Mask","Darkstone Periapt","Pantograph","Snecko Eye","Strange Spoon"],"potions_floor_usage":[13,13,16,28,28,28,31,33],"damage_taken":[{"damage":0,"enemies":"Small Slimes","floor":1,"turns":3},{"damage":1,"enemies":"Jaw Worm","floor":3,"turns":2},{"damage":1,"enemies":"Cultist","floor":4,"turns":3},{"damage":0,"enemies":"Looter","floor":10,"turns":2},{"damage":1,"enemies":"2 Fungi Beasts","floor":11,"turns":3},{"damage":27,"enemies":"Lagavulin","floor":13,"turns":6},{"damage":0,"enemies":"Exordium Wildlife","floor":14,"turns":4},{"damage":45,"enemies":"The Guardian","floor":16,"turns":11},{"damage":0,"enemies":"Shell Parasite","floor":18,"turns":5},{"damage":40,"enemies":"Masked Bandits","floor":20,"turns":5},{"damage":0,"enemies":"Chosen","floor":21,"turns":7},{"damage":0,"enemies":"Centurion and Healer","floor":24,"turns":8},{"damage":0,"enemies":"Sentry and Sphere","floor":28,"turns":6},{"damage":0,"enemies":"Snake Plant","floor":29,"turns":5},{"damage":2,"enemies":"Book of Stabbing","floor":31,"turns":7},{"damage":39,"enemies":"Champ","floor":33,"turns":16},{"damage":0,"enemies":"Orb Walker","floor":35,"turns":3},{"damage":24,"enemies":"3 Darklings","floor":38,"turns":8},{"damage":100,"enemies":"Giant Head","floor":41,"turns":11}],"seed_played":"-3311629029796440807","potions_obtained":[{"floor":1,"key":"EssenceOfSteel"},{"floor":3,"key":"Fire Potion"},{"floor":10,"key":"Swift Potion"},{"floor":16,"key":"Poison Potion"},{"floor":20,"key":"FearPotion"},{"floor":21,"key":"SkillPotion"},{"floor":28,"key":"Dexterity Potion"}],"is_trial":false,"path_per_floor":["M","?","M","M","?","R","T","R","T","M","M","$","E","M","R","B",null,"M","?","?","M","$","R","M","R","T","?","M","M","?","E","R","B",null,"M","?","$","M","$","R","E"],"character_chosen":"DEFECT","items_purchased":["Self Repair","Stack+1","All For One","Undo+1","Leap+1","Block Potion","Strange Spoon","Go for the Eyes"],"campfire_rested":1,"item_purchase_floors":[12,12,12,22,22,22,37,37],"current_hp_per_floor":[75,75,74,73,73,73,73,73,73,73,75,75,62,75,75,30,75,75,59,33,47,47,69,75,75,75,75,75,75,75,75,75,43,75,75,85,85,78,78,78,0],"gold":10,"neow_bonus":"THREE_CARDS","is_prod":false,"is_daily":false,"chose_seed":false,"campfire_upgraded":6,"win_rate":0,"timestamp":1567056420,"path_taken":["M","?","M","M","?","R","?","R","T","M","M","$","E","M","R","BOSS","M","?","?","M","$","R","M","R","T","?","?","M","?","E","R","BOSS","M","?","$","?","$","R","E"],"build_version":"2019-07-17","purchased_purges":0,"victory":false,"max_hp_per_floor":[75,75,75,75,75,75,75,75,75,75,75,75,75,75,75,75,75,75,75,75,75,75,75,75,75,75,75,75,75,75,75,75,75,75,75,85,85,85,85,85,85],"card_choices":[{"not_picked":["Turbo","Darkness"],"picked":"Ball Lightning","floor":0},{"not_picked":["Chill","Rip and Tear"],"picked":"BootSequence","floor":1},{"not_picked":["Coolheaded","Hologram"],"picked":"Barrage","floor":3},{"not_picked":["Ball Lightning","Static Discharge"],"picked":"Leap","floor":4},{"not_picked":["Turbo+1","Hologram+1"],"picked":"Self Repair","floor":10},{"not_picked":["Heatsinks","Reprogram+1"],"picked":"Barrage","floor":11},{"not_picked":["Streamline","Rebound"],"picked":"Steam+1","floor":13},{"not_picked":["Ball Lightning","Coolheaded+1"],"picked":"Rip and Tear","floor":14},{"not_picked":["Machine Learning","Core Surge"],"picked":"Amplify+1","floor":16},{"not_picked":["Barrage","Turbo+1"],"picked":"Undo+1","floor":18},{"not_picked":["Recycle+1","Compile Driver"],"picked":"Barrage","floor":20},{"not_picked":["Stack+1","Meteor Strike"],"picked":"Static Discharge+1","floor":21},{"not_picked":["Hologram+1","Sweeping Beam"],"picked":"Leap+1","floor":24},{"not_picked":["Hologram+1","Skim+1"],"picked":"Turbo+1","floor":28},{"not_picked":["Steam+1","Stack+1"],"picked":"Conserve Battery+1","floor":29},{"not_picked":["Steam Power+1","Ball Lightning"],"picked":"Capacitor","floor":31},{"not_picked":["Thunder Strike","Amplify+1"],"picked":"Rainbow+1","floor":33},{"not_picked":["Hello World","Rip and Tear"],"picked":"Cold Snap","floor":35},{"not_picked":["Aggregate+1","Turbo+1"],"picked":"Streamline","floor":38}],"player_experience":461897,"relics_obtained":[{"floor":7,"key":"Smiling Mask"},{"floor":9,"key":"Toxic Egg 2"},{"floor":13,"key":"Potion Belt"},{"floor":19,"key":"Enchiridion"},{"floor":20,"key":"Red Mask"},{"floor":26,"key":"Darkstone Periapt"},{"floor":31,"key":"Pantograph"}],"event_choices":[{"damage_healed":0,"gold_gain":0,"player_choice":"Ignored","damage_taken":0,"max_hp_gain":0,"max_hp_loss":0,"event_name":"Shining Light","floor":2,"gold_loss":0},{"damage_healed":0,"gold_gain":0,"player_choice":"Ignored","damage_taken":0,"max_hp_gain":0,"max_hp_loss":0,"event_name":"Golden Idol","floor":5,"gold_loss":0},{"damage_healed":0,"gold_gain":0,"player_choice":"Obtained Book","damage_taken":16,"max_hp_gain":0,"max_hp_loss":0,"event_name":"Cursed Tome","floor":19,"gold_loss":0},{"damage_healed":0,"gold_gain":0,"player_choice":"Fought Bandits","damage_taken":0,"max_hp_gain":0,"max_hp_loss":0,"event_name":"Masked Bandits","floor":20,"gold_loss":0},{"damage_healed":0,"gold_gain":0,"player_choice":"Ignored","damage_taken":0,"max_hp_gain":0,"max_hp_loss":0,"event_name":"Ghosts","floor":30,"gold_loss":0},{"cards_removed":["Amplify"],"damage_healed":0,"gold_gain":0,"player_choice":"Offered Rare","damage_taken":0,"max_hp_gain":10,"max_hp_loss":0,"event_name":"Bonfire Elementals","floor":36,"gold_loss":0}],"is_beta":false,"boss_relics":[{"not_picked":["White Beast Statue","Calling Bell"],"picked":"Pandora\u0027s Box"},{"not_picked":["Busted Crown","Cursed Key"],"picked":"Snecko Eye"}],"items_purged_floors":[],"is_endless":false,"potions_floor_spawned":[1,3,10,16,20,21,28],"killed_by":"Giant Head","ascension_level":0}