{"gold_per_floor":[117,117,117,135,28,59,74,74,74,74,74,87,120,139,139,234,234,254,254,65,76,76,93,146,158,194,206,39,39,39,139,139,241,241,258,258,116,116,127,160,260,260,286,337,337,357,357,371,371,371],"floor_reached":51,"playtime":3376,"items_purged":["Strike_R"],"score":679,"play_id":"1fe6c0c5-c85a-44a2-b7a5-1be3469b01e2","local_time":"20190921134323","is_ascension_mode":false,"campfire_choices":[{"floor":11.0,"key":"REST"},{"data":"Body Slam","floor":15.0,"key":"SMITH"},{"data":"Shockwave","floor":25.0,"key":"SMITH"},{"data":"Barricade","floor":27.0,"key":"SMITH"},{"data":"Apotheosis","floor":30.0,"key":"SMITH"},{"floor":32.0,"key":"REST"},{"floor":42,"key":"REST"},{"floor":47,"key":"REST"},{"floor":49,"key":"REST"}],"neow_cost":"NONE","seed_source_timestamp":0,"circlet_count":0,"master_deck":["Strike_R","Strike_R","Strike_R","Strike_R","Defend_R","Defend_R","Defend_R","Defend_R","Bash","Thunderclap","Clothesline","Spot Weakness","Metallicize","Rage","Ghostly Armor+1","Disarm","Body Slam+1","Barricade+1","Writhe","Feel No Pain","Shockwave+1","Dropkick","Iron Wave","Apotheosis+1","Warcry+1","Offering","Evolve+1","Clash+1","Flex","Good Instincts","Parasite","Clothesline+1"],"special_seed":0,"relics":["Burning Blood","Dream Catcher","Bag of Marbles","Sundial","Strawberry","Busted Crown","Paper Frog","MawBank","Lantern","Du-Vu Doll","Letter Opener","Lizard Tail","Anchor","Prayer Wheel","Vajra","Ice Cream"],"potions_floor_usage":[48,50],"damage_taken":[{"damage":11.0,"enemies":"Small Slimes","floor":1.0,"turns":3.0},{"damage":1.0,"enemies":"Cultist","floor":4.0,"turns":3.0},{"damage":40.0,"enemies":"3 Sentries","floor":6.0,"turns":7.0},{"damage":6.0,"enemies":"2 Louse","floor":7.0,"turns":2.0},{"damage":9.0,"enemies":"Large Slime","floor":12.0,"turns":6.0},{"damage":28.0,"enemies":"Gremlin Nob","floor":13.0,"turns":6.0},{"damage":1.0,"enemies":"Exordium Thugs","floor":14.0,"turns":5.0},{"damage":18.0,"enemies":"Hexaghost","floor":16.0,"turns":9.0},{"damage":8.0,"enemies":"2 Thieves","floor":18.0,"turns":4.0},{"damage":10.0,"enemies":"Shell Parasite","floor":21.0,"turns":6.0},{"damage":13.0,"enemies":"Cultist and Chosen","floor":23.0,"turns":9.0},{"damage":16.0,"enemies":"Colosseum Slavers","floor":31.0,"turns":5.0},{"damage":45.0,"enemies":"Colosseum Nobs","floor":31.0,"turns":5.0},{"damage":32.0,"enemies":"Collector","floor":33.0,"turns":10.0},{"damage":22.0,"enemies":"3 Darklings","floor":35.0,"turns":8.0},{"damage":9.0,"enemies":"Orb Walker","floor":39.0,"turns":4.0},{"damage":28.0,"enemies":"Reptomancer","floor":40.0,"turns":6.0},{"damage":11,"enemies":"Mind Bloom Boss Battle","floor":41,"turns":6},{"damage":52,"enemies":"2 Orb Walkers","floor":44,"turns":5},{"damage":6,"enemies":"Writhing Mass","floor":46,"turns":5},{"damage":19,"enemies":"Jaw Worm Horde","floor":48,"turns":5},{"damage":30,"enemies":"Time Eater","floor":50,"turns":11}],"seed_played":"8807086959102591101","potions_obtained":[{"floor":6.0,"key":"Fire Potion"},{"floor":13.0,"key":"Strength Potion"},{"floor":16.0,"key":"FearPotion"},{"floor":35.0,"key":"Fruit Juice"},{"floor":39.0,"key":"BloodPotion"},{"floor":44,"key":"Weak Potion"},{"floor":46,"key":"Ancient Potion"}],"is_trial":false,"path_per_floor":["M","?","$","M","$","E","M","?","T","?","R","M","E","M","R","B",null,"M","?","$","M","?","M","T","R","T","R","$","?","R","?","R","B",null,"M","?","$","?","M","E","?","R","T","?","?","M","R","M","R","B",null],"character_chosen":"IRONCLAD","items_purchased":["Spot Weakness","Metallicize","Feel No Pain","Shockwave","Apotheosis","Offering"],"campfire_rested":5,"item_purchase_floors":[5,5,20,20,28,37],"current_hp_per_floor":[75,75,75,80,80,46,46,46,46,46,70,67,52,57,57,45,87,85,85,85,81,81,74,74,74,74,74,74,74,74,25,51,25,87,76,76,76,76,73,74,69,92,92,46,46,46,73,60,87,63],"gold":371,"neow_bonus":"RANDOM_COMMON_RELIC","is_prod":false,"is_daily":false,"chose_seed":false,"campfire_upgraded":4,"win_rate":0,"timestamp":1569044603,"path_taken":["M","?","?","?","$","E","M","?","T","?","R","M","E","M","R","BOSS","M","?","$","M","?","M","?","R","T","R","?","?","R","?","R","BOSS","M","?","$","?","?","E","?","R","T","?","?","?","R","M","R","BOSS"],"build_version":"2019-07-17","purchased_purges":1,"victory":true,"max_hp_per_floor":[80,80,80,80,80,80,80,80,80,80,80,80,87,87,87,87,87,87,87,87,87,87,87,87,87,87,87,87,87,87,87,87,87,87,92,92,92,92,92,92,92,92,92,92,92,92,92,92,92,92],"card_choices":[{"not_picked":["Twin Strike","Perfected Strike"],"picked":"Thunderclap","floor":1.0},{"not_picked":["Flame Barrier","Havoc"],"picked":"Clothesline","floor":4.0},{"not_picked":["Combust","Flame Barrier"],"picked":"Rage","floor":6.0},{"not_picked":["Warcry","Havoc","Thunderclap"],"picked":"SKIP","floor":7.0},{"not_picked":["Havoc","Thunderclap"],"picked":"Ghostly Armor","floor":11.0},{"not_picked":["Power Through","Pommel Strike"],"picked":"Disarm","floor":12.0},{"not_picked":["Reckless Charge","Clothesline"],"picked":"Body Slam","floor":13.0},{"not_picked":["Pommel Strike","Twin Strike"],"picked":"Fiend Fire","floor":14.0},{"not_picked":["Immolate","Dark Embrace"],"picked":"Barricade","floor":16.0},{"not_picked":["Body Slam"],"picked":"SKIP","floor":18.0},{"not_picked":[],"picked":"Dropkick","floor":21.0},{"not_picked":["Sword Boomerang"],"picked":"SKIP","floor":23.0},{"not_picked":[],"picked":"Warcry+1","floor":31.0},{"not_picked":["Sword Boomerang"],"picked":"SKIP","floor":35.0},{"not_picked":["True Grit"],"picked":"SKIP","floor":39.0},{"not_picked":[],"picked":"Evolve+1","floor":40},{"not_picked":[],"picked":"Clash+1","floor":41},{"not_picked":[],"picked":"Flex","floor":42},{"not_picked":[],"picked":"Good Instincts","floor":45},{"not_picked":["Spot Weakness"],"picked":"SKIP","floor":46},{"not_picked":["Perfected Strike"],"picked":"SKIP","floor":46},{"not_picked":[],"picked":"Clothesline+1","floor":48},{"not_picked":["Clash+1"],"picked":"SKIP","floor":48}],"player_experience":400098,"relics_obtained":[{"floor":6.0,"key":"Bag of Marbles"},{"floor":9.0,"key":"Sundial"},{"floor":13.0,"key":"Strawberry"},{"floor":24.0,"key":"MawBank"},{"floor":26.0,"key":"Lantern"},{"floor":31.0,"key":"Du-Vu Doll"},{"floor":31.0,"key":"Letter Opener"},{"floor":40,"key":"Anchor"},{"floor":41,"key":"Prayer Wheel"},{"floor":43,"key":"Vajra"},{"floor":44,"key":"Ice Cream"}],"event_choices":[{"damage_healed":0.0,"max_hp_gain":0.0,"max_hp_loss":0.0,"gold_gain":0.0,"event_name":"The Woman in Blue","player_choice":"Bought 0 Potions","floor":2.0,"gold_loss":0.0,"damage_taken":0.0},{"damage_healed":0.0,"max_hp_gain":0.0,"max_hp_loss":0.0,"gold_gain":0.0,"event_name":"Liars Game","player_choice":"Ignored","floor":8.0,"gold_loss":0.0,"damage_taken":0.0},{"damage_healed":0.0,"max_hp_gain":0.0,"max_hp_loss":0.0,"gold_gain":0.0,"event_name":"NoteForYourself","player_choice":"Ignored","floor":10.0,"gold_loss":0.0,"damage_taken":0.0},{"damage_healed":0.0,"max_hp_gain":0.0,"max_hp_loss":0.0,"gold_gain":0.0,"event_name":"The Mausoleum","player_choice":"Opened","floor":19.0,"gold_loss":0.0,"damage_taken":0.0,"relics_obtained":["Paper Frog"],"cards_obtained":["Writhe"]},{"damage_healed":0.0,"max_hp_gain":0.0,"max_hp_loss":0.0,"gold_gain":0.0,"event_name":"The Library","player_choice":"Read","floor":22.0,"gold_loss":0.0,"damage_taken":0.0,"cards_obtained":["Iron Wave"]},{"damage_healed":0.0,"max_hp_gain":0.0,"max_hp_loss":0.0,"gold_gain":0.0,"event_name":"Ghosts","player_choice":"Ignored","floor":29.0,"gold_loss":0.0,"damage_taken":0.0},{"damage_healed":0.0,"max_hp_gain":0.0,"max_hp_loss":0.0,"gold_gain":0.0,"event_name":"Colosseum","player_choice":"Fight","floor":31.0,"gold_loss":0.0,"damage_taken":0.0},{"damage_healed":0.0,"max_hp_gain":0.0,"max_hp_loss":0.0,"gold_gain":0.0,"event_name":"Colosseum","player_choice":"Fought Nobs","floor":31.0,"gold_loss":0.0,"damage_taken":0.0},{"cards_removed":["Fiend Fire"],"damage_healed":0.0,"max_hp_gain":0.0,"max_hp_loss":0.0,"gold_gain":0.0,"event_name":"Falling","player_choice":"Removed Attack","floor":36.0,"gold_loss":0.0,"damage_taken":0.0},{"damage_healed":0.0,"max_hp_gain":0.0,"max_hp_loss":0.0,"gold_gain":0.0,"event_name":"Upgrade Shrine","player_choice":"Upgraded","floor":38.0,"gold_loss":0.0,"damage_taken":0.0,"cards_upgraded":["Ghostly Armor"]},{"damage_healed":0,"gold_gain":0,"player_choice":"Fight","damage_taken":0,"max_hp_gain":0,"max_hp_loss":0,"event_name":"MindBloom","floor":41,"gold_loss":0},{"damage_healed":0,"gold_gain":0,"player_choice":"Fight","damage_taken":0,"max_hp_gain":0,"max_hp_loss":0,"event_name":"Mysterious Sphere","floor":44,"gold_loss":0},{"damage_healed":0,"gold_gain":0,"player_choice":"Memory 1","damage_taken":0,"max_hp_gain":0,"max_hp_loss":0,"event_name":"SensoryStone","floor":45,"gold_loss":0}],"is_beta":false,"boss_relics":[{"not_picked":["Eternal Feather","Tiny House"],"picked":"Busted Crown"},{"not_picked":["Runic Pyramid","Philosopher\u0027s Stone"],"picked":"Lizard Tail"}],"items_purged_floors":[20],"is_endless":false,"potions_floor_spawned":[6,13,16,31,35,39,44,46],"ascension_level":0}