{"gold_per_floor":[117,135,210,7,20,50,50,60,60,90,90,114,97,110,110,210,210,226,18,28,28,40,40,60,60,60,60,60,74,93,119,119,224,224,244,244,263,263],"floor_reached":38,"playtime":3774,"items_purged":[],"score":408,"play_id":"82f2ba22-eec2-4eb6-be3c-296f35144815","local_time":"20190811095058","is_ascension_mode":false,"campfire_choices":[{"floor":7.0,"key":"REST"},{"data":"Stack","floor":15.0,"key":"SMITH"},{"data":"Conserve Battery","floor":23.0,"key":"SMITH"},{"floor":25.0,"key":"REST"},{"data":"Streamline","floor":27.0,"key":"SMITH"},{"floor":32,"key":"REST"}],"neow_cost":"NONE","seed_source_timestamp":0,"circlet_count":0,"master_deck":["Strike_B","Strike_B","Strike_B","Defend_B","Defend_B","Defend_B","Defend_B","Zap","Dualcast","Conserve Battery","Steam","Loop","Conserve Battery+1","Self Repair","White Noise","Leap","Doom and Gloom","Go for the Eyes","Streamline+1","Stack+1","Buffer+1","Static Discharge+1","Streamline","Go for the Eyes","Static Discharge+1","Steam","Rip and Tear","Redo","Ball Lightning+1","Ball Lightning","Melter+1","Reinforced Body","Scrape","Steam+1"],"special_seed":0,"relics":["Cracked Core","Du-Vu Doll","Dead Branch","Frozen Egg 2","Odd Mushroom","White Beast Statue","Nloth\u0027s Gift","Kunai","Singing Bowl","Nuclear Battery"],"potions_floor_usage":[31,31,33,35,38],"damage_taken":[{"damage":3.0,"enemies":"2 Louse","floor":1.0,"turns":3.0},{"damage":0.0,"enemies":"Small Slimes","floor":2.0,"turns":3.0},{"damage":1.0,"enemies":"Jaw Worm","floor":5.0,"turns":4.0},{"damage":12.0,"enemies":"3 Sentries","floor":6.0,"turns":9.0},{"damage":4.0,"enemies":"2 Fungi Beasts","floor":8.0,"turns":4.0},{"damage":8.0,"enemies":"Lagavulin","floor":10.0,"turns":6.0},{"damage":17.0,"enemies":"The Mushroom Lair","floor":12.0,"turns":4.0},{"damage":5.0,"enemies":"Exordium Thugs","floor":13.0,"turns":4.0},{"damage":0.0,"enemies":"Looter","floor":14.0,"turns":3.0},{"damage":21.0,"enemies":"The Guardian","floor":16.0,"turns":14.0},{"damage":21.0,"enemies":"Chosen","floor":18.0,"turns":6.0},{"damage":4.0,"enemies":"Shell Parasite","floor":20.0,"turns":9.0},{"damage":1.0,"enemies":"Snecko","floor":22.0,"turns":9.0},{"damage":15.0,"enemies":"Snake Plant","floor":24.0,"turns":4.0},{"damage":32.0,"enemies":"Centurion and Healer","floor":29.0,"turns":5.0},{"damage":2,"enemies":"Shelled Parasite and Fungi","floor":30,"turns":7},{"damage":17,"enemies":"Gremlin Leader","floor":31,"turns":7},{"damage":56,"enemies":"Collector","floor":33,"turns":11},{"damage":20,"enemies":"3 Shapes","floor":35,"turns":4},{"damage":46,"enemies":"3 Darklings","floor":37,"turns":5},{"damage":53,"enemies":"Transient","floor":38,"turns":5}],"seed_played":"4809758367851780714","potions_obtained":[{"floor":2.0,"key":"Regen Potion"},{"floor":8.0,"key":"Regen Potion"},{"floor":10.0,"key":"Regen Potion"},{"floor":14.0,"key":"Weak Potion"},{"floor":16.0,"key":"Swift Potion"},{"floor":18.0,"key":"SteroidPotion"},{"floor":20.0,"key":"EssenceOfSteel"},{"floor":22.0,"key":"Explosive Potion"},{"floor":24.0,"key":"AttackPotion"},{"floor":29,"key":"AttackPotion"},{"floor":30,"key":"EssenceOfSteel"},{"floor":31,"key":"Energy Potion"},{"floor":33,"key":"Fire Potion"},{"floor":35,"key":"Ancient Potion"},{"floor":37,"key":"SpeedPotion"}],"is_trial":false,"path_per_floor":["M","M","?","$","M","E","R","M","T","E","?","?","M","M","R","B",null,"M","$","M","?","M","R","M","R","T","R","?","M","M","E","R","B",null,"M","?","M","M"],"character_chosen":"DEFECT","items_purchased":["Loop","Conserve Battery","EssenceOfSteel","Streamline","Go for the Eyes","Static Discharge+1","Steam"],"campfire_rested":3,"item_purchase_floors":[4,4,4,19,19,19,19],"current_hp_per_floor":[79,79,68,68,67,62,82,82,82,81,78,77,79,79,79,70,82,68,68,71,71,77,77,62,82,82,82,82,57,62,54,79,25,86,73,73,34,0],"gold":263,"neow_bonus":"TEN_PERCENT_HP_BONUS","is_prod":false,"is_daily":false,"chose_seed":false,"campfire_upgraded":3,"win_rate":0,"timestamp":1565542258,"path_taken":["M","M","?","$","M","E","R","M","T","E","?","?","M","M","R","BOSS","M","$","M","?","?","R","M","R","T","R","?","M","M","E","R","BOSS","M","?","M","M"],"build_version":"2019-07-17","purchased_purges":0,"victory":false,"max_hp_per_floor":[82,82,82,82,82,82,82,82,82,82,82,82,82,82,82,82,82,82,82,82,82,82,82,82,82,82,82,82,82,82,84,84,86,86,86,86,86,86],"card_choices":[{"not_picked":["Beam Cell","Storm"],"picked":"Conserve Battery","floor":1.0},{"not_picked":["Gash","Cold Snap"],"picked":"Steam","floor":2.0},{"not_picked":["Sweeping Beam","Skim"],"picked":"Self Repair","floor":5.0},{"not_picked":["Recycle","Loop"],"picked":"White Noise","floor":6.0},{"not_picked":["Double Energy","Steam"],"picked":"Leap","floor":8.0},{"not_picked":["Hologram","Steam Power"],"picked":"Doom and Gloom","floor":10.0},{"not_picked":["Double Energy","Steam Power"],"picked":"Go for the Eyes","floor":12.0},{"not_picked":["Redo","Leap"],"picked":"Streamline","floor":13.0},{"not_picked":["Creative AI+1","Streamline"],"picked":"Stack","floor":14.0},{"not_picked":["Machine Learning+1","Multi-Cast"],"picked":"Buffer+1","floor":16.0},{"not_picked":["Skim+1","Streamline"],"picked":"Static Discharge+1","floor":18.0},{"not_picked":["Turbo","Coolheaded"],"picked":"Rip and Tear","floor":20.0},{"not_picked":["Amplify","FTL"],"picked":"Redo","floor":22.0},{"not_picked":["Beam Cell","Consume"],"picked":"Ball Lightning+1","floor":24.0},{"not_picked":["Hologram","Sweeping Beam"],"picked":"Ball Lightning","floor":29},{"not_picked":["Sweeping Beam+1","Turbo"],"picked":"Melter+1","floor":30},{"not_picked":["Core Surge","Double Energy","Fission"],"picked":"Singing Bowl","floor":31},{"not_picked":["Thunder Strike","Fission","Creative AI+1"],"picked":"Singing Bowl","floor":33},{"not_picked":["Seek","Lockon+1"],"picked":"Reinforced Body","floor":35},{"not_picked":["Gash+1","Go for the Eyes"],"picked":"Steam+1","floor":37}],"player_experience":385563,"relics_obtained":[{"floor":6.0,"key":"Du-Vu Doll"},{"floor":9.0,"key":"Dead Branch"},{"floor":10.0,"key":"Bottled Tornado"},{"floor":12.0,"key":"Odd Mushroom"},{"floor":26.0,"key":"Kunai"},{"floor":31,"key":"Singing Bowl"}],"event_choices":[{"damage_healed":0.0,"max_hp_gain":0.0,"max_hp_loss":0.0,"gold_gain":75.0,"event_name":"World of Goop","player_choice":"Gather Gold","floor":3.0,"gold_loss":0.0,"damage_taken":11.0},{"damage_healed":0.0,"max_hp_gain":0.0,"max_hp_loss":0.0,"gold_gain":0.0,"event_name":"Scrap Ooze","player_choice":"Success","floor":11.0,"gold_loss":0.0,"damage_taken":3.0,"relics_obtained":["Frozen Egg 2"]},{"damage_healed":0.0,"max_hp_gain":0.0,"max_hp_loss":0.0,"gold_gain":0.0,"event_name":"Mushrooms","player_choice":"Fought Mushrooms","floor":12.0,"gold_loss":0.0,"damage_taken":0.0},{"damage_healed":0.0,"max_hp_gain":0.0,"max_hp_loss":0.0,"gold_gain":0.0,"event_name":"N\u0027loth","player_choice":"Traded Relic","floor":21.0,"relics_lost":["Bottled Tornado"],"gold_loss":0.0,"damage_taken":0.0,"relics_obtained":["Nloth\u0027s Gift"]},{"damage_healed":0,"gold_gain":0,"cards_transformed":["Strike_B"],"player_choice":"Transformed","damage_taken":0,"max_hp_gain":0,"max_hp_loss":0,"event_name":"Transmorgrifier","floor":36,"gold_loss":0,"cards_obtained":["Scrape"]}],"is_beta":false,"boss_relics":[{"not_picked":["Astrolabe","Empty Cage"],"picked":"White Beast Statue"},{"not_picked":["FrozenCore","Calling Bell"],"picked":"Nuclear Battery"}],"items_purged_floors":[],"is_endless":false,"potions_floor_spawned":[2,8,10,14,16,18,20,22,24,29,30,31,33,35,37],"killed_by":"Transient","ascension_level":0}