{"gold_per_floor":[114,264,339,6,6,41,65,103,184,184,205,105,138,164,164,262,262,287,212,262,277,277,320,320,345,345,388,412,287,361,379,379,478,499,520,853,905,916,916,949,949,979,1005,1035,1053,742,755,790,790,790,790,790,790,246,277,277],"floor_reached":57,"playtime":1763,"items_purged":["Doubt","Strike_G","Strike_G","Acrobatics+1","Grand Finale+1"],"score":3913,"play_id":"511b964b-1de4-4934-a63c-77fbda5b331a","local_time":"20190919175643","is_ascension_mode":true,"campfire_choices":[{"data":"Tactician","floor":10.0,"key":"SMITH"},{"data":"Well Laid Plans","floor":15.0,"key":"SMITH"},{"data":"Reflex","floor":32.0,"key":"SMITH"},{"floor":41.0,"key":"RECALL"},{"data":"After Image","floor":49.0,"key":"SMITH"},{"floor":53.0,"key":"REST"}],"neow_cost":"NONE","seed_source_timestamp":287377152920097,"circlet_count":0,"master_deck":["AscendersBane","Defend_G+1","Defend_G+1","Defend_G+1","Defend_G+1","Survivor+1","Neutralize+1","Acrobatics+1","Well Laid Plans+1","Reflex+1","Tactician+1","Escape Plan+1","Backflip+1","Calculated Gamble+1","Grand Finale+1","Heel Hook+1","Prepared+1","After Image+1","Footwork"],"special_seed":0,"relics":["Ring of the Snake","NeowsBlessing","Oddly Smooth Stone","Centennial Puzzle","Snake Skull","Odd Mushroom","Black Star","Bag of Marbles","CeramicFish","White Beast Statue","Eternal Feather","Dodecahedron","Dream Catcher","Tiny Chest","Astrolabe","Vajra","Mark of the Bloom","The Courier","Shuriken","StrikeDummy","Regal Pillow","MealTicket","Blue Candle","Paper Crane","Lantern","Molten Egg 2","Whetstone","ClockworkSouvenir","War Paint","Pantograph"],"potions_floor_usage":[56,56],"damage_taken":[{"damage":0.0,"enemies":"Small Slimes","floor":1.0,"turns":1.0},{"damage":0.0,"enemies":"Gremlin Nob","floor":6.0,"turns":1.0},{"damage":0.0,"enemies":"Jaw Worm","floor":7.0,"turns":1.0},{"damage":7.0,"enemies":"Lagavulin","floor":8.0,"turns":8.0},{"damage":0.0,"enemies":"2 Louse","floor":11.0,"turns":2.0},{"damage":30.0,"enemies":"Gremlin Nob","floor":13.0,"turns":4.0},{"damage":1.0,"enemies":"The Mushroom Lair","floor":14.0,"turns":2.0},{"damage":0.0,"enemies":"The Guardian","floor":16.0,"turns":11.0},{"damage":4.0,"enemies":"Shell Parasite","floor":18.0,"turns":3.0},{"damage":0.0,"enemies":"Spheric Guardian","floor":21.0,"turns":3.0},{"damage":0.0,"enemies":"Book of Stabbing","floor":23.0,"turns":5.0},{"damage":0.0,"enemies":"Centurion and Healer","floor":25.0,"turns":5.0},{"damage":0.0,"enemies":"Slavers","floor":27.0,"turns":1.0},{"damage":2.0,"enemies":"Snake Plant","floor":28.0,"turns":4.0},{"damage":0.0,"enemies":"Book of Stabbing","floor":30.0,"turns":4.0},{"damage":0.0,"enemies":"3 Cultists","floor":31.0,"turns":1.0},{"damage":0.0,"enemies":"Automaton","floor":33.0,"turns":5.0},{"damage":0.0,"enemies":"Orb Walker","floor":35.0,"turns":1.0},{"damage":0.0,"enemies":"3 Darklings","floor":38.0,"turns":1.0},{"damage":0.0,"enemies":"Reptomancer","floor":40.0,"turns":1.0},{"damage":0.0,"enemies":"Nemesis","floor":42.0,"turns":1.0},{"damage":0.0,"enemies":"Reptomancer","floor":44.0,"turns":1.0},{"damage":0.0,"enemies":"4 Shapes","floor":45.0,"turns":1.0},{"damage":0.0,"enemies":"Writhing Mass","floor":47.0,"turns":3.0},{"damage":0.0,"enemies":"Nemesis","floor":48.0,"turns":3.0},{"damage":0.0,"enemies":"Time Eater","floor":50.0,"turns":2.0},{"damage":0.0,"enemies":"Awakened One","floor":51.0,"turns":5.0},{"damage":0.0,"enemies":"Shield and Spear","floor":55.0,"turns":1.0},{"damage":0,"enemies":"The Heart","floor":56,"turns":7}],"seed_played":"7401553987409249779","potions_obtained":[{"floor":6.0,"key":"Dexterity Potion"},{"floor":8.0,"key":"Block Potion"},{"floor":27.0,"key":"Block Potion"},{"floor":28.0,"key":"Fire Potion"},{"floor":30.0,"key":"AttackPotion"},{"floor":33.0,"key":"Strength Potion"}],"is_trial":false,"path_per_floor":["M","?","?","$","?","E","M","E","T","R","M","$","E","?","R","B",null,"M","?","?","M","?","E","?","M","T","E","M","$","E","M","R","B",null,"M","?","T","M","?","E","R","E","T","E","M","$","M","E","R","B","B",null,"R","$","E","B",null],"character_chosen":"THE_SILENT","items_purchased":["Grand Finale","Well Laid Plans","After Image","Lantern","ClockworkSouvenir","Ancient Potion","FairyPotion","GhostInAJar","Footwork"],"campfire_rested":1,"item_purchase_floors":[4,4,46,46,54,54,54,54,54],"current_hp_per_floor":[59,59,48,48,48,48,48,41,41,41,41,41,11,10,10,10,48,44,44,44,44,44,44,44,44,44,44,42,42,42,42,51,51,58,58,58,58,58,58,58,58,58,58,58,58,58,58,58,58,58,58,58,58,58,58,58],"gold":277,"neow_bonus":"THREE_ENEMY_KILL","is_prod":false,"is_daily":false,"chose_seed":false,"campfire_upgraded":4,"win_rate":0,"timestamp":1568883403,"path_taken":["M","?","?","$","?","E","M","E","T","R","M","$","E","?","R","BOSS","M","?","?","M","?","E","?","?","T","E","?","$","E","M","R","BOSS","M","?","?","M","?","E","R","E","T","E","M","$","M","E","R","BOSS","BOSS","R","$","E","BOSS"],"build_version":"2019-09-18","purchased_purges":5,"victory":true,"max_hp_per_floor":[66,66,66,66,60,60,60,60,60,60,60,60,60,60,60,60,60,60,60,60,60,60,60,60,60,60,60,60,60,60,60,60,60,60,60,60,60,60,60,60,60,60,60,60,60,60,60,60,60,60,60,60,60,60,60,60],"card_choices":[{"not_picked":["Flying Knee","Dagger Spray"],"picked":"Acrobatics","floor":1.0},{"not_picked":["Acrobatics","Riddle With Holes"],"picked":"Reflex","floor":6.0},{"not_picked":["Accuracy","Eviscerate"],"picked":"Tactician","floor":7.0},{"not_picked":["Choke","PiercingWail"],"picked":"Acrobatics","floor":8.0},{"not_picked":["Slice","Leg Sweep","Heel Hook"],"picked":"SKIP","floor":11.0},{"not_picked":["Quick Slash","Dodge and Roll"],"picked":"Escape Plan","floor":13.0},{"not_picked":["Deflect","Sucker Punch"],"picked":"Backflip","floor":18.0},{"not_picked":["Reflex","Heel Hook","PiercingWail"],"picked":"SKIP","floor":21.0},{"not_picked":["All Out Attack","Bullet Time","Well Laid Plans"],"picked":"SKIP","floor":23.0},{"not_picked":["Poisoned Stab","Bouncing Flask","Slice"],"picked":"SKIP","floor":25.0},{"not_picked":["Sucker Punch","Heel Hook","Bane"],"picked":"SKIP","floor":27.0},{"not_picked":["Setup","Footwork","Dagger Spray"],"picked":"SKIP","floor":28.0},{"not_picked":["Blade Dance","Outmaneuver","Well Laid Plans"],"picked":"SKIP","floor":30.0},{"not_picked":["PiercingWail","Accuracy+1","Catalyst"],"picked":"SKIP","floor":31.0},{"not_picked":["Blade Dance","Underhanded Strike+1","Slice"],"picked":"SKIP","floor":35.0},{"not_picked":["Underhanded Strike","Flechettes","Flying Knee+1"],"picked":"SKIP","floor":38.0},{"not_picked":["Escape Plan+1","Distraction+1","Setup"],"picked":"SKIP","floor":40.0},{"not_picked":["All Out Attack+1","Doppelganger","Outmaneuver"],"picked":"SKIP","floor":42.0},{"not_picked":["Acrobatics+1","Accuracy","Heel Hook"],"picked":"SKIP","floor":44.0},{"not_picked":["Slice","Bouncing Flask","Bane"],"picked":"SKIP","floor":45.0},{"not_picked":["Poisoned Stab+1","Sucker Punch","Backflip"],"picked":"SKIP","floor":47.0},{"not_picked":["Flechettes+1","Finisher","Outmaneuver+1"],"picked":"SKIP","floor":48.0},{"not_picked":["Deadly Poison","Sucker Punch+1","Noxious Fumes+1"],"picked":"SKIP","floor":55.0}],"player_experience":1099974,"relics_obtained":[{"floor":6.0,"key":"Oddly Smooth Stone"},{"floor":8.0,"key":"Centennial Puzzle"},{"floor":13.0,"key":"Snake Skull"},{"floor":14.0,"key":"Odd Mushroom"},{"floor":23.0,"key":"Bag of Marbles"},{"floor":23.0,"key":"CeramicFish"},{"floor":26.0,"key":"White Beast Statue"},{"floor":27.0,"key":"Eternal Feather"},{"floor":27.0,"key":"Dodecahedron"},{"floor":30.0,"key":"Dream Catcher"},{"floor":30.0,"key":"Tiny Chest"},{"floor":37.0,"key":"Vajra"},{"floor":40.0,"key":"The Courier"},{"floor":40.0,"key":"Shuriken"},{"floor":42.0,"key":"StrikeDummy"},{"floor":42.0,"key":"Regal Pillow"},{"floor":43.0,"key":"MealTicket"},{"floor":44.0,"key":"Blue Candle"},{"floor":44.0,"key":"Paper Crane"},{"floor":48.0,"key":"Molten Egg 2"},{"floor":48.0,"key":"Whetstone"},{"floor":55.0,"key":"War Paint"},{"floor":55.0,"key":"Pantograph"}],"event_choices":[{"damage_healed":0.0,"max_hp_gain":0.0,"max_hp_loss":0.0,"gold_gain":150.0,"event_name":"Liars Game","player_choice":"AGREE","floor":2.0,"gold_loss":0.0,"damage_taken":0.0,"cards_obtained":["Doubt"]},{"damage_healed":0.0,"max_hp_gain":0.0,"max_hp_loss":0.0,"gold_gain":75.0,"event_name":"World of Goop","player_choice":"Gather Gold","floor":3.0,"gold_loss":0.0,"damage_taken":11.0},{"damage_healed":0.0,"max_hp_gain":0.0,"max_hp_loss":6.0,"gold_gain":0.0,"event_name":"Golden Idol","player_choice":"Lose Max HP","floor":5.0,"gold_loss":0.0,"damage_taken":0.0,"relics_obtained":["Golden Idol"]},{"damage_healed":0.0,"max_hp_gain":0.0,"max_hp_loss":0.0,"gold_gain":0.0,"event_name":"Mushrooms","player_choice":"Fought Mushrooms","floor":14.0,"gold_loss":0.0,"damage_taken":0.0},{"cards_removed":["Strike_G"],"damage_healed":0.0,"max_hp_gain":0.0,"max_hp_loss":0.0,"gold_gain":0.0,"event_name":"Beggar","player_choice":"Gave Gold","floor":19.0,"gold_loss":75.0,"damage_taken":0.0},{"damage_healed":0.0,"max_hp_gain":0.0,"max_hp_loss":0.0,"gold_gain":50.0,"event_name":"Nest","player_choice":"Stole From Cult","floor":20.0,"gold_loss":0.0,"damage_taken":0.0},{"damage_healed":0.0,"max_hp_gain":0.0,"max_hp_loss":0.0,"gold_gain":0.0,"event_name":"The Library","player_choice":"Read","floor":22.0,"gold_loss":0.0,"damage_taken":0.0,"cards_obtained":["Calculated Gamble"]},{"damage_healed":0.0,"max_hp_gain":0.0,"max_hp_loss":0.0,"gold_gain":0.0,"event_name":"Upgrade Shrine","player_choice":"Upgraded","floor":24.0,"gold_loss":0.0,"damage_taken":0.0,"cards_upgraded":["Calculated Gamble"]},{"damage_healed":0.0,"max_hp_gain":0.0,"max_hp_loss":0.0,"gold_gain":333.0,"event_name":"The Moai Head","player_choice":"Gave Idol","floor":36.0,"relics_lost":["Golden Idol"],"gold_loss":0.0,"damage_taken":0.0},{"damage_healed":0.0,"max_hp_gain":0.0,"max_hp_loss":0.0,"gold_gain":0.0,"event_name":"MindBloom","player_choice":"Upgrade","floor":39.0,"gold_loss":0.0,"damage_taken":0.0,"cards_upgraded":["Defend_G","Defend_G","Defend_G","Defend_G","Survivor","Neutralize","Acrobatics","Grand Finale","Acrobatics","Escape Plan","Backflip"],"relics_obtained":["Mark of the Bloom"]}],"is_beta":true,"boss_relics":[{"not_picked":["Runic Pyramid","Fusion Hammer"],"picked":"Black Star"},{"not_picked":["Ring of the Serpent","Coffee Dripper"],"picked":"Astrolabe"}],"items_purged_floors":[4,12,29,46,54],"is_endless":false,"potions_floor_spawned":[6,8,13,14,18,27,28,30,31,33,35,38,40,42,44,45,47,48,55],"ascension_level":20}