{"gold_per_floor":[117,133,14,14,14,42,60,79,124,124,124,137,137,154,154,228,228,186,186,186,71,85,85,98,98,98,39,53,72,72,19,19,19],"floor_reached":33,"playtime":843,"items_purged":[],"score":494,"play_id":"45db99ab-c5ac-4dfd-9193-29c530b64a70","local_time":"20190918190100","is_ascension_mode":true,"campfire_choices":[{"data":"Zap","floor":10.0,"key":"SMITH"},{"data":"Beam Cell","floor":15.0,"key":"SMITH"},{"data":"Coolheaded","floor":23.0,"key":"SMITH"},{"data":"Dualcast","floor":25.0,"key":"SMITH"},{"data":"Fusion","floor":30,"key":"SMITH"},{"data":"Recycle","floor":32,"key":"SMITH"}],"neow_cost":"NONE","seed_source_timestamp":695574487183995,"circlet_count":0,"master_deck":["AscendersBane","Defend_B","Defend_B","Defend_B","Zap+1","Dualcast+1","Ball Lightning","Self Repair","Conserve Battery","Beam Cell+1","Undo","Loop","Multi-Cast","Echo Form+1","Beam Cell+1","Compile Driver+1","Turbo+1","Ghostly","Ghostly","Ghostly","Coolheaded+1","Capacitor","Cold Snap","Turbo+1","Barrage+1","Recycle+1","Fusion+1"],"special_seed":0,"relics":["Coffee Dripper","Ornamental Fan","Oddly Smooth Stone","Astrolabe","Molten Egg 2"],"potions_floor_usage":[29,33],"damage_taken":[{"damage":9.0,"enemies":"2 Louse","floor":1.0,"turns":3.0},{"damage":0.0,"enemies":"Cultist","floor":2.0,"turns":3.0},{"damage":13.0,"enemies":"Lagavulin","floor":6.0,"turns":7.0},{"damage":0.0,"enemies":"Jaw Worm","floor":7.0,"turns":3.0},{"damage":7.0,"enemies":"2 Fungi Beasts","floor":8.0,"turns":4.0},{"damage":2.0,"enemies":"Large Slime","floor":12.0,"turns":6.0},{"damage":2.0,"enemies":"Red Slaver","floor":14.0,"turns":3.0},{"damage":14.0,"enemies":"Slime Boss","floor":16.0,"turns":6.0},{"damage":20.0,"enemies":"2 Thieves","floor":18.0,"turns":5.0},{"damage":6.0,"enemies":"Shell Parasite","floor":22.0,"turns":7.0},{"damage":0.0,"enemies":"Centurion and Healer","floor":24.0,"turns":8.0},{"damage":0.0,"enemies":"Snake Plant","floor":28.0,"turns":6.0},{"damage":33,"enemies":"Cultist and Chosen","floor":29,"turns":7},{"damage":16,"enemies":"Collector","floor":33,"turns":6}],"seed_played":"-7272806606423996774","potions_obtained":[{"floor":1.0,"key":"SkillPotion"},{"floor":2.0,"key":"Strength Potion"},{"floor":8.0,"key":"Weak Potion"},{"floor":18.0,"key":"GamblersBrew"},{"floor":24.0,"key":"Energy Potion"},{"floor":28.0,"key":"Ancient Potion"}],"is_trial":false,"path_per_floor":["M","M","$","?","$","E","M","M","T","R","?","M","?","M","R","B",null,"M","?","?","$","M","R","M","R","T","$","M","M","R","$","R","B"],"character_chosen":"DEFECT","items_purchased":["Self Repair","Conserve Battery","Coolheaded","Capacitor","Barrage+1","Strength Potion"],"campfire_rested":0,"item_purchase_floors":[3,3,21,21,27,31],"current_hp_per_floor":[55,55,55,55,55,49,56,56,56,56,38,43,36,41,41,34,62,49,35,35,35,35,35,35,35,35,35,35,9,9,9,9,0],"gold":19,"neow_bonus":"BOSS_RELIC","is_prod":false,"is_daily":false,"chose_seed":false,"campfire_upgraded":6,"win_rate":0,"timestamp":1568804460,"path_taken":["M","M","$","?","$","E","M","?","T","R","?","M","?","M","R","BOSS","M","?","?","$","?","R","M","R","T","$","M","?","R","?","R","BOSS"],"build_version":"2019-09-17","purchased_purges":0,"victory":false,"max_hp_per_floor":[71,71,71,71,71,71,71,71,71,71,71,71,71,71,71,71,71,71,35,35,35,35,35,35,35,35,35,35,35,35,35,35,35],"card_choices":[{"not_picked":["Force Field","Stack"],"picked":"Ball Lightning","floor":1.0},{"not_picked":["Beam Cell","BootSequence"],"picked":"Compile Driver","floor":2.0},{"not_picked":["Sweeping Beam","Reprogram"],"picked":"Beam Cell","floor":6.0},{"not_picked":["Double Energy","Barrage"],"picked":"Undo","floor":7.0},{"not_picked":["Undo","Sweeping Beam","Steam"],"picked":"SKIP","floor":8.0},{"not_picked":["Barrage","Aggregate","Auto Shields"],"picked":"SKIP","floor":12.0},{"not_picked":["Barrage","Go for the Eyes"],"picked":"Loop","floor":14.0},{"not_picked":["Fission","Buffer"],"picked":"Multi-Cast","floor":16.0},{"not_picked":["Coolheaded","Cold Snap"],"picked":"Turbo+1","floor":18.0},{"not_picked":["Redo","Beam Cell+1"],"picked":"Cold Snap","floor":22.0},{"not_picked":["Scrape","Lockon"],"picked":"Turbo+1","floor":24.0},{"not_picked":["Cold Snap+1","Redo"],"picked":"Recycle","floor":28.0},{"not_picked":["Rebound+1","Steam+1"],"picked":"Fusion","floor":29}],"player_experience":839429,"relics_obtained":[{"floor":6.0,"key":"Ornamental Fan"},{"floor":26.0,"key":"Molten Egg 2"}],"event_choices":[{"cards_removed":["Strike_B"],"damage_healed":0.0,"max_hp_gain":0.0,"max_hp_loss":0.0,"gold_gain":0.0,"event_name":"Purifier","player_choice":"Purged","floor":4.0,"gold_loss":0.0,"damage_taken":0.0},{"damage_healed":0.0,"max_hp_gain":0.0,"max_hp_loss":0.0,"gold_gain":0.0,"event_name":"Scrap Ooze","player_choice":"Success","floor":11.0,"gold_loss":0.0,"damage_taken":18.0,"relics_obtained":["Oddly Smooth Stone"]},{"cards_removed":["Strike_B"],"damage_healed":0.0,"max_hp_gain":0.0,"max_hp_loss":0.0,"gold_gain":0.0,"event_name":"Golden Wing","player_choice":"Card Removal","floor":13.0,"gold_loss":0.0,"damage_taken":7.0},{"damage_healed":0.0,"max_hp_gain":0.0,"max_hp_loss":36.0,"gold_gain":0.0,"event_name":"Ghosts","player_choice":"Became a Ghost","floor":19.0,"gold_loss":0.0,"damage_taken":0.0,"cards_obtained":["Ghostly","Ghostly","Ghostly"]},{"cards_removed":["Defend_B"],"damage_healed":0.0,"max_hp_gain":0.0,"max_hp_loss":0.0,"gold_gain":0.0,"event_name":"Purifier","player_choice":"Purged","floor":20.0,"gold_loss":0.0,"damage_taken":0.0}],"is_beta":true,"boss_relics":[{"not_picked":["SacredBark","Runic Pyramid"],"picked":"Astrolabe"}],"items_purged_floors":[],"is_endless":false,"potions_floor_spawned":[1,2,8,18,24,28],"killed_by":"Collector","ascension_level":20}