{"path_per_floor":["M","M","M","?","M","R","T","E","T","E","?","R","E","M","R","B",null,"M","?","$","M","$"],"character_chosen":"DEFECT","items_purchased":["Loop","Amplify","Self Repair"],"gold_per_floor":[114,125,136,136,147,147,147,180,203,238,264,264,293,311,311,416,416,434,434,121,141,73,73],"floor_reached":23,"campfire_rested":0,"playtime":1869,"item_purchase_floors":[20,20,22],"current_hp_per_floor":[68,67,67,67,72,72,72,65,65,59,40,40,37,28,28,30,68,43,43,43,32,32,0],"items_purged":["Strike_B"],"gold":73,"score":261,"play_id":"204dbc31-67bd-4586-93ef-16356da00c69","local_time":"20180606214613","is_prod":false,"is_daily":false,"chose_seed":false,"is_ascension_mode":true,"campfire_upgraded":3,"win_rate":0,"timestamp":1528314373,"campfire_choices":[{"data":"Defragment","floor":6,"key":"SMITH"},{"data":"Machine Learning","floor":12,"key":"SMITH"},{"data":"Go for the Eyes","floor":15,"key":"SMITH"}],"path_taken":["M","M","M","?","M","R","?","E","T","E","?","R","E","M","R","BOSS","M","?","$","M","$","E"],"build_version":"2018-05-31","seed_source_timestamp":217929945529311,"purchased_purges":1,"victory":false,"master_deck":["Strike_B","Strike_B","Defend_B","Defend_B","Defend_B","Defend_B","Zap","Dualcast","Defragment+1","Barrage","Go for the Eyes+1","Coolheaded","Machine Learning+1","Hologram","Cold Snap","Rainbow","Coolheaded+1","Loop","Amplify","Redo+1","Self Repair"],"max_hp_per_floor":[75,75,75,75,80,80,80,80,80,80,80,80,80,80,80,80,80,80,80,80,80,80,80],"relics":["Cracked Core","Centennial Puzzle","Bird Faced Urn","Bronze Scales","Sundial","Odd Mushroom","Vajra","Inserter"],"card_choices":[{"not_picked":["Scrape","Steam"],"picked":"Defragment","floor":1},{"not_picked":["Chaos","Compile Driver"],"picked":"Barrage","floor":2},{"not_picked":["Streamline","Auto Shields"],"picked":"Go for the Eyes","floor":3},{"not_picked":["Fusion","Sunder"],"picked":"Coolheaded","floor":5},{"not_picked":["Darkness","Rebound"],"picked":"Machine Learning","floor":8},{"not_picked":["Fusion","Creative AI"],"picked":"Hologram","floor":10},{"not_picked":["Sunder","Consume"],"picked":"Cold Snap","floor":13},{"not_picked":["Ball Lightning","Steam Power","Melter"],"picked":"SKIP","floor":14},{"not_picked":["Hyperbeam","Creative AI"],"picked":"Rainbow","floor":16},{"not_picked":["Gash","Beam Cell"],"picked":"Coolheaded+1","floor":18},{"not_picked":["Scrape","Conserve Battery"],"picked":"Redo+1","floor":21}],"player_experience":786296,"potions_floor_usage":[5,8,10,11,16,16],"damage_taken":[{"damage":7,"enemies":"2 Louse","floor":1,"turns":3},{"damage":1,"enemies":"Cultist","floor":2,"turns":3},{"damage":0,"enemies":"Small Slimes","floor":3,"turns":3},{"damage":0,"enemies":"Exordium Wildlife","floor":5,"turns":3},{"damage":7,"enemies":"3 Sentries","floor":8,"turns":8},{"damage":10,"enemies":"Gremlin Nob","floor":10,"turns":3},{"damage":21,"enemies":"The Mushroom Lair","floor":11,"turns":5},{"damage":7,"enemies":"Lagavulin","floor":13,"turns":6},{"damage":13,"enemies":"Large Slime","floor":14,"turns":5},{"damage":2,"enemies":"Hexaghost","floor":16,"turns":8},{"damage":29,"enemies":"2 Thieves","floor":18,"turns":4},{"damage":17,"enemies":"Chosen","floor":21,"turns":6},{"damage":45,"enemies":"Gremlin Leader","floor":23,"turns":6}],"relics_obtained":[{"floor":7,"key":"Centennial Puzzle"},{"floor":8,"key":"Bird Faced Urn"},{"floor":9,"key":"Bronze Scales"},{"floor":10,"key":"Sundial"},{"floor":11,"key":"Odd Mushroom"},{"floor":13,"key":"Vajra"}],"event_choices":[{"event_name":"The Lab","player_choice":"Got Potions","floor":4,"damage_taken":0},{"event_name":"Mushrooms","player_choice":"Fought Mushrooms","floor":11,"damage_taken":0},{"event_name":"Match and Keep!","player_choice":"0 cards matched","floor":19,"damage_taken":0}],"boss_relics":[{"not_picked":["Pandora\u0027s Box","Orrery"],"picked":"Inserter"}],"items_purged_floors":[20],"potions_floor_spawned":[1,2,5,13,14],"seed_played":"6595208161538163434","killed_by":"Gremlin Leader","ascension_level":5,"potions_obtained":[{"floor":1,"key":"Poison Potion"},{"floor":2,"key":"Explosive Potion"},{"floor":4,"key":"Fruit Juice"},{"floor":5,"key":"SpeedPotion"},{"floor":13,"key":"Strength Potion"},{"floor":14,"key":"Poison Potion"}],"is_trial":false}