{"gold_per_floor":[119,132,132,151,163,188,188,188,188,249,20,20,72,90,90,187,187,199,226,226,238,238],"floor_reached":22,"playtime":13265,"items_purged":[],"score":194,"play_id":"4f8ecd7b-93fd-433d-babd-e579d7056cf4","local_time":"20190116092923","is_ascension_mode":false,"campfire_choices":[{"floor":7,"key":"REST"},{"floor":15,"key":"REST"}],"neow_cost":"NONE","seed_source_timestamp":139163390207039,"circlet_count":0,"master_deck":["Strike_B","Strike_B","Strike_B","Strike_B","Defend_B","Defend_B","Defend_B","Defend_B","Zap","Dualcast","Buffer","Hologram","All For One","Undo","Glacier","Glacier","Beam Cell","Capacitor","Static Discharge","Seek","Capacitor","Conserve Battery","Beam Cell+1"],"relics":["Cracked Core","Blue Candle","Letter Opener","Tiny Chest","PreservedInsect","Bag of Marbles","Red Mask","Nloth\u0027s Gift"],"potions_floor_usage":[6,10,16],"damage_taken":[{"damage":0,"enemies":"Small Slimes","floor":1,"turns":4},{"damage":1,"enemies":"Cultist","floor":2,"turns":4},{"damage":6,"enemies":"Jaw Worm","floor":4,"turns":3},{"damage":10,"enemies":"Exordium Wildlife","floor":5,"turns":6},{"damage":18,"enemies":"Lagavulin","floor":6,"turns":10},{"damage":5,"enemies":"3 Sentries","floor":10,"turns":12},{"damage":0,"enemies":"Looter","floor":14,"turns":2},{"damage":30,"enemies":"Hexaghost","floor":16,"turns":13},{"damage":27,"enemies":"Shell Parasite","floor":18,"turns":18},{"damage":65,"enemies":"Masked Bandits","floor":19,"turns":6},{"damage":16,"enemies":"Spheric Guardian","floor":21,"turns":7},{"damage":14,"enemies":"Snake Plant","floor":22,"turns":2}],"seed_played":"-8964993393508721621","potions_obtained":[{"floor":2,"key":"PowerPotion"},{"floor":6,"key":"SteroidPotion"},{"floor":14,"key":"Fire Potion"}],"is_trial":false,"path_per_floor":["M","M","?","M","M","E","R","?","T","E","$","?","T","M","R","B",null,"M","?","?","M","M"],"character_chosen":"DEFECT","items_purchased":["PreservedInsect","Capacitor"],"campfire_rested":2,"item_purchase_floors":[11,11],"current_hp_per_floor":[75,74,74,68,58,40,62,67,67,62,62,62,62,62,80,50,80,53,30,30,14,0],"gold":238,"neow_bonus":"ONE_RANDOM_RARE_CARD","is_prod":false,"is_daily":false,"chose_seed":false,"campfire_upgraded":0,"win_rate":0.0,"timestamp":1547659763,"path_taken":["M","M","?","M","?","E","R","?","T","E","?","?","?","M","R","BOSS","M","?","?","?","M"],"build_version":"2019-01-10","purchased_purges":0,"victory":false,"max_hp_per_floor":[75,75,75,75,75,75,75,80,80,80,80,80,80,80,80,80,80,80,80,80,80,80],"card_choices":[{"not_picked":["Redo","Steam"],"picked":"Hologram","floor":1},{"not_picked":["Rebound","Recycle"],"picked":"All For One","floor":2},{"not_picked":["Steam","Streamline"],"picked":"Undo","floor":4},{"not_picked":["Beam Cell","Sunder"],"picked":"Glacier","floor":5},{"not_picked":["Leap","Compile Driver"],"picked":"Glacier","floor":6},{"not_picked":["Hello World","Rebound"],"picked":"Beam Cell","floor":10},{"not_picked":["Gash","Scrape"],"picked":"Static Discharge","floor":14},{"not_picked":["Creative AI","Meteor Strike"],"picked":"Seek","floor":16},{"not_picked":["Sweeping Beam+1","Recycle"],"picked":"Capacitor","floor":18},{"not_picked":["Force Field+1","Sweeping Beam"],"picked":"Conserve Battery","floor":19},{"not_picked":["Recycle","Gash+1"],"picked":"Beam Cell+1","floor":21}],"player_experience":184785,"relics_obtained":[{"floor":6,"key":"Blue Candle"},{"floor":9,"key":"Letter Opener"},{"floor":10,"key":"Tiny Chest"},{"floor":13,"key":"Bag of Marbles"},{"floor":19,"key":"Red Mask"}],"event_choices":[{"damage_healed":0,"gold_gain":0,"player_choice":"Bought 0 Potions","damage_taken":0,"max_hp_gain":0,"max_hp_loss":0,"event_name":"The Woman in Blue","floor":3,"gold_loss":0},{"damage_healed":0,"gold_gain":0,"player_choice":"Donut","damage_taken":0,"max_hp_gain":5,"max_hp_loss":0,"event_name":"Big Fish","floor":8,"gold_loss":0},{"damage_healed":0,"gold_gain":0,"player_choice":"Fled","damage_taken":0,"max_hp_gain":0,"max_hp_loss":0,"event_name":"Scrap Ooze","floor":12,"gold_loss":0},{"damage_healed":0,"gold_gain":0,"player_choice":"Fought Bandits","damage_taken":0,"max_hp_gain":0,"max_hp_loss":0,"event_name":"Masked Bandits","floor":19,"gold_loss":0},{"damage_healed":0,"gold_gain":0,"player_choice":"Traded Relic","damage_taken":0,"relics_obtained":["Nloth\u0027s Gift"],"max_hp_gain":0,"max_hp_loss":0,"event_name":"N\u0027loth","floor":20,"relics_lost":["Lizard Tail"],"gold_loss":0}],"is_beta":false,"boss_relics":[{"not_picked":["Fusion Hammer","Sozu"],"picked":"Lizard Tail"}],"items_purged_floors":[],"is_endless":false,"potions_floor_spawned":[2,6,14],"killed_by":"Snake Plant","ascension_level":0}