{"gold_per_floor":[110,110,124,136,159,191,203,214,240,240,251,251,270,270,270,367,367,382,382,393,412,427,427,17,17,17,28,28],"floor_reached":28,"playtime":7231,"items_purged":[],"score":224,"play_id":"9856b726-663e-406b-8bf5-eec31f6fd4b4","local_time":"20181226152625","is_ascension_mode":false,"campfire_choices":[{"floor":10.0,"key":"REST"},{"floor":12.0,"key":"REST"},{"floor":15.0,"key":"REST"},{"floor":23,"key":"REST"},{"floor":25,"key":"REST"}],"neow_cost":"NONE","seed_source_timestamp":0,"circlet_count":0,"master_deck":["Defend_G","Defend_G","Defend_G","Defend_G","Defend_G","Strike_G","Strike_G","Strike_G","Strike_G","Strike_G","Survivor","Neutralize","Poisoned Stab","Predator","PiercingWail","Underhanded Strike","Dagger Spray","Noxious Fumes","Dagger Spray","Deflect","A Thousand Cuts","Sucker Punch+1","Predator","Deadly Poison","Outmaneuver","Dodge and Roll","Enlightenment","Apotheosis","Deflect+1"],"special_seed":0,"relics":["Ring of the Snake","Bag of Marbles","Meat on the Bone","Boot","Lizard Tail","Lantern","Bottled Tornado"],"potions_floor_usage":[20,21],"damage_taken":[{"damage":8.0,"enemies":"2 Louse","floor":1.0,"turns":3.0},{"damage":3.0,"enemies":"Jaw Worm","floor":3.0,"turns":3.0},{"damage":0.0,"enemies":"Cultist","floor":4.0,"turns":3.0},{"damage":22.0,"enemies":"Gremlin Nob","floor":6.0,"turns":5.0},{"damage":8.0,"enemies":"2 Fungi Beasts","floor":7.0,"turns":4.0},{"damage":22.0,"enemies":"Large Slime","floor":8.0,"turns":6.0},{"damage":20.0,"enemies":"Lots of Slimes","floor":11.0,"turns":4.0},{"damage":6.0,"enemies":"Gremlin Gang","floor":13.0,"turns":2.0},{"damage":64.0,"enemies":"Hexaghost","floor":16.0,"turns":11.0},{"damage":42.0,"enemies":"Spheric Guardian","floor":18.0,"turns":6.0},{"damage":17,"enemies":"Chosen","floor":20,"turns":5},{"damage":38,"enemies":"Shelled Parasite and Fungi","floor":21,"turns":8},{"damage":49,"enemies":"Sentry and Sphere","floor":22,"turns":7},{"damage":55,"enemies":"Centurion and Healer","floor":27,"turns":8},{"damage":28,"enemies":"Snake Plant","floor":28,"turns":3}],"seed_played":"1152113487612898920","potions_obtained":[{"floor":4.0,"key":"PowerPotion"},{"floor":8.0,"key":"Energy Potion"},{"floor":11.0,"key":"Energy Potion"},{"floor":13.0,"key":"Explosive Potion"},{"floor":27,"key":"Weak Potion"}],"is_trial":false,"path_per_floor":["M","?","M","M","T","E","M","M","T","R","M","R","M","?","R","B",null,"M","M","?","M","M","M","R","$","R","T","M","M"],"character_chosen":"THE_SILENT","items_purchased":["Lantern","Enlightenment","Apotheosis"],"campfire_rested":5,"item_purchase_floors":[24,24,24],"current_hp_per_floor":[69,69,66,66,66,44,48,38,38,61,41,64,58,58,77,25,77,47,47,42,16,25,48,48,71,71,28,0],"gold":28,"neow_bonus":"TEN_PERCENT_HP_BONUS","is_prod":false,"is_daily":false,"chose_seed":false,"campfire_upgraded":0,"win_rate":0.0,"timestamp":1545866785,"path_taken":["M","?","M","M","?","E","?","M","T","R","M","R","M","?","R","BOSS","M","?","M","M","M","R","$","R","T","?","M"],"build_version":"2018-12-20","purchased_purges":0,"victory":false,"max_hp_per_floor":[77,77,77,77,77,77,77,77,77,77,77,77,77,77,77,77,77,77,77,77,77,77,77,77,77,77,77,77],"card_choices":[{"not_picked":["Expertise","Tactician"],"picked":"Poisoned Stab","floor":1.0},{"not_picked":["Backflip","Heel Hook"],"picked":"Predator","floor":3.0},{"not_picked":["Dagger Throw","Sucker Punch"],"picked":"PiercingWail","floor":4.0},{"not_picked":["After Image","Dagger Throw"],"picked":"Underhanded Strike","floor":6.0},{"not_picked":["Dagger Throw","Deadly Poison"],"picked":"Dagger Spray","floor":7.0},{"not_picked":["Infinite Blades","Calculated Gamble"],"picked":"Noxious Fumes","floor":8.0},{"not_picked":["PiercingWail","Poisoned Stab"],"picked":"Dagger Spray","floor":11.0},{"not_picked":["PiercingWail","Wraith Form v2"],"picked":"Deflect","floor":13.0},{"not_picked":["Venomology","Tools of the Trade"],"picked":"A Thousand Cuts","floor":16.0},{"not_picked":["Slice","Outmaneuver"],"picked":"Sucker Punch+1","floor":18},{"not_picked":["Slice","Blade Dance"],"picked":"Deadly Poison","floor":20},{"not_picked":["Doppelganger","Quick Slash"],"picked":"Outmaneuver","floor":21},{"not_picked":["Reflex+1","All Out Attack"],"picked":"Dodge and Roll","floor":22},{"not_picked":["Poisoned Stab+1","Choke+1"],"picked":"Deflect+1","floor":27}],"player_experience":7137,"relics_obtained":[{"floor":5.0,"key":"Bag of Marbles"},{"floor":6.0,"key":"Meat on the Bone"},{"floor":9.0,"key":"Boot"},{"floor":26,"key":"Bottled Tornado"}],"event_choices":[{"damage_healed":0.0,"max_hp_gain":0.0,"max_hp_loss":0.0,"gold_gain":0.0,"event_name":"Liars Game","player_choice":"Ignored","floor":2.0,"gold_loss":0.0,"damage_taken":0.0},{"damage_healed":0.0,"max_hp_gain":0.0,"max_hp_loss":0.0,"gold_gain":0.0,"event_name":"Shining Light","player_choice":"Ignored","floor":14.0,"gold_loss":0.0,"damage_taken":0.0},{"damage_healed":0,"gold_gain":0,"player_choice":"Copied","damage_taken":0,"max_hp_gain":0,"max_hp_loss":0,"event_name":"Duplicator","floor":19,"gold_loss":0,"cards_obtained":["Predator"]}],"is_beta":false,"boss_relics":[{"not_picked":["Runic Pyramid","Busted Crown"],"picked":"Lizard Tail"}],"items_purged_floors":[],"is_endless":false,"potions_floor_spawned":[4,8,11,13,18,20,27],"killed_by":"Snake Plant","ascension_level":0}