{"gold_per_floor":[119,44,44,44,44,44,77,77,77,92,125,144,15,38,38,38],"floor_reached":16,"playtime":413,"items_purged":["Strike_G"],"score":266,"play_id":"21911703-6da9-44ad-8702-d818c534e3ef","local_time":"20190320103359","is_ascension_mode":true,"campfire_choices":[{"data":"Neutralize","floor":6,"key":"SMITH"},{"data":"Survivor","floor":8,"key":"SMITH"},{"data":"Calculated Gamble","floor":15,"key":"SMITH"}],"neow_cost":"NONE","seed_source_timestamp":587642027838426,"circlet_count":0,"master_deck":["AscendersBane","Defend_G","Defend_G","Defend_G+1","Defend_G","Defend_G","Strike_G","Strike_G","Strike_G","Survivor+1","Neutralize+1","Acrobatics+1","After Image","Calculated Gamble+1","Tactician","Well Laid Plans"],"relics":["Ring of the Snake","NeowsBlessing","Golden Idol","Mercury Hourglass","The Courier","Dodecahedron"],"potions_floor_usage":[11,16],"damage_taken":[{"damage":0,"enemies":"Small Slimes","floor":1,"turns":1},{"damage":0,"enemies":"3 Sentries","floor":7,"turns":2},{"damage":0,"enemies":"2 Louse","floor":10,"turns":1},{"damage":19,"enemies":"Gremlin Nob","floor":11,"turns":4},{"damage":0,"enemies":"Jaw Worm","floor":12,"turns":5},{"damage":0,"enemies":"Blue Slaver","floor":14,"turns":4},{"damage":0,"enemies":"Slime Boss","floor":16,"turns":8}],"seed_played":"-637570301085911839","potions_obtained":[{"floor":1,"key":"Fire Potion"},{"floor":14,"key":"Strength Potion"}],"is_trial":false,"path_per_floor":["M","$","?","?","?","R","E","R","T","M","E","M","$","M","R","B"],"character_chosen":"THE_SILENT","items_purchased":["Calculated Gamble","Tactician"],"campfire_rested":0,"item_purchase_floors":[13,13],"current_hp_per_floor":[59,59,39,32,32,32,32,32,32,32,13,13,13,13,13,13],"gold":38,"neow_bonus":"THREE_ENEMY_KILL","is_prod":false,"is_daily":false,"chose_seed":false,"campfire_upgraded":3,"win_rate":0,"timestamp":1553049239,"path_taken":["M","$","?","?","?","R","E","R","T","M","E","M","$","M","R","BOSS"],"build_version":"2019-03-15","purchased_purges":1,"victory":false,"max_hp_per_floor":[66,66,66,66,60,60,60,60,60,60,60,60,60,60,60,60],"card_choices":[{"not_picked":["Backstab","PiercingWail"],"picked":"Acrobatics","floor":1},{"not_picked":["Flying Knee","Slice","Quick Slash"],"picked":"SKIP","floor":7},{"not_picked":["Deflect","Dagger Spray","Blur"],"picked":"SKIP","floor":10},{"not_picked":["Slice","Sucker Punch"],"picked":"After Image","floor":11},{"not_picked":["Eviscerate","PiercingWail","Distraction"],"picked":"SKIP","floor":12},{"not_picked":["Deflect","Acrobatics"],"picked":"Well Laid Plans","floor":14}],"player_experience":2954015,"relics_obtained":[{"floor":7,"key":"Mercury Hourglass"},{"floor":9,"key":"The Courier"},{"floor":11,"key":"Dodecahedron"}],"event_choices":[{"damage_healed":0,"gold_gain":0,"player_choice":"Entered Light","damage_taken":20,"max_hp_gain":0,"max_hp_loss":0,"event_name":"Shining Light","floor":3,"gold_loss":0,"cards_upgraded":["Defend_G","Acrobatics"]},{"cards_removed":["Strike_G"],"damage_healed":0,"gold_gain":0,"player_choice":"Card Removal","damage_taken":7,"max_hp_gain":0,"max_hp_loss":0,"event_name":"Golden Wing","floor":4,"gold_loss":0},{"damage_healed":0,"gold_gain":0,"player_choice":"Lose Max HP","damage_taken":0,"relics_obtained":["Golden Idol"],"max_hp_gain":0,"max_hp_loss":6,"event_name":"Golden Idol","floor":5,"gold_loss":0}],"is_beta":true,"boss_relics":[],"items_purged_floors":[2],"is_endless":false,"potions_floor_spawned":[1,14],"killed_by":"Slime Boss","ascension_level":20}