{"gold_per_floor":[114,114,114,130,32,66,79,79,102,114,132,207,172,200,200,301,301,311,311,330,343,358,413,413,433,459,459,230,230,230,13,13,116,116,127,227,245,245,13,13,25,35,35,35,0,0,13,26,26,26],"floor_reached":50,"playtime":3889,"items_purged":["Strike_R","Decay","Strike_R","Strike_R"],"score":547,"play_id":"4b6ac56d-676e-43ee-8b43-940eca892dab","local_time":"20190912074734","is_ascension_mode":false,"campfire_choices":[{"floor":8,"key":"REST"},{"floor":15,"key":"REST"},{"floor":24,"key":"REST"},{"floor":27,"key":"REST"},{"floor":32,"key":"REST"},{"data":"Mind Blast","floor":40,"key":"SMITH"},{"floor":44,"key":"REST"},{"floor":49,"key":"REST"}],"neow_cost":"NONE","seed_source_timestamp":304489259000,"circlet_count":0,"master_deck":["Defend_R","Defend_R","Defend_R","Defend_R","Bash","Dramatic Entrance","Seeing Red","Armaments","Pommel Strike","Body Slam","Seeing Red","Power Through","Battle Trance","Feed","Reaper","Headbutt","Flame Barrier","Evolve","Bludgeon","Iron Wave+1","Ghostly Armor","Shrug It Off","Rage","Offering","Shrug It Off","Armaments+1","Mind Blast+1","Cleave+1","Rampage+1","Normality","Shrug It Off+1","Shrug It Off"],"relics":["Burning Blood","Vajra","Letter Opener","Strawberry","WingedGreaves","Cursed Key","NlothsMask","Tiny Chest","Mark of Pain","Bag of Marbles","Red Mask"],"potions_floor_usage":[16,16,20,22,23,33,42,50,50,50,50,50,50,50,50,50],"damage_taken":[{"damage":1,"enemies":"Cultist","floor":1,"turns":3},{"damage":8,"enemies":"Jaw Worm","floor":4,"turns":6},{"damage":64,"enemies":"Lagavulin","floor":6,"turns":10},{"damage":0,"enemies":"Small Slimes","floor":7,"turns":3},{"damage":0,"enemies":"Looter","floor":10,"turns":2},{"damage":0,"enemies":"Lots of Slimes","floor":11,"turns":2},{"damage":35,"enemies":"3 Sentries","floor":14,"turns":6},{"damage":48,"enemies":"The Guardian","floor":16,"turns":12},{"damage":15,"enemies":"2 Thieves","floor":18,"turns":3},{"damage":0,"enemies":"Chosen","floor":20,"turns":4},{"damage":31,"enemies":"Shelled Parasite and Fungi","floor":21,"turns":9},{"damage":5,"enemies":"Snecko","floor":22,"turns":5},{"damage":69,"enemies":"Book of Stabbing","floor":23,"turns":8},{"damage":24,"enemies":"3 Cultists","floor":25,"turns":7},{"damage":81,"enemies":"Champ","floor":33,"turns":17},{"damage":6,"enemies":"Orb Walker","floor":35,"turns":4},{"damage":38,"enemies":"3 Darklings","floor":37,"turns":8},{"damage":9,"enemies":"4 Shapes","floor":41,"turns":4},{"damage":41,"enemies":"Transient","floor":42,"turns":5},{"damage":15,"enemies":"Writhing Mass","floor":47,"turns":6},{"damage":24,"enemies":"Sphere and 2 Shapes","floor":48,"turns":6},{"damage":106,"enemies":"Donu and Deca","floor":50,"turns":13}],"seed_played":"8888628348677212766","potions_obtained":[{"floor":1,"key":"Swift Potion"},{"floor":4,"key":"Dexterity Potion"},{"floor":10,"key":"SkillPotion"},{"floor":21,"key":"AttackPotion"},{"floor":22,"key":"GamblersBrew"},{"floor":33,"key":"SpeedPotion"},{"floor":35,"key":"SteroidPotion"},{"floor":37,"key":"SkillPotion"},{"floor":48,"key":"EntropicBrew"}],"is_trial":false,"path_per_floor":["M","?","?","M","$","E","M","R","T","M","M","?","?","E","R","B",null,"M","?","M","M","M","E","R","M","T","R","$","?","?","$","R","B",null,"M","?","M","?","$","R","M","M","T","R","?","$","M","M","R","B"],"character_chosen":"IRONCLAD","items_purchased":["Pommel Strike","Ghostly Armor","Block Potion","Shrug It Off","Rage","Mind Blast"],"campfire_rested":7,"item_purchase_floors":[5,28,28,31,31,39],"current_hp_per_floor":[80,77,77,75,75,17,23,47,54,60,66,55,76,47,73,31,87,84,84,87,65,71,16,43,40,40,67,67,67,49,49,78,8,98,98,98,73,73,73,73,89,54,54,84,84,84,78,63,94,0],"gold":26,"neow_bonus":"RANDOM_COLORLESS","is_prod":false,"is_daily":false,"chose_seed":false,"campfire_upgraded":1,"win_rate":0,"timestamp":1568245654,"path_taken":["M","?","?","M","$","E","M","R","T","?","M","?","?","E","R","BOSS","M","?","?","M","?","E","R","M","T","R","$","?","?","?","R","BOSS","M","?","?","?","$","R","M","M","T","R","?","$","M","M","R","BOSS"],"build_version":"2019-07-17","purchased_purges":4,"victory":false,"max_hp_per_floor":[80,80,80,80,80,80,80,80,87,87,87,87,87,87,87,87,87,87,87,87,90,90,93,93,93,93,93,93,93,98,98,98,98,98,98,98,98,98,98,98,102,102,102,102,102,102,102,105,105,105],"card_choices":[{"not_picked":["Whirlwind","Rupture"],"picked":"Seeing Red","floor":1},{"not_picked":["Searing Blow","Warcry"],"picked":"Armaments","floor":4},{"not_picked":["Searing Blow","Bludgeon"],"picked":"Body Slam","floor":6},{"not_picked":["Armaments","Body Slam"],"picked":"Seeing Red","floor":7},{"not_picked":["Wild Strike","Havoc"],"picked":"Power Through","floor":10},{"not_picked":["Wild Strike","Fire Breathing"],"picked":"Battle Trance","floor":11},{"not_picked":["Metallicize","Uppercut"],"picked":"Feed","floor":14},{"not_picked":["Double Tap","Exhume"],"picked":"Reaper","floor":16},{"not_picked":["Flex","Wild Strike"],"picked":"Headbutt","floor":18},{"not_picked":["Reckless Charge","Infernal Blade"],"picked":"Flame Barrier","floor":20},{"not_picked":["Clothesline","Twin Strike","Flex"],"picked":"SKIP","floor":21},{"not_picked":["Iron Wave","Wild Strike"],"picked":"Evolve","floor":22},{"not_picked":["True Grit","Warcry+1"],"picked":"Bludgeon","floor":23},{"not_picked":["Whirlwind","Clash"],"picked":"Iron Wave+1","floor":25},{"not_picked":["Reaper","Demon Form"],"picked":"Offering","floor":33},{"not_picked":["Uppercut","Thunderclap+1"],"picked":"Shrug It Off","floor":35},{"not_picked":["Whirlwind","Feed"],"picked":"Armaments+1","floor":37},{"not_picked":["Havoc","Entrench"],"picked":"Cleave+1","floor":41},{"not_picked":["Armaments","Shockwave"],"picked":"Rampage+1","floor":42},{"not_picked":["Sword Boomerang","Cleave+1"],"picked":"Shrug It Off+1","floor":47},{"not_picked":["Seeing Red","Heavy Blade+1"],"picked":"Shrug It Off","floor":48}],"player_experience":349619,"relics_obtained":[{"floor":6,"key":"Letter Opener"},{"floor":9,"key":"Strawberry"},{"floor":14,"key":"WingedGreaves"},{"floor":23,"key":"Tiny Chest"},{"floor":43,"key":"Bag of Marbles"}],"event_choices":[{"damage_healed":0,"gold_gain":0,"player_choice":"Success","damage_taken":3,"relics_obtained":["Vajra"],"max_hp_gain":0,"max_hp_loss":0,"event_name":"Scrap Ooze","floor":2,"gold_loss":0},{"cards_removed":["Strike_R"],"damage_healed":0,"gold_gain":0,"player_choice":"Offered Basic","damage_taken":0,"max_hp_gain":0,"max_hp_loss":0,"event_name":"Bonfire Elementals","floor":3,"gold_loss":0},{"damage_healed":0,"gold_gain":75,"player_choice":"Gather Gold","damage_taken":11,"max_hp_gain":0,"max_hp_loss":0,"event_name":"World of Goop","floor":12,"gold_loss":0},{"damage_healed":21,"gold_gain":0,"player_choice":"Healed","damage_taken":0,"max_hp_gain":0,"max_hp_loss":0,"event_name":"The Cleric","floor":13,"gold_loss":35},{"damage_healed":0,"gold_gain":0,"player_choice":"Trade","damage_taken":0,"relics_obtained":["NlothsMask"],"max_hp_gain":0,"max_hp_loss":0,"event_name":"FaceTrader","floor":19,"gold_loss":0},{"cards_removed":["Strike_R"],"damage_healed":0,"gold_gain":0,"player_choice":"Elegance","damage_taken":0,"max_hp_gain":0,"max_hp_loss":0,"event_name":"Back to Basics","floor":29,"gold_loss":0},{"damage_healed":0,"gold_gain":0,"player_choice":"Shed Blood","damage_taken":23,"max_hp_gain":5,"max_hp_loss":0,"event_name":"Forgotten Altar","floor":30,"gold_loss":0},{"damage_healed":0,"gold_gain":100,"player_choice":"Pray","damage_taken":0,"max_hp_gain":0,"max_hp_loss":0,"event_name":"Golden Shrine","floor":36,"gold_loss":0},{"damage_healed":0,"gold_gain":0,"player_choice":"Ignored","damage_taken":0,"max_hp_gain":0,"max_hp_loss":0,"event_name":"Mysterious Sphere","floor":38,"gold_loss":0},{"damage_healed":0,"gold_gain":0,"player_choice":"Paid","damage_taken":0,"relics_obtained":["Red Mask"],"max_hp_gain":0,"max_hp_loss":0,"event_name":"Tomb of Lord Red Mask","floor":45,"gold_loss":35}],"is_beta":false,"boss_relics":[{"not_picked":["Empty Cage","Eternal Feather"],"picked":"Cursed Key"},{"not_picked":["Fusion Hammer","Calling Bell"],"picked":"Mark of Pain"}],"items_purged_floors":[5,28,31,39],"is_endless":false,"potions_floor_spawned":[1,4,10,21,22,33,35,37,48],"killed_by":"Donu and Deca","ascension_level":0}