{"gold_per_floor":[110,110,128,139,64,64,75,75,124,136,152,179,79,154,154,228,228,244,259,37,57,70,70,102,115,115,140,140,140,171,191,191,268,268,281,3,3,14,14,49,62,94,94,122,122,132,167,179,179,179,179,179,179,12,37,37],"floor_reached":57,"playtime":2228,"items_purged":["Strike_G","Strike_G","Predator"],"score":3693,"play_id":"adb2aa59-fee3-40ef-bb1d-c2c4e1c56510","local_time":"20190822083931","is_ascension_mode":true,"campfire_choices":[{"data":"Well Laid Plans","floor":6.0,"key":"SMITH"},{"data":"Acrobatics","floor":8.0,"key":"SMITH"},{"data":"Flechettes","floor":15.0,"key":"SMITH"},{"data":"Tactician","floor":23.0,"key":"SMITH"},{"data":"Prepared","floor":29.0,"key":"SMITH"},{"floor":32.0,"key":"RECALL"},{"data":"After Image","floor":45.0,"key":"SMITH"},{"data":"After Image","floor":49.0,"key":"SMITH"},{"data":"After Image","floor":53.0,"key":"SMITH"}],"neow_cost":"CURSE","seed_source_timestamp":34741493079822,"circlet_count":0,"master_deck":["AscendersBane","Survivor+1","Neutralize","After Image+1","Well Laid Plans+1","Tactician+1","Acrobatics+1","Flechettes+1","Adrenaline+1","Backflip+1","Terror+1","Acrobatics+1","Prepared+1","After Image+1","After Image","After Image+1"],"special_seed":0,"relics":["Ring of the Snake","Oddly Smooth Stone","Bag of Preparation","Pandora\u0027s Box","Medical Kit","Prayer Wheel","Paper Crane","Happy Flower","Lantern","Black Star","Molten Egg 2","Pear","War Paint","Gremlin Horn","Blue Candle","Centennial Puzzle","Bronze Scales","Boot","Tingsha","Letter Opener"],"potions_floor_usage":[],"damage_taken":[{"damage":5.0,"enemies":"Jaw Worm","floor":1.0,"turns":8.0},{"damage":6.0,"enemies":"Cultist","floor":3.0,"turns":6.0},{"damage":4.0,"enemies":"Small Slimes","floor":4.0,"turns":4.0},{"damage":3.0,"enemies":"2 Fungi Beasts","floor":7.0,"turns":6.0},{"damage":0.0,"enemies":"Looter","floor":10.0,"turns":4.0},{"damage":2.0,"enemies":"Blue Slaver","floor":11.0,"turns":4.0},{"damage":15.0,"enemies":"Lagavulin","floor":12.0,"turns":8.0},{"damage":0.0,"enemies":"The Guardian","floor":16.0,"turns":12.0},{"damage":5.0,"enemies":"Shell Parasite","floor":18.0,"turns":4.0},{"damage":7.0,"enemies":"Spheric Guardian","floor":19.0,"turns":3.0},{"damage":0.0,"enemies":"Centurion and Healer","floor":21.0,"turns":4.0},{"damage":0.0,"enemies":"Snecko","floor":22.0,"turns":2.0},{"damage":0.0,"enemies":"Book of Stabbing","floor":24.0,"turns":3.0},{"damage":0.0,"enemies":"Snake Plant","floor":25.0,"turns":1.0},{"damage":0.0,"enemies":"Gremlin Leader","floor":27.0,"turns":1.0},{"damage":0.0,"enemies":"Book of Stabbing","floor":30.0,"turns":1.0},{"damage":0.0,"enemies":"Chosen and Byrds","floor":31.0,"turns":1.0},{"damage":0.0,"enemies":"Champ","floor":33.0,"turns":1.0},{"damage":0.0,"enemies":"3 Darklings","floor":35.0,"turns":1.0},{"damage":0.0,"enemies":"Orb Walker","floor":38.0,"turns":1.0},{"damage":0.0,"enemies":"Giant Head","floor":40.0,"turns":1.0},{"damage":0.0,"enemies":"Transient","floor":41.0,"turns":6.0},{"damage":0.0,"enemies":"Nemesis","floor":42.0,"turns":1.0},{"damage":0.0,"enemies":"Reptomancer","floor":44.0,"turns":1.0},{"damage":0.0,"enemies":"Jaw Worm Horde","floor":46.0,"turns":1.0},{"damage":0.0,"enemies":"Giant Head","floor":47.0,"turns":1.0},{"damage":0.0,"enemies":"4 Shapes","floor":48.0,"turns":1.0},{"damage":0.0,"enemies":"Donu and Deca","floor":50.0,"turns":1.0},{"damage":0.0,"enemies":"Time Eater","floor":51.0,"turns":6.0},{"damage":0,"enemies":"Shield and Spear","floor":55,"turns":2},{"damage":0,"enemies":"The Heart","floor":56,"turns":4}],"seed_played":"6438628008987782258","potions_obtained":[{"floor":1.0,"key":"PowerPotion"},{"floor":4.0,"key":"GhostInAJar"},{"floor":10.0,"key":"Swift Potion"}],"is_trial":false,"path_per_floor":["M","?","M","M","$","R","M","R","T","M","M","E","$","?","R","B",null,"M","M","$","M","M","R","E","M","T","E","?","R","E","M","R","B",null,"M","$","?","M","?","E","M","E","T","E","R","M","E","M","R","B","B",null,"R","$","E","B",null],"character_chosen":"THE_SILENT","items_purchased":["Medical Kit","After Image","Boot"],"campfire_rested":0,"item_purchase_floors":[20,36,54],"current_hp_per_floor":[54,54,48,44,44,44,41,41,41,41,39,24,24,13,13,13,53,48,41,41,41,41,41,41,41,41,41,41,41,41,41,41,41,60,60,60,60,60,60,70,70,70,70,70,70,70,70,70,70,70,70,75,75,75,75,75],"gold":37,"neow_bonus":"THREE_RARE_CARDS","is_prod":false,"is_daily":false,"chose_seed":false,"campfire_upgraded":8,"win_rate":0,"timestamp":1566430771,"path_taken":["M","?","?","M","$","R","M","R","T","M","M","E","?","?","R","BOSS","M","M","$","M","M","R","E","M","T","E","?","R","E","M","R","BOSS","M","$","?","M","?","E","M","E","T","E","R","M","E","M","R","BOSS","BOSS","R","$","E","BOSS"],"build_version":"2019-07-17","purchased_purges":3,"victory":true,"max_hp_per_floor":[66,66,66,66,66,66,66,66,66,66,66,66,66,66,66,66,66,66,66,66,66,66,66,66,66,66,66,66,66,66,66,66,66,66,66,66,66,66,66,76,76,76,76,76,76,76,76,76,76,76,76,76,76,76,76,76],"card_choices":[{"not_picked":["Malaise","Adrenaline"],"picked":"After Image","floor":0.0},{"not_picked":["Poisoned Stab","All Out Attack"],"picked":"Well Laid Plans","floor":1.0},{"not_picked":["Dodge and Roll","Slice","Blade Dance"],"picked":"SKIP","floor":3.0},{"not_picked":["Predator","Dagger Throw"],"picked":"Tactician","floor":4.0},{"not_picked":["Outmaneuver","Cloak And Dagger"],"picked":"Acrobatics","floor":7.0},{"not_picked":["Blade Dance","Crippling Poison"],"picked":"Predator","floor":10.0},{"not_picked":["Riddle With Holes","Accuracy"],"picked":"Flechettes","floor":11.0},{"not_picked":["PiercingWail","Infinite Blades","Slice"],"picked":"SKIP","floor":12.0},{"not_picked":["Bullet Time","Malaise"],"picked":"Adrenaline","floor":16.0},{"not_picked":["Outmaneuver","Well Laid Plans","Catalyst"],"picked":"SKIP","floor":18.0},{"not_picked":["Blur","Underhanded Strike+1"],"picked":"Backflip","floor":19.0},{"not_picked":["Deflect","Unload"],"picked":"Terror+1","floor":21.0},{"not_picked":["Outmaneuver","Deadly Poison","Bane"],"picked":"SKIP","floor":22.0},{"not_picked":["Footwork+1","Dodge and Roll"],"picked":"Acrobatics+1","floor":24.0},{"not_picked":["Bane","Acrobatics"],"picked":"Prepared","floor":25.0},{"not_picked":["Outmaneuver","Terror","Dagger Throw+1"],"picked":"SKIP","floor":25.0},{"not_picked":["Slice+1","Die Die Die","Unload"],"picked":"SKIP","floor":27.0},{"not_picked":["Blur+1","PiercingWail","Deflect"],"picked":"SKIP","floor":30.0},{"not_picked":["Distraction","Sucker Punch","Terror+1"],"picked":"SKIP","floor":31.0},{"not_picked":["Dagger Throw","Well Laid Plans","Accuracy"],"picked":"SKIP","floor":31.0},{"not_picked":["Glass Knife","Storm of Steel"],"picked":"After Image","floor":33.0},{"not_picked":["Slice","Outmaneuver","Bouncing Flask"],"picked":"SKIP","floor":35.0},{"not_picked":["PiercingWail+1","Well Laid Plans","Slice"],"picked":"SKIP","floor":35.0},{"not_picked":["Crippling Poison","Backflip","Finisher"],"picked":"SKIP","floor":38.0},{"not_picked":["Bouncing Flask+1","Catalyst","Acrobatics"],"picked":"SKIP","floor":38.0},{"not_picked":["Concentrate","Dagger Throw","Flechettes"],"picked":"SKIP","floor":40.0},{"not_picked":["Well Laid Plans+1","PiercingWail","Caltrops"],"picked":"SKIP","floor":41.0},{"not_picked":["Accuracy+1","Quick Slash+1","Blade Dance+1"],"picked":"SKIP","floor":41.0},{"not_picked":["Finisher+1","Bouncing Flask+1"],"picked":"After Image","floor":42.0},{"not_picked":["Tactician","Eviscerate+1","Cloak And Dagger"],"picked":"SKIP","floor":44.0},{"not_picked":["Flying Knee+1","Endless Agony+1","Well Laid Plans+1"],"picked":"SKIP","floor":46.0},{"not_picked":["Dagger Spray+1","Bane+1","Flying Knee+1"],"picked":"SKIP","floor":46.0},{"not_picked":["Bane+1","Noxious Fumes","Skewer+1"],"picked":"SKIP","floor":47.0},{"not_picked":["Prepared","Choke+1","Finisher+1"],"picked":"SKIP","floor":48.0},{"not_picked":["Acrobatics","Infinite Blades","Prepared"],"picked":"SKIP","floor":48.0},{"not_picked":["Bane+1","Backflip","Die Die Die+1"],"picked":"SKIP","floor":55}],"player_experience":963364,"relics_obtained":[{"floor":9.0,"key":"Oddly Smooth Stone"},{"floor":12.0,"key":"Bag of Preparation"},{"floor":24.0,"key":"Prayer Wheel"},{"floor":26.0,"key":"Paper Crane"},{"floor":27.0,"key":"Happy Flower"},{"floor":30.0,"key":"Lantern"},{"floor":40.0,"key":"Molten Egg 2"},{"floor":40.0,"key":"Pear"},{"floor":42.0,"key":"War Paint"},{"floor":42.0,"key":"Gremlin Horn"},{"floor":44.0,"key":"Blue Candle"},{"floor":47.0,"key":"Centennial Puzzle"},{"floor":47.0,"key":"Bronze Scales"},{"floor":55,"key":"Tingsha"},{"floor":55,"key":"Letter Opener"}],"event_choices":[{"cards_removed":["Doubt"],"damage_healed":0.0,"max_hp_gain":0.0,"max_hp_loss":0.0,"gold_gain":0.0,"event_name":"Purifier","player_choice":"Purged","floor":2.0,"gold_loss":0.0,"damage_taken":0.0},{"damage_healed":0.0,"max_hp_gain":0.0,"max_hp_loss":0.0,"gold_gain":75.0,"event_name":"World of Goop","player_choice":"Gather Gold","floor":14.0,"gold_loss":0.0,"damage_taken":11.0},{"damage_healed":0.0,"max_hp_gain":0.0,"max_hp_loss":0.0,"gold_gain":0.0,"event_name":"Vampires","player_choice":"Ignored","floor":28.0,"gold_loss":0.0,"damage_taken":0.0},{"damage_healed":0.0,"max_hp_gain":0.0,"max_hp_loss":0.0,"gold_gain":0.0,"event_name":"SensoryStone","player_choice":"Memory 1","floor":37.0,"gold_loss":0.0,"damage_taken":0.0},{"damage_healed":0.0,"max_hp_gain":0.0,"max_hp_loss":0.0,"gold_gain":0.0,"event_name":"Upgrade Shrine","player_choice":"Upgraded","floor":39.0,"gold_loss":0.0,"damage_taken":0.0,"cards_upgraded":["Backflip"]}],"is_beta":false,"boss_relics":[{"not_picked":["Busted Crown","Ectoplasm"],"picked":"Pandora\u0027s Box"},{"not_picked":["Lizard Tail","Philosopher\u0027s Stone"],"picked":"Black Star"}],"items_purged_floors":[5,13,36],"is_endless":false,"potions_floor_spawned":[1,4,10,11,19,21,27,33,44,46,47],"ascension_level":20}