{"gold_per_floor":[111,111,159,234,248,248,281,297,322,322,335,95,110,141,141,213,213,223,123,143,157,171,171,171],"floor_reached":24,"playtime":726,"items_purged":["Strike_R","Strike_R"],"score":466,"play_id":"df7082e2-8a0d-442b-ad39-2822012308ec","local_time":"20190908110723","is_ascension_mode":true,"campfire_choices":[{"data":"Inflame","floor":6.0,"key":"SMITH"},{"data":"True Grit","floor":15.0,"key":"SMITH"},{"data":"Evolve","floor":23,"key":"SMITH"}],"neow_cost":"NONE","seed_source_timestamp":2067788985410500,"circlet_count":0,"master_deck":["AscendersBane","Strike_R","Defend_R","Defend_R","Defend_R","Defend_R","Bash","Inflame+1","Shockwave","Armaments+1","Burning Pact+1","Immolate","Second Wind","True Grit+1","Impervious","Body Slam","Evolve+1"],"special_seed":0,"relics":["Burning Blood","NeowsBlessing","Bronze Scales","Self Forming Clay","Anchor","War Paint","PreservedInsect","Empty Cage"],"potions_floor_usage":[21,24,24],"damage_taken":[{"damage":0.0,"enemies":"Jaw Worm","floor":1.0,"turns":1.0},{"damage":0.0,"enemies":"2 Louse","floor":5.0,"turns":1.0},{"damage":0.0,"enemies":"Gremlin Nob","floor":7.0,"turns":1.0},{"damage":9.0,"enemies":"Small Slimes","floor":8.0,"turns":3.0},{"damage":6.0,"enemies":"3 Louse","floor":11.0,"turns":3.0},{"damage":0.0,"enemies":"Looter","floor":13.0,"turns":2.0},{"damage":10.0,"enemies":"Lagavulin","floor":14.0,"turns":6.0},{"damage":53.0,"enemies":"The Guardian","floor":16.0,"turns":17.0},{"damage":26.0,"enemies":"Spheric Guardian","floor":18.0,"turns":6.0},{"damage":14.0,"enemies":"Shell Parasite","floor":20.0,"turns":7.0},{"damage":28,"enemies":"Cultist and Chosen","floor":21,"turns":5},{"damage":3,"enemies":"Snecko","floor":22,"turns":5},{"damage":16,"enemies":"Book of Stabbing","floor":24,"turns":2}],"seed_played":"-3152268660840561277","potions_obtained":[{"floor":1.0,"key":"Strength Potion"},{"floor":7.0,"key":"Explosive Potion"},{"floor":16.0,"key":"AttackPotion"},{"floor":21,"key":"Weak Potion"},{"floor":22,"key":"Swift Potion"}],"is_trial":false,"path_per_floor":["M","?","T","?","M","R","E","M","T","?","M","$","M","E","R","B",null,"M","$","M","M","M","R","E"],"character_chosen":"IRONCLAD","items_purchased":["War Paint"],"campfire_rested":0,"item_purchase_floors":[12],"current_hp_per_floor":[74,74,74,63,69,69,75,72,72,72,72,72,75,71,71,24,62,42,42,34,12,15,15,0],"gold":171,"neow_bonus":"THREE_ENEMY_KILL","is_prod":false,"is_daily":false,"chose_seed":false,"campfire_upgraded":3,"win_rate":0,"timestamp":1567912043,"path_taken":["M","?","?","?","M","R","E","?","T","?","M","$","M","E","R","BOSS","M","$","M","?","M","R","E"],"build_version":"2019-08-26","purchased_purges":2,"victory":false,"max_hp_per_floor":[75,75,75,75,75,75,75,75,75,75,75,75,75,75,75,75,75,75,75,75,75,75,75,75],"card_choices":[{"not_picked":["Seeing Red","Warcry"],"picked":"Inflame","floor":1.0},{"not_picked":["Metallicize","Warcry","Headbutt"],"picked":"SKIP","floor":5.0},{"not_picked":["Havoc","Perfected Strike"],"picked":"Shockwave","floor":7.0},{"not_picked":["Thunderclap","Clash"],"picked":"Armaments","floor":8.0},{"not_picked":["Fire Breathing","Twin Strike","Shockwave"],"picked":"SKIP","floor":11.0},{"not_picked":["Metallicize","Clothesline"],"picked":"Second Wind","floor":13.0},{"not_picked":["Ghostly Armor","Clash"],"picked":"True Grit","floor":14.0},{"not_picked":["Reaper","Brutality"],"picked":"Impervious","floor":16.0},{"not_picked":["Hemokinesis","Thunderclap","Shrug It Off"],"picked":"SKIP","floor":18.0},{"not_picked":["Clothesline","Metallicize","Headbutt"],"picked":"SKIP","floor":20.0},{"not_picked":["Blood for Blood","Heavy Blade"],"picked":"Body Slam","floor":21},{"not_picked":["Pummel","Iron Wave"],"picked":"Evolve","floor":22}],"player_experience":3203125,"relics_obtained":[{"floor":3.0,"key":"Bronze Scales"},{"floor":7.0,"key":"Self Forming Clay"},{"floor":9.0,"key":"Anchor"},{"floor":14.0,"key":"PreservedInsect"}],"event_choices":[{"damage_healed":0.0,"max_hp_gain":0.0,"max_hp_loss":0.0,"gold_gain":0.0,"event_name":"Liars Game","player_choice":"Ignored","floor":2.0,"gold_loss":0.0,"damage_taken":0.0},{"damage_healed":0.0,"max_hp_gain":0.0,"max_hp_loss":0.0,"gold_gain":75.0,"event_name":"World of Goop","player_choice":"Gather Gold","floor":4.0,"gold_loss":0.0,"damage_taken":11.0},{"damage_healed":0.0,"max_hp_gain":0.0,"max_hp_loss":0.0,"gold_gain":0.0,"event_name":"Match and Keep!","player_choice":"2 cards matched","floor":10.0,"gold_loss":0.0,"damage_taken":0.0,"cards_obtained":["Burning Pact","Immolate"]}],"is_beta":true,"boss_relics":[{"not_picked":["Black Blood","Black Star"],"picked":"Empty Cage"}],"items_purged_floors":[12,19],"is_endless":false,"potions_floor_spawned":[1,7,16,21,22],"killed_by":"Book of Stabbing","ascension_level":20}