{"gold_per_floor":[15,31,43,53,53,53,84,95,95,95,129,147,147,3,3,101,101,117,130,55,55,82,82,117,117,141,66,66,66,166,176,176,272,302,317,317,332,351,351,351,381,393,393,412,128,128,65,65,65,65,65,65,26,53,53],"floor_reached":56,"playtime":5168,"items_purged":["Tantrum","Strike_P","Strike_P"],"score":1403,"play_id":"a1900877-23e6-41be-beef-89e3d6280431","local_time":"20190910114231","is_ascension_mode":true,"campfire_choices":[{"data":"Devotion","floor":6.0,"key":"SMITH"},{"data":"WindmillStrike","floor":10.0,"key":"SMITH"},{"data":"EmptyMind","floor":13.0,"key":"SMITH"},{"data":"Meditate","floor":15.0,"key":"SMITH"},{"floor":23.0,"key":"REST"},{"data":"Vigilance","floor":25.0,"key":"SMITH"},{"data":"Prostrate","floor":32.0,"key":"SMITH"},{"floor":40.0,"key":"RECALL"},{"data":"DeusExMachina","floor":46.0,"key":"SMITH"},{"data":"Adaptation","floor":49.0,"key":"SMITH"},{"data":"Metaphysics","floor":52.0,"key":"SMITH"}],"neow_cost":"NO_GOLD","seed_source_timestamp":2235927997640899,"circlet_count":0,"master_deck":["Defend_P","Defend_P","Defend_P","Defend_P","Vigilance+1","WindmillStrike+1","EmptyMind+1","Devotion+1","Prostrate+1","DeusExMachina+1","Adaptation+1","Meditate+1","Metaphysics+1","Establishment","Perseverance+1","JustLucky+1","CurseOfTheBell","MasterReality+1"],"special_seed":0,"relics":["PureWater","Ice Cream","Blood Vial","Art of War","OrangePellets","Runic Pyramid","Red Mask","Eternal Feather","Gambling Chip","Blue Candle","Calling Bell","Tiny Chest","Frozen Egg 2","Pocketwatch","Sundial","StoneCalendar","White Beast Statue","Membership Card","Bronze Scales","Kunai","Oddly Smooth Stone"],"potions_floor_usage":[55,55,55],"damage_taken":[{"damage":5.0,"enemies":"Small Slimes","floor":1.0,"turns":3.0},{"damage":0.0,"enemies":"2 Louse","floor":2.0,"turns":4.0},{"damage":1.0,"enemies":"Cultist","floor":3.0,"turns":3.0},{"damage":1.0,"enemies":"Large Slime","floor":4.0,"turns":5.0},{"damage":16.0,"enemies":"3 Sentries","floor":7.0,"turns":7.0},{"damage":11.0,"enemies":"Red Slaver","floor":8.0,"turns":3.0},{"damage":8.0,"enemies":"Gremlin Nob","floor":11.0,"turns":3.0},{"damage":9.0,"enemies":"Blue Slaver","floor":12.0,"turns":4.0},{"damage":14.0,"enemies":"The Guardian","floor":16.0,"turns":10.0},{"damage":0.0,"enemies":"3 Byrds","floor":18.0,"turns":2.0},{"damage":25.0,"enemies":"2 Thieves","floor":19.0,"turns":3.0},{"damage":39.0,"enemies":"Masked Bandits","floor":22.0,"turns":3.0},{"damage":23.0,"enemies":"Slavers","floor":24.0,"turns":3.0},{"damage":4.0,"enemies":"Colosseum Slavers","floor":30.0,"turns":4.0},{"damage":7.0,"enemies":"Colosseum Nobs","floor":30.0,"turns":2.0},{"damage":1.0,"enemies":"Chosen and Byrds","floor":31.0,"turns":2.0},{"damage":0.0,"enemies":"Collector","floor":33.0,"turns":5.0},{"damage":1.0,"enemies":"3 Darklings","floor":35.0,"turns":2.0},{"damage":6.0,"enemies":"3 Shapes","floor":37.0,"turns":3.0},{"damage":4.0,"enemies":"Maw","floor":38.0,"turns":4.0},{"damage":1.0,"enemies":"Nemesis","floor":41.0,"turns":3.0},{"damage":5.0,"enemies":"Writhing Mass","floor":42.0,"turns":2.0},{"damage":14.0,"enemies":"4 Shapes","floor":44.0,"turns":3.0},{"damage":34.0,"enemies":"Time Eater","floor":50.0,"turns":7.0},{"damage":1,"enemies":"Shield and Spear","floor":54,"turns":2},{"damage":20,"enemies":"The Heart","floor":55,"turns":4}],"seed_played":"-7695602396555627578","potions_obtained":[{"floor":3.0,"key":"EssenceOfSteel"},{"floor":7.0,"key":"LiquidBronze"},{"floor":8.0,"key":"Weak Potion"},{"floor":12.0,"key":"Poison Potion"},{"floor":16.0,"key":"Explosive Potion"},{"floor":18.0,"key":"Weak Potion"},{"floor":22.0,"key":"Energy Potion"},{"floor":30.0,"key":"Block Potion"},{"floor":35.0,"key":"PowerPotion"},{"floor":37.0,"key":"Weak Potion"},{"floor":44.0,"key":"Ancient Potion"},{"floor":54,"key":"DuplicationPotion"}],"is_trial":false,"path_per_floor":["M","M","M","M","?","R","E","M","T","R","E","M","R","$","R","B",null,"M","M","$","?","?","R","E","R","T","?","?","?","?","M","R","B",null,"M","?","M","M","?","R","E","M","T","M","$","R","$","T","R","B",null,"R","$","E","B",null],"character_chosen":"WATCHER","items_purchased":["OrangePellets","Membership Card","Bronze Scales","GamblersBrew"],"campfire_rested":1,"item_purchase_floors":[14,45,45,53],"current_hp_per_floor":[60,60,59,58,63,63,47,36,36,36,30,23,23,23,23,11,70,70,45,45,45,8,29,8,17,17,17,40,40,33,34,43,45,70,69,69,64,62,62,70,69,65,65,53,53,62,62,62,70,36,70,70,70,69,50],"gold":53,"neow_bonus":"TRANSFORM_TWO_CARDS","is_prod":false,"is_daily":false,"chose_seed":false,"campfire_upgraded":9,"win_rate":1,"timestamp":1568086951,"path_taken":["M","M","M","M","?","R","E","M","T","R","E","M","R","$","R","BOSS","M","M","$","?","?","R","E","R","T","?","?","?","?","?","R","BOSS","M","?","?","M","?","R","E","M","T","?","$","R","?","?","R","BOSS","R","$","E","BOSS"],"build_version":"2019-09-09v2","purchased_purges":3,"victory":true,"max_hp_per_floor":[65,65,65,65,70,70,70,70,70,70,70,70,70,70,70,70,70,70,70,70,70,70,70,70,70,70,70,70,70,70,70,70,70,70,70,70,70,70,70,70,70,70,70,70,70,70,70,70,70,70,70,70,70,70,70],"card_choices":[{"not_picked":["ClearTheMind","JustLucky"],"picked":"EmptyMind","floor":1.0},{"not_picked":["Weave","Scrawl"],"picked":"Devotion","floor":2.0},{"not_picked":["Weave","ThirdEye"],"picked":"Prostrate","floor":3.0},{"not_picked":["Vengeance","FlyingSleeves"],"picked":"DeusExMachina","floor":4.0},{"not_picked":["SandsOfTime","JustLucky"],"picked":"Adaptation","floor":7.0},{"not_picked":["ClearTheMind","Vault","FlurryOfBlows"],"picked":"SKIP","floor":8.0},{"not_picked":["FlyingSleeves","SignatureMove","CutThroughFate"],"picked":"SKIP","floor":11.0},{"not_picked":["CutThroughFate","FollowUp"],"picked":"Meditate","floor":12.0},{"not_picked":["Vault","Pray"],"picked":"Metaphysics","floor":16.0},{"not_picked":["FearNoEvil+1","EmptyBody"],"picked":"Establishment","floor":18.0},{"not_picked":["BowlingBash","Sanctity","FlyingSleeves"],"picked":"SKIP","floor":19.0},{"not_picked":["DevaForm","Evaluate+1"],"picked":"Perseverance+1","floor":24.0},{"not_picked":["CrushJoints+1","EmptyFist+1"],"picked":"JustLucky+1","floor":30.0},{"not_picked":["Weave","Establishment","JustLucky"],"picked":"SKIP","floor":31.0},{"not_picked":["FlyingSleeves","BowlingBash","ThirdEye+1"],"picked":"SKIP","floor":35.0},{"not_picked":["Evaluate+1","FlyingSleeves","FearNoEvil+1"],"picked":"SKIP","floor":37.0},{"not_picked":["EmptyMind+1","Worship+1","FlurryOfBlows"],"picked":"SKIP","floor":38.0},{"not_picked":["JustLucky","Vengeance+1"],"picked":"MasterReality+1","floor":41.0},{"not_picked":["Weave+1","Consecrate","CutThroughFate"],"picked":"SKIP","floor":42.0},{"not_picked":["FollowUp+1","BowlingBash+1","Sanctity+1"],"picked":"SKIP","floor":44.0},{"not_picked":["TalkToTheHand","DeceiveReality","MasterReality+1"],"picked":"SKIP","floor":54}],"player_experience":3229586,"relics_obtained":[{"floor":7.0,"key":"Ice Cream"},{"floor":9.0,"key":"Blood Vial"},{"floor":11.0,"key":"Art of War"},{"floor":22.0,"key":"Red Mask"},{"floor":24.0,"key":"Eternal Feather"},{"floor":30.0,"key":"Gambling Chip"},{"floor":30.0,"key":"Blue Candle"},{"floor":34.0,"key":"Tiny Chest"},{"floor":34.0,"key":"Frozen Egg 2"},{"floor":34.0,"key":"Pocketwatch"},{"floor":41.0,"key":"StoneCalendar"},{"floor":43.0,"key":"White Beast Statue"},{"floor":48.0,"key":"Kunai"},{"floor":54,"key":"Oddly Smooth Stone"}],"event_choices":[{"damage_healed":0.0,"max_hp_gain":5.0,"max_hp_loss":0.0,"gold_gain":0.0,"event_name":"Big Fish","player_choice":"Donut","floor":5.0,"gold_loss":0.0,"damage_taken":0.0},{"damage_healed":0.0,"max_hp_gain":0.0,"max_hp_loss":0.0,"gold_gain":0.0,"event_name":"Masked Bandits","player_choice":"Fought Bandits","floor":22.0,"gold_loss":0.0,"damage_taken":0.0},{"cards_removed":["Eruption"],"damage_healed":0.0,"max_hp_gain":0.0,"max_hp_loss":0.0,"gold_gain":0.0,"event_name":"Beggar","player_choice":"Gave Gold","floor":27.0,"gold_loss":75.0,"damage_taken":0.0},{"damage_healed":23.0,"max_hp_gain":0.0,"max_hp_loss":0.0,"gold_gain":0.0,"event_name":"The Library","player_choice":"Heal","floor":28.0,"gold_loss":0.0,"damage_taken":0.0},{"damage_healed":0.0,"max_hp_gain":0.0,"max_hp_loss":0.0,"gold_gain":0.0,"event_name":"The Mausoleum","player_choice":"Ignored","floor":29.0,"gold_loss":0.0,"damage_taken":0.0},{"damage_healed":0.0,"max_hp_gain":0.0,"max_hp_loss":0.0,"gold_gain":0.0,"event_name":"Colosseum","player_choice":"Fight","floor":30.0,"gold_loss":0.0,"damage_taken":0.0},{"damage_healed":0.0,"max_hp_gain":0.0,"max_hp_loss":0.0,"gold_gain":0.0,"event_name":"Colosseum","player_choice":"Fought Nobs","floor":30.0,"gold_loss":0.0,"damage_taken":0.0},{"cards_removed":[],"damage_healed":0.0,"max_hp_gain":0.0,"max_hp_loss":0.0,"gold_gain":0.0,"event_name":"Fountain of Cleansing","player_choice":"Removed Curses","floor":36.0,"gold_loss":0.0,"damage_taken":0.0},{"damage_healed":0.0,"max_hp_gain":0.0,"max_hp_loss":0.0,"gold_gain":0.0,"event_name":"WeMeetAgain","player_choice":"Gave Potion","floor":39.0,"gold_loss":0.0,"damage_taken":0.0,"relics_obtained":["Sundial"]}],"is_beta":true,"boss_relics":[{"not_picked":["Ectoplasm","SacredBark"],"picked":"Runic Pyramid"},{"not_picked":["Black Star","Astrolabe"],"picked":"Calling Bell"}],"items_purged_floors":[20,45,47],"is_endless":false,"potions_floor_spawned":[3,7,8,12,16,18,22,30,35,37,44,54],"ascension_level":1}