{"gold_per_floor":[116,134,148,148,164,164,190,190,217,236,236,236,236,249,249,352,352,372,60,73,86,86,119,119,138,191,205,216,227,227,245,245,245],"floor_reached":33,"playtime":19275,"items_purged":[],"score":323,"play_id":"50ff6fa9-20da-4e2c-b4c0-e47707c90582","local_time":"20190828101130","is_ascension_mode":false,"campfire_choices":[{"data":"Armaments","floor":6,"key":"SMITH"},{"floor":8,"key":"REST"},{"data":"Bludgeon","floor":11,"key":"SMITH"},{"data":"Shrug It Off","floor":13,"key":"SMITH"},{"data":"Whirlwind","floor":15,"key":"SMITH"},{"floor":24,"key":"REST"},{"floor":30,"key":"REST"},{"floor":32,"key":"REST"}],"neow_cost":"NONE","seed_source_timestamp":308989541400866,"circlet_count":0,"master_deck":["Strike_R","Strike_R","Strike_R","Strike_R","Strike_R","Defend_R","Defend_R","Defend_R","Defend_R","Bash","Bludgeon+1","Armaments+1","Metallicize","Shrug It Off+1","Anger+1","Clothesline","Shrug It Off","Whirlwind+1","Reaper","Armaments","Shrug It Off","Carnage","Carnage","Flex","Shrug It Off","Intimidate","Dual Wield","Searing Blow","Spot Weakness+1","Sword Boomerang","Thunderclap","Juggernaut","Rage+1","Iron Wave+1","Heavy Blade","Rampage"],"relics":["Burning Blood","Bag of Preparation","Ancient Tea Set","Orrery","Mercury Hourglass","Orichalcum","Dream Catcher"],"potions_floor_usage":[7,18,23,27,29,33,33],"damage_taken":[{"damage":3,"enemies":"2 Louse","floor":1,"turns":4},{"damage":0,"enemies":"Small Slimes","floor":2,"turns":5},{"damage":0,"enemies":"Cultist","floor":3,"turns":3},{"damage":3,"enemies":"Red Slaver","floor":5,"turns":3},{"damage":34,"enemies":"Gremlin Nob","floor":7,"turns":6},{"damage":1,"enemies":"Looter","floor":10,"turns":3},{"damage":10,"enemies":"Gremlin Gang","floor":14,"turns":5},{"damage":7,"enemies":"Slime Boss","floor":16,"turns":7},{"damage":2,"enemies":"Spheric Guardian","floor":18,"turns":3},{"damage":0,"enemies":"Chosen","floor":20,"turns":4},{"damage":14,"enemies":"Snake Plant","floor":21,"turns":4},{"damage":60,"enemies":"Gremlin Leader","floor":23,"turns":12},{"damage":2,"enemies":"Snecko","floor":25,"turns":5},{"damage":45,"enemies":"Cultist and Chosen","floor":27,"turns":7},{"damage":12,"enemies":"3 Cultists","floor":28,"turns":4},{"damage":26,"enemies":"Centurion and Healer","floor":29,"turns":9},{"damage":6,"enemies":"Cultist and Chosen","floor":31,"turns":5},{"damage":85,"enemies":"Collector","floor":33,"turns":7}],"seed_played":"-6253084417609563728","potions_obtained":[{"floor":5,"key":"Weak Potion"},{"floor":7,"key":"SmokeBomb"},{"floor":10,"key":"Weak Potion"},{"floor":16,"key":"AttackPotion"},{"floor":20,"key":"SpeedPotion"},{"floor":23,"key":"SteroidPotion"},{"floor":27,"key":"Ancient Potion"},{"floor":28,"key":"Block Potion"},{"floor":31,"key":"Weak Potion"}],"is_trial":false,"path_per_floor":["M","M","M","?","M","R","E","R","T","M","R","?","R","M","R","B",null,"M","$","M","M","?","E","R","M","T","M","M","M","R","M","R","B"],"character_chosen":"IRONCLAD","items_purchased":["Mercury Hourglass","FearPotion"],"campfire_rested":4,"item_purchase_floors":[19,19],"current_hp_per_floor":[80,80,80,80,80,80,52,76,76,80,80,80,80,76,76,75,80,80,80,80,73,73,23,47,55,55,28,34,24,48,48,72,0],"gold":245,"neow_bonus":"ONE_RANDOM_RARE_CARD","is_prod":false,"is_daily":false,"chose_seed":false,"campfire_upgraded":4,"win_rate":0.0,"timestamp":1567012290,"path_taken":["M","M","M","?","M","R","E","R","T","M","R","?","R","?","R","BOSS","M","$","M","M","?","E","R","M","T","M","M","M","R","M","R","BOSS"],"build_version":"2019-07-17","purchased_purges":0,"victory":false,"max_hp_per_floor":[80,80,80,80,80,80,80,80,80,80,80,80,80,80,80,80,80,80,80,80,80,80,80,80,80,80,80,80,80,80,80,80,80],"card_choices":[{"not_picked":["Headbutt","Thunderclap"],"picked":"Armaments","floor":1},{"not_picked":["Dual Wield","Body Slam"],"picked":"Metallicize","floor":2},{"not_picked":["Uppercut","Cleave"],"picked":"Shrug It Off","floor":3},{"not_picked":["Heavy Blade","Blood for Blood"],"picked":"Anger","floor":5},{"not_picked":["Headbutt","Hemokinesis"],"picked":"Clothesline","floor":7},{"not_picked":["Sword Boomerang","Brutality"],"picked":"Shrug It Off","floor":10},{"not_picked":["Clash","Heavy Blade"],"picked":"Whirlwind","floor":14},{"not_picked":["Fiend Fire","Barricade"],"picked":"Reaper","floor":16},{"not_picked":["Headbutt","Dropkick"],"picked":"Armaments","floor":17},{"not_picked":["Pommel Strike","Sever Soul"],"picked":"Shrug It Off","floor":17},{"not_picked":["Flex","Hemokinesis"],"picked":"Carnage","floor":17},{"not_picked":["Seeing Red","Heavy Blade"],"picked":"Carnage","floor":17},{"not_picked":["Perfected Strike","Body Slam"],"picked":"Flex","floor":17},{"not_picked":["Sentinel","Twin Strike"],"picked":"Shrug It Off","floor":18},{"not_picked":["Second Wind","Sword Boomerang"],"picked":"Intimidate","floor":20},{"not_picked":["Twin Strike","Fire Breathing"],"picked":"Dual Wield","floor":21},{"not_picked":["Pommel Strike","Clash"],"picked":"Spot Weakness+1","floor":23},{"not_picked":["Infernal Blade","Second Wind"],"picked":"Sword Boomerang","floor":25},{"not_picked":["Heavy Blade","Sword Boomerang"],"picked":"Thunderclap","floor":27},{"not_picked":["Body Slam","Dual Wield"],"picked":"Juggernaut","floor":28},{"not_picked":["Warcry","Cleave+1"],"picked":"Rage+1","floor":29},{"not_picked":["Twin Strike+1","Shrug It Off+1"],"picked":"Iron Wave+1","floor":30},{"not_picked":["Shrug It Off","Havoc"],"picked":"Heavy Blade","floor":31},{"not_picked":["Perfected Strike","Dropkick+1"],"picked":"Rampage","floor":32}],"player_experience":430645,"relics_obtained":[{"floor":7,"key":"Bag of Preparation"},{"floor":9,"key":"Ancient Tea Set"},{"floor":23,"key":"Orichalcum"},{"floor":26,"key":"Dream Catcher"}],"event_choices":[{"damage_healed":0,"gold_gain":0,"player_choice":"Fled","damage_taken":0,"max_hp_gain":0,"max_hp_loss":0,"event_name":"Scrap Ooze","floor":4,"gold_loss":0},{"damage_healed":0,"gold_gain":0,"player_choice":"Upgraded","damage_taken":0,"max_hp_gain":0,"max_hp_loss":0,"event_name":"Upgrade Shrine","floor":12,"gold_loss":0,"cards_upgraded":["Anger"]},{"damage_healed":0,"gold_gain":0,"player_choice":"Read","damage_taken":0,"max_hp_gain":0,"max_hp_loss":0,"event_name":"The Library","floor":22,"gold_loss":0,"cards_obtained":["Searing Blow"]}],"is_beta":false,"boss_relics":[{"not_picked":["Astrolabe","Runic Pyramid"],"picked":"Orrery"}],"items_purged_floors":[],"is_endless":false,"potions_floor_spawned":[5,7,10,16,20,21,23,27,28,31],"killed_by":"Collector","ascension_level":0}