{"path_per_floor":["M","M","M","?","?","R","E","R","T","E","M","E","M","M","R","B",null,"M","$","M","$","M","E","R","M","T","?","R","?","E","M","R","B",null,"M","?","?","$","M","R","M","E","T","R","M","M","$","M","R","B"],"character_chosen":"DEFECT","items_purchased":["Defragment","Chill","Defragment","Bottled Lightning"],"gold_per_floor":[109,129,147,147,147,147,174,174,174,203,218,251,269,279,279,376,376,387,312,326,86,103,129,129,146,198,198,198,198,224,235,235,334,334,349,349,349,224,237,237,250,284,335,335,348,368,88,100,100,100],"floor_reached":51,"campfire_rested":1,"playtime":4563,"item_purchase_floors":[21,21,47,47],"current_hp_per_floor":[66,66,66,48,53,53,25,25,25,22,22,16,16,14,35,35,64,61,61,61,61,53,48,48,48,48,48,48,48,48,42,42,18,70,56,56,78,78,78,78,78,64,64,64,56,53,53,53,53,53],"items_purged":["Strike_B","Strike_B","Writhe"],"gold":100,"score":1065,"play_id":"82d7df14-44db-4af1-ba98-888c53c9f85c","local_time":"20180610100547","is_prod":false,"is_daily":false,"chose_seed":false,"is_ascension_mode":true,"campfire_upgraded":8,"win_rate":0,"timestamp":1528617947,"campfire_choices":[{"data":"Zap","floor":6.0,"key":"SMITH"},{"data":"Dualcast","floor":8.0,"key":"SMITH"},{"floor":15,"key":"REST"},{"data":"Defragment","floor":24,"key":"SMITH"},{"data":"Barrage","floor":28,"key":"SMITH"},{"data":"Seek","floor":32,"key":"SMITH"},{"data":"Coolheaded","floor":40,"key":"SMITH"},{"data":"Seek","floor":44,"key":"SMITH"},{"data":"Defragment","floor":49,"key":"SMITH"}],"path_taken":["BOSS","M","M","M","?","?","R","E","R","T","E","M","E","M","?","R","BOSS","M","$","M","$","M","E","R","M","T","?","R","?","E","?","R","BOSS","M","?","?","$","?","R","M","E","T","R","M","M","$","M","R","BOSS"],"build_version":"2018-06-07v3","seed_source_timestamp":0,"purchased_purges":3,"victory":true,"master_deck":["Strike_B","Defend_B","Defend_B","Defend_B","Zap+1","Dualcast+1","Conserve Battery","Compile Driver+1","Ball Lightning+1","Cold Snap","Go for the Eyes","Leap","Electrodynamics","Cold Snap","Machine Learning+1","Coolheaded+1","Capacitor","Defragment+1","Chill","Barrage+1","Seek+1","Barrage+1","Seek+1","Barrage+1","Cold Snap+1","Glacier","Defragment+1"],"max_hp_per_floor":[68,68,68,68,73,73,73,73,73,73,73,73,73,73,73,73,73,73,73,73,73,73,73,73,73,73,73,73,73,87,87,87,87,87,87,87,87,87,87,87,87,87,87,87,87,87,87,87,87,87],"relics":["Cracked Core","Cables","Happy Flower","Orichalcum","Anchor","Girya","Sozu","Dream Catcher","Oddly Smooth Stone","Mango","Inserter","Letter Opener","Whetstone","Bottled Lightning"],"card_choices":[{"not_picked":["Beam Cell","Aggregate"],"picked":"Conserve Battery","floor":1.0},{"not_picked":["White Noise","Fusion"],"picked":"Compile Driver","floor":2.0},{"not_picked":["Steam Power","Steam"],"picked":"Ball Lightning","floor":3.0},{"not_picked":["Aggregate","Coolheaded"],"picked":"Cold Snap","floor":7.0},{"not_picked":["BootSequence","Steam"],"picked":"Go for the Eyes","floor":10.0},{"not_picked":["Ball Lightning","Double Energy","Compile Driver"],"picked":"SKIP","floor":11.0},{"not_picked":["Ball Lightning","Go for the Eyes"],"picked":"Leap","floor":12},{"not_picked":["Compile Driver","Barrage"],"picked":"Electrodynamics","floor":13},{"not_picked":["Ball Lightning","Sunder"],"picked":"Cold Snap","floor":14},{"not_picked":["Hyperbeam","Thunder Strike"],"picked":"Machine Learning","floor":16},{"not_picked":["Redo","Leap"],"picked":"Coolheaded","floor":18},{"not_picked":["Stack+1","Recycle+1"],"picked":"Capacitor","floor":20},{"not_picked":["Go for the Eyes","Turbo","Recycle+1"],"picked":"SKIP","floor":22},{"not_picked":["Force Field","Machine Learning"],"picked":"Barrage","floor":23},{"not_picked":["Ball Lightning","Compile Driver","Sweeping Beam"],"picked":"SKIP","floor":25},{"not_picked":["Ball Lightning","Double Energy"],"picked":"Seek","floor":30},{"not_picked":["Ball Lightning","Scrape"],"picked":"Barrage+1","floor":31},{"not_picked":["Electrodynamics","Meteor Strike"],"picked":"Seek","floor":33},{"not_picked":["Leap+1","Steam","Redo"],"picked":"SKIP","floor":35},{"not_picked":["Steam Power+1","Streamline"],"picked":"Barrage+1","floor":39},{"not_picked":["Self Repair","Go for the Eyes","Turbo"],"picked":"SKIP","floor":41},{"not_picked":["Thunder Strike","Redo+1"],"picked":"Cold Snap+1","floor":42},{"not_picked":["Ball Lightning","White Noise+1"],"picked":"Glacier","floor":45},{"not_picked":["Ball Lightning","Stack","Conserve Battery+1"],"picked":"SKIP","floor":46},{"not_picked":["Leap","Rip and Tear+1","Barrage"],"picked":"SKIP","floor":48}],"player_experience":834019,"potions_floor_usage":[12,12],"damage_taken":[{"damage":2.0,"enemies":"Jaw Worm","floor":1.0,"turns":3.0},{"damage":0.0,"enemies":"2 Louse","floor":2.0,"turns":2.0},{"damage":0.0,"enemies":"Cultist","floor":3.0,"turns":3.0},{"damage":28.0,"enemies":"Lagavulin","floor":7.0,"turns":5.0},{"damage":3.0,"enemies":"3 Sentries","floor":10.0,"turns":3.0},{"damage":0.0,"enemies":"Exordium Thugs","floor":11.0,"turns":3.0},{"damage":6,"enemies":"Lagavulin","floor":12,"turns":3},{"damage":0,"enemies":"Looter","floor":13,"turns":3},{"damage":2,"enemies":"Exordium Wildlife","floor":14,"turns":2},{"damage":0,"enemies":"Slime Boss","floor":16,"turns":7},{"damage":3,"enemies":"Spheric Guardian","floor":18,"turns":3},{"damage":0,"enemies":"Shell Parasite","floor":20,"turns":4},{"damage":8,"enemies":"Centurion and Healer","floor":22,"turns":5},{"damage":5,"enemies":"Book of Stabbing","floor":23,"turns":6},{"damage":0,"enemies":"Chosen and Byrds","floor":25,"turns":6},{"damage":14,"enemies":"Gremlin Leader","floor":30,"turns":5},{"damage":6,"enemies":"Snake Plant","floor":31,"turns":4},{"damage":24,"enemies":"Champ","floor":33,"turns":10},{"damage":14,"enemies":"3 Shapes","floor":35,"turns":3},{"damage":0,"enemies":"Orb Walker","floor":39,"turns":3},{"damage":0,"enemies":"Maw","floor":41,"turns":6},{"damage":14,"enemies":"Nemesis","floor":42,"turns":5},{"damage":8,"enemies":"4 Shapes","floor":45,"turns":3},{"damage":3,"enemies":"3 Darklings","floor":46,"turns":4},{"damage":0,"enemies":"Maw","floor":48,"turns":5},{"damage":0,"enemies":"Donu and Deca","floor":50,"turns":8}],"relics_obtained":[{"floor":7.0,"key":"Happy Flower"},{"floor":9.0,"key":"Orichalcum"},{"floor":10.0,"key":"Anchor"},{"floor":12,"key":"Girya"},{"floor":23,"key":"Dream Catcher"},{"floor":26,"key":"Oddly Smooth Stone"},{"floor":30,"key":"Mango"},{"floor":42,"key":"Letter Opener"},{"floor":43,"key":"Whetstone"}],"event_choices":[{"event_name":"Scrap Ooze","player_choice":"success","floor":4.0,"damage_taken":18.0},{"event_name":"Big Fish","player_choice":"Donut","floor":5.0,"damage_taken":0.0},{"event_name":"Upgrade Shrine","player_choice":"Upgraded","floor":27,"damage_taken":0},{"event_name":"Drug Dealer","player_choice":"Ignored","floor":29,"damage_taken":0},{"event_name":"Mysterious Sphere","player_choice":"Ignore","floor":36,"damage_taken":0},{"event_name":"Winding Halls","player_choice":"Writhe","floor":37,"damage_taken":0}],"boss_relics":[{"not_picked":["Astrolabe","Velvet Choker"],"picked":"Sozu"},{"not_picked":["Busted Crown","Lizard Tail"],"picked":"Inserter"}],"items_purged_floors":[19,21,38],"potions_floor_spawned":[1,2,11,12,13,31,33,39,41,46],"seed_played":"3859932366697150518","ascension_level":7,"potions_obtained":[{"floor":1.0,"key":"Explosive Potion"},{"floor":2.0,"key":"Fire Potion"},{"floor":11.0,"key":"SkillPotion"},{"floor":12,"key":"SmokeBomb"},{"floor":13,"key":"GamblersBrew"}],"is_trial":false}