{"path_per_floor":["M","M","?","?","M","R","E","R","T","M","R","M","M","M","R","B"],"character_chosen":"DEFECT","items_purchased":[],"gold_per_floor":[115,131,131,131,149,149,176,176,200,212,212,232,251,270,270,373,373],"floor_reached":17,"campfire_rested":0,"playtime":1112,"item_purchase_floors":[],"current_hp_per_floor":[61,60,60,60,57,57,27,27,27,27,27,27,27,27,27,34,34],"items_purged":[],"gold":373,"score":272,"play_id":"f3d36ec3-f589-4d3a-b843-c85d3c6a6872","local_time":"20180607232630","is_prod":false,"is_daily":false,"chose_seed":false,"is_ascension_mode":true,"campfire_upgraded":4,"win_rate":0,"timestamp":1528406790,"campfire_choices":[{"data":"Zap","floor":6,"key":"SMITH"},{"data":"Dualcast","floor":8,"key":"SMITH"},{"data":"Loop","floor":11,"key":"SMITH"},{"data":"Hologram","floor":15,"key":"SMITH"}],"path_taken":["M","M","?","?","M","R","E","R","T","M","R","M","M","M","R","BOSS"],"build_version":"2018-05-31","seed_source_timestamp":8077603635640,"purchased_purges":0,"victory":false,"master_deck":["Zap+1","Dualcast+1","Go for the Eyes+1","Loop+1","Tempest","Steam","Hologram+1","Self Repair","Double Energy","Glacier","FTL","Capacitor","Lockon","Turbo","Hologram"],"max_hp_per_floor":[75,75,75,75,75,75,75,75,75,75,75,75,75,75,75,75,75],"relics":["Cracked Core","DataDisk","Whetstone","Pandora\u0027s Box"],"card_choices":[{"not_picked":["Rebound","Gash","Static Discharge"],"picked":"SKIP","floor":1},{"not_picked":["Rebound","Tempest"],"picked":"Go for the Eyes","floor":2},{"not_picked":["Storm","Barrage"],"picked":"Loop","floor":5},{"not_picked":["Conserve Battery","Streamline"],"picked":"Tempest","floor":7},{"not_picked":["Coolheaded","Stack"],"picked":"Steam","floor":10},{"not_picked":["Darkness","Sunder"],"picked":"Hologram","floor":12},{"not_picked":["Coolheaded","Redo","Darkness"],"picked":"SKIP","floor":13},{"not_picked":["Darkness","Cold Snap"],"picked":"Self Repair","floor":14}],"player_experience":802387,"potions_floor_usage":[],"damage_taken":[{"damage":7,"enemies":"Jaw Worm","floor":1,"turns":3},{"damage":1,"enemies":"Cultist","floor":2,"turns":3},{"damage":3,"enemies":"Small Slimes","floor":5,"turns":2},{"damage":30,"enemies":"3 Sentries","floor":7,"turns":7},{"damage":0,"enemies":"Blue Slaver","floor":10,"turns":2},{"damage":0,"enemies":"Large Slime","floor":12,"turns":3},{"damage":0,"enemies":"Looter","floor":13,"turns":3},{"damage":0,"enemies":"Exordium Thugs","floor":14,"turns":3},{"damage":0,"enemies":"The Guardian","floor":16,"turns":8}],"relics_obtained":[{"floor":7,"key":"DataDisk"},{"floor":9,"key":"Whetstone"}],"event_choices":[{"event_name":"Purifier","player_choice":"One Purge","floor":3,"damage_taken":0},{"event_name":"The Lab","player_choice":"Got Potions","floor":4,"damage_taken":0}],"boss_relics":[{"not_picked":["White Beast Statue","Philosopher\u0027s Stone"],"picked":"Pandora\u0027s Box"}],"items_purged_floors":[],"potions_floor_spawned":[5,12,13,16],"seed_played":"1890424487092734985","ascension_level":6,"potions_obtained":[{"floor":4,"key":"PowerPotion"},{"floor":4,"key":"Explosive Potion"},{"floor":4,"key":"FairyPotion"},{"floor":5,"key":"Poison Potion"},{"floor":13,"key":"Fire Potion"}],"is_trial":false}