{"gold_per_floor":[118,118,129,149,74,74,98,114,114,126,126,151,151,167,167,241,241,251,301,301,30,45,45,75,94,94,94,9,9],"floor_reached":29,"playtime":1055,"items_purged":["Strike_B"],"score":511,"play_id":"4599fb47-8496-4f3c-95bb-7faa63416b9c","local_time":"20190329004000","is_ascension_mode":true,"campfire_choices":[{"data":"Dualcast","floor":6.0,"key":"SMITH"},{"data":"Creative AI","floor":11.0,"key":"SMITH"},{"data":"Consume","floor":15.0,"key":"SMITH"},{"data":"Zap","floor":23,"key":"SMITH"},{"floor":27,"key":"REST"}],"neow_cost":"NONE","seed_source_timestamp":658692747744086,"circlet_count":0,"master_deck":["AscendersBane","Strike_B","Strike_B","Strike_B","Defend_B","Defend_B","Defend_B","Defend_B","Zap+1","Dualcast+1","Glacier","Creative AI+1","Compile Driver","Reinforced Body","Consume+1","Echo Form","Core Surge","Conserve Battery"],"special_seed":0,"relics":["Cracked Core","Odd Mushroom","Girya","Cursed Key","Mummified Hand","Bag of Marbles","Mango"],"potions_floor_usage":[24,29],"damage_taken":[{"damage":7.0,"enemies":"Jaw Worm","floor":1.0,"turns":3.0},{"damage":0.0,"enemies":"2 Louse","floor":3.0,"turns":2.0},{"damage":0.0,"enemies":"Cultist","floor":4.0,"turns":4.0},{"damage":13.0,"enemies":"The Mushroom Lair","floor":7.0,"turns":6.0},{"damage":11.0,"enemies":"Large Slime","floor":8.0,"turns":14.0},{"damage":9.0,"enemies":"Looter","floor":10.0,"turns":5.0},{"damage":17.0,"enemies":"Lagavulin","floor":12.0,"turns":7.0},{"damage":7.0,"enemies":"2 Fungi Beasts","floor":14.0,"turns":4.0},{"damage":11.0,"enemies":"The Guardian","floor":16.0,"turns":11.0},{"damage":12.0,"enemies":"3 Byrds","floor":18.0,"turns":3.0},{"damage":0.0,"enemies":"Chosen","floor":22.0,"turns":7.0},{"damage":5,"enemies":"Book of Stabbing","floor":24,"turns":5},{"damage":5,"enemies":"Centurion and Healer","floor":25,"turns":8},{"damage":29,"enemies":"Slavers","floor":29,"turns":5}],"seed_played":"-7255420712229054527","potions_obtained":[{"floor":4.0,"key":"GamblersBrew"},{"floor":12.0,"key":"Block Potion"},{"floor":16.0,"key":"Weak Potion"},{"floor":24,"key":"Block Potion"}],"is_trial":false,"path_per_floor":["M","?","M","M","$","R","?","M","T","M","R","E","?","M","R","B",null,"M","?","?","$","M","R","E","M","T","R","?","E"],"character_chosen":"DEFECT","items_purchased":["Mummified Hand"],"campfire_rested":1,"item_purchase_floors":[21],"current_hp_per_floor":[57,57,57,57,57,57,44,33,33,24,24,7,30,23,23,12,56,44,44,24,24,24,24,19,14,14,36,50,21],"gold":9,"neow_bonus":"ONE_RANDOM_RARE_CARD","is_prod":false,"is_daily":false,"chose_seed":false,"campfire_upgraded":4,"win_rate":0,"timestamp":1553791200,"path_taken":["M","?","M","M","$","R","?","?","T","?","R","E","?","M","R","BOSS","M","?","?","$","M","R","E","M","T","R","?","E"],"build_version":"2019-03-15","purchased_purges":1,"victory":false,"max_hp_per_floor":[71,71,71,71,71,71,71,71,71,71,71,71,71,71,71,71,71,71,71,76,76,76,76,76,76,76,76,90,90],"card_choices":[{"not_picked":["Coolheaded","Rip and Tear"],"picked":"Glacier","floor":1.0},{"not_picked":["Steam","Leap","Fusion"],"picked":"SKIP","floor":3.0},{"not_picked":["Rebound","Go for the Eyes"],"picked":"Compile Driver","floor":4.0},{"not_picked":["Leap","Sweeping Beam"],"picked":"Reinforced Body","floor":7.0},{"not_picked":["Aggregate","Beam Cell"],"picked":"Consume","floor":8.0},{"not_picked":["Stack","Leap","Go for the Eyes"],"picked":"SKIP","floor":10.0},{"not_picked":["Heatsinks","Tempest"],"picked":"Echo Form","floor":12.0},{"not_picked":["Leap","Turbo","Stack"],"picked":"SKIP","floor":14.0},{"not_picked":["All For One","Biased Cognition"],"picked":"Core Surge","floor":16.0},{"not_picked":["Lockon","Barrage","Rip and Tear+1"],"picked":"SKIP","floor":18.0},{"not_picked":["Cold Snap","Conserve Battery","Scrape"],"picked":"SKIP","floor":22},{"not_picked":["Beam Cell+1","Multi-Cast"],"picked":"Conserve Battery","floor":24},{"not_picked":["Steam","Stack","Beam Cell"],"picked":"SKIP","floor":25}],"player_experience":2971604,"relics_obtained":[{"floor":7.0,"key":"Odd Mushroom"},{"floor":12.0,"key":"Girya"},{"floor":24,"key":"Bag of Marbles"}],"event_choices":[{"damage_healed":0.0,"max_hp_gain":0.0,"max_hp_loss":0.0,"gold_gain":0.0,"cards_transformed":["Hyperbeam"],"event_name":"Living Wall","player_choice":"Change","floor":2.0,"gold_loss":0.0,"damage_taken":0.0,"cards_obtained":["Creative AI"]},{"damage_healed":0.0,"max_hp_gain":0.0,"max_hp_loss":0.0,"gold_gain":0.0,"event_name":"Mushrooms","player_choice":"Fought Mushrooms","floor":7.0,"gold_loss":0.0,"damage_taken":0.0},{"damage_healed":23.0,"max_hp_gain":0.0,"max_hp_loss":0.0,"gold_gain":0.0,"event_name":"Big Fish","player_choice":"Banana","floor":13.0,"gold_loss":0.0,"damage_taken":0.0},{"damage_healed":0.0,"max_hp_gain":0.0,"max_hp_loss":0.0,"gold_gain":50.0,"event_name":"Nest","player_choice":"Stole From Cult","floor":19.0,"gold_loss":0.0,"damage_taken":0.0},{"damage_healed":0.0,"max_hp_gain":5.0,"max_hp_loss":0.0,"gold_gain":0.0,"event_name":"Forgotten Altar","player_choice":"Shed Blood","floor":20.0,"gold_loss":0.0,"damage_taken":25.0},{"damage_healed":0,"gold_gain":0,"player_choice":"Obtained Relic","damage_taken":0,"relics_obtained":["Mango"],"max_hp_gain":0,"max_hp_loss":0,"event_name":"Addict","floor":28,"gold_loss":85}],"is_beta":true,"boss_relics":[{"not_picked":["Philosopher\u0027s Stone","Fusion Hammer"],"picked":"Cursed Key"}],"items_purged_floors":[5],"is_endless":false,"potions_floor_spawned":[4,12,16,24],"killed_by":"Slavers","ascension_level":20}