{"path_per_floor":["M","?","M","?","M","E","R","M","T","E","?","M","$","$","R","B",null,"M","?","?","M","M","R"],"character_chosen":"DEFECT","items_purchased":["DataDisk","Self Repair"],"gold_per_floor":[115,115,135,135,151,181,181,191,216,251,251,267,50,50,50,145,145,165,165,165,177,195,195,195],"floor_reached":24,"campfire_rested":1,"playtime":2927,"item_purchase_floors":[13,13],"current_hp_per_floor":[72,72,71,71,75,55,55,47,47,33,33,32,32,32,32,32,64,73,73,65,38,18,40,0],"items_purged":[],"gold":195,"score":258,"play_id":"7f2c1c38-0c7c-415a-a86b-7b0636547ff5","local_time":"20180606211449","is_prod":false,"is_daily":false,"chose_seed":false,"is_ascension_mode":true,"campfire_upgraded":2,"win_rate":0,"timestamp":1528312489,"campfire_choices":[{"data":"Dualcast","floor":7,"key":"SMITH"},{"data":"White Noise","floor":15,"key":"SMITH"},{"floor":23,"key":"REST"}],"path_taken":["M","?","M","?","?","E","R","M","T","E","?","M","?","$","R","BOSS","M","?","?","M","M","R","E"],"build_version":"2018-05-31","seed_source_timestamp":214985576637574,"purchased_purges":0,"victory":false,"master_deck":["Strike_B","Defend_B","Defend_B","Defend_B","Defend_B","Zap+1","Dualcast+1","Reboot","White Noise+1","Ball Lightning","Multi-Cast","Skim","Genetic Algorithm","Self Repair","Seek","Fusion+1","Creative AI+1","Skim+1","Steam","Steam+1"],"max_hp_per_floor":[75,75,75,75,75,75,75,75,75,75,75,75,75,75,75,75,75,75,75,75,75,75,75,75],"relics":["Cracked Core","Oddly Smooth Stone","Bag of Marbles","Blood Vial","DataDisk","Astrolabe"],"card_choices":[{"not_picked":["Stack","Sunder"],"picked":"White Noise","floor":1},{"not_picked":["Redo","Beam Cell","Compile Driver"],"picked":"SKIP","floor":3},{"not_picked":["Compile Driver","Double Energy"],"picked":"Ball Lightning","floor":5},{"not_picked":["Chill","Conserve Battery","Coolheaded"],"picked":"SKIP","floor":6},{"not_picked":["Beam Cell","Rebound"],"picked":"Multi-Cast","floor":8},{"not_picked":["Melter","Sweeping Beam","Compile Driver"],"picked":"SKIP","floor":10},{"not_picked":["Rip and Tear","Redo"],"picked":"Genetic Algorithm","floor":12},{"not_picked":["Amplify","Rainbow"],"picked":"Seek","floor":16},{"not_picked":["Hello World","Doom and Gloom"],"picked":"Steam","floor":18},{"not_picked":["Streamline","Fusion","Rebound"],"picked":"SKIP","floor":21},{"not_picked":["Meteor Strike","Darkness+1"],"picked":"Steam+1","floor":22}],"player_experience":783369,"potions_floor_usage":[10,10,16,24],"damage_taken":[{"damage":3,"enemies":"2 Louse","floor":1,"turns":2},{"damage":1,"enemies":"Cultist","floor":3,"turns":3},{"damage":2,"enemies":"Jaw Worm","floor":5,"turns":3},{"damage":20,"enemies":"Lagavulin","floor":6,"turns":6},{"damage":15,"enemies":"Gremlin Gang","floor":8,"turns":3},{"damage":14,"enemies":"Gremlin Nob","floor":10,"turns":3},{"damage":3,"enemies":"Blue Slaver","floor":12,"turns":3},{"damage":24,"enemies":"The Guardian","floor":16,"turns":11},{"damage":0,"enemies":"Spheric Guardian","floor":18,"turns":3},{"damage":36,"enemies":"Chosen","floor":21,"turns":6},{"damage":36,"enemies":"Sentry and Sphere","floor":22,"turns":6},{"damage":43,"enemies":"Slavers","floor":24,"turns":4}],"relics_obtained":[{"floor":6,"key":"Oddly Smooth Stone"},{"floor":9,"key":"Bag of Marbles"},{"floor":10,"key":"Blood Vial"}],"event_choices":[{"event_name":"The Lab","player_choice":"Got Potions","floor":2,"damage_taken":0},{"event_name":"Upgrade Shrine","player_choice":"Upgraded","floor":4,"damage_taken":0},{"event_name":"Match and Keep!","player_choice":"1 cards matched","floor":11,"damage_taken":0},{"event_name":"Vampires","player_choice":"Ignored","floor":19,"damage_taken":0},{"event_name":"Knowing Skull","player_choice":"","floor":20,"damage_taken":0}],"boss_relics":[{"not_picked":["White Beast Statue","Tiny House"],"picked":"Astrolabe"}],"items_purged_floors":[],"potions_floor_spawned":[3,6,12,22],"seed_played":"-1794707649081213943","killed_by":"Slavers","ascension_level":5,"potions_obtained":[{"floor":2,"key":"Poison Potion"},{"floor":2,"key":"SneckoOil"},{"floor":2,"key":"SneckoOil"},{"floor":3,"key":"PowerPotion"},{"floor":12,"key":"Regen Potion"},{"floor":22,"key":"FocusPotion"}],"is_trial":false}