{"gold_per_floor":[361,361,361,372,388,388,422,433,433,433,304,304,322,355,355,434,434,449,31,48,48,76,101,114,114,114,114,144,161,161,215,215,215],"floor_reached":33,"playtime":862,"items_purged":["Strike_G","Strike_G"],"score":636,"play_id":"8d482814-de93-45e1-8717-7bdf385a564e","local_time":"20190811022112","is_ascension_mode":true,"campfire_choices":[{"data":"Masterful Stab","floor":6.0,"key":"SMITH"},{"data":"Flechettes","floor":10.0,"key":"SMITH"},{"floor":12.0,"key":"REST"},{"floor":15.0,"key":"REST"},{"data":"Calculated Gamble","floor":27.0,"key":"SMITH"},{"data":"Deep Breath","floor":32.0,"key":"SMITH"}],"neow_cost":"TEN_PERCENT_HP_LOSS","seed_source_timestamp":0,"circlet_count":0,"master_deck":["AscendersBane","Strike_G","Strike_G+1","Defend_G","Defend_G","Defend_G","Defend_G","Defend_G","Survivor","Neutralize+1","All Out Attack+1","Masterful Stab+1","A Thousand Cuts","Flechettes+1","Acrobatics","Reflex","PiercingWail+1","Deep Breath+1","Calculated Gamble+1","Ghostly","Ghostly","Ghostly"],"special_seed":0,"relics":["Ring of the Snake","Regal Pillow","Frozen Egg 2","WingedGreaves","Runic Pyramid","TheAbacus","Red Mask","Oddly Smooth Stone","Lantern","Dodecahedron","Smiling Mask"],"potions_floor_usage":[33],"damage_taken":[{"damage":6.0,"enemies":"Small Slimes","floor":1.0,"turns":4.0},{"damage":0.0,"enemies":"2 Louse","floor":4.0,"turns":1.0},{"damage":0.0,"enemies":"Cultist","floor":5.0,"turns":2.0},{"damage":12.0,"enemies":"3 Sentries","floor":7.0,"turns":7.0},{"damage":4.0,"enemies":"2 Fungi Beasts","floor":8.0,"turns":3.0},{"damage":1.0,"enemies":"Blue Slaver","floor":13.0,"turns":4.0},{"damage":35.0,"enemies":"Lagavulin","floor":14.0,"turns":8.0},{"damage":43.0,"enemies":"Slime Boss","floor":16.0,"turns":9.0},{"damage":20.0,"enemies":"2 Thieves","floor":18.0,"turns":4.0},{"damage":0.0,"enemies":"Spheric Guardian","floor":20.0,"turns":3.0},{"damage":25.0,"enemies":"Masked Bandits","floor":22.0,"turns":6.0},{"damage":11.0,"enemies":"Slavers","floor":23.0,"turns":7.0},{"damage":0.0,"enemies":"Chosen and Byrds","floor":24.0,"turns":5.0},{"damage":0.0,"enemies":"Gremlin Leader","floor":28.0,"turns":5.0},{"damage":0.0,"enemies":"3 Cultists","floor":29.0,"turns":4.0},{"damage":20,"enemies":"Champ","floor":33,"turns":6}],"seed_played":"-6490811662114221764","potions_obtained":[{"floor":5.0,"key":"Swift Potion"},{"floor":7.0,"key":"SneckoOil"},{"floor":16.0,"key":"AttackPotion"},{"floor":18.0,"key":"Strength Potion"},{"floor":20.0,"key":"FearPotion"},{"floor":24.0,"key":"LiquidBronze"},{"floor":29.0,"key":"Swift Potion"}],"is_trial":false,"path_per_floor":["M","?","?","M","M","R","E","M","T","R","$","R","M","E","R","B",null,"M","$","M","?","?","E","M","?","T","R","E","M","?","T","R","B"],"character_chosen":"THE_SILENT","items_purchased":["Fire Potion","TheAbacus","Deep Breath"],"campfire_rested":2,"item_purchase_floors":[11,19,19],"current_hp_per_floor":[53,35,35,35,35,35,23,19,19,19,19,52,51,16,49,6,47,27,27,27,39,14,3,3,3,3,3,3,3,3,3,3,0],"gold":215,"neow_bonus":"TWO_FIFTY_GOLD","is_prod":false,"is_daily":false,"chose_seed":false,"campfire_upgraded":4,"win_rate":0,"timestamp":1565457672,"path_taken":["M","?","?","M","M","R","E","?","T","R","$","R","M","E","R","BOSS","M","$","M","?","?","E","?","?","T","R","E","?","?","?","R","BOSS"],"build_version":"2019-07-17","purchased_purges":2,"victory":false,"max_hp_per_floor":[60,60,60,60,60,60,60,60,60,60,60,60,60,60,60,60,60,60,60,60,60,60,60,60,60,60,60,60,60,30,30,30,30],"card_choices":[{"not_picked":["Deflect","All Out Attack","Setup"],"picked":"SKIP","floor":1.0},{"not_picked":["Deflect","Setup"],"picked":"All Out Attack","floor":1.0},{"not_picked":["Dagger Throw","Concentrate"],"picked":"Masterful Stab","floor":4.0},{"not_picked":["Underhanded Strike","Finisher","Catalyst"],"picked":"SKIP","floor":5.0},{"not_picked":["Underhanded Strike","Finisher","Catalyst"],"picked":"SKIP","floor":5.0},{"not_picked":["All Out Attack","Deadly Poison"],"picked":"A Thousand Cuts","floor":7.0},{"not_picked":["Sucker Punch","Cloak And Dagger"],"picked":"Flechettes","floor":8.0},{"not_picked":["Flying Knee","Cloak And Dagger"],"picked":"Acrobatics","floor":13.0},{"not_picked":["Expertise","Doppelganger"],"picked":"Reflex","floor":14.0},{"not_picked":["PiercingWail+1","Expertise+1","All Out Attack"],"picked":"SKIP","floor":18.0},{"not_picked":["Expertise+1","All Out Attack"],"picked":"PiercingWail+1","floor":18.0},{"not_picked":["Outmaneuver","Blade Dance","Setup"],"picked":"SKIP","floor":20.0},{"not_picked":["Blur+1","Slice+1","Dash"],"picked":"SKIP","floor":23.0},{"not_picked":["Outmaneuver","Bane","PiercingWail"],"picked":"SKIP","floor":24.0},{"not_picked":["Flying Knee","Predator","PiercingWail"],"picked":"SKIP","floor":28.0},{"not_picked":["Reflex","Backstab","Distraction"],"picked":"SKIP","floor":29.0}],"player_experience":843632,"relics_obtained":[{"floor":7.0,"key":"Regal Pillow"},{"floor":9.0,"key":"Frozen Egg 2"},{"floor":14.0,"key":"WingedGreaves"},{"floor":22.0,"key":"Red Mask"},{"floor":23.0,"key":"Oddly Smooth Stone"},{"floor":26.0,"key":"Lantern"},{"floor":28.0,"key":"Dodecahedron"},{"floor":31.0,"key":"Smiling Mask"}],"event_choices":[{"damage_healed":0.0,"max_hp_gain":0.0,"max_hp_loss":0.0,"gold_gain":0.0,"event_name":"Shining Light","player_choice":"Entered Light","floor":2.0,"gold_loss":0.0,"damage_taken":18.0,"cards_upgraded":["Strike_G","All Out Attack"]},{"damage_healed":0.0,"max_hp_gain":0.0,"max_hp_loss":0.0,"gold_gain":0.0,"event_name":"Upgrade Shrine","player_choice":"Upgraded","floor":3.0,"gold_loss":0.0,"damage_taken":0.0,"cards_upgraded":["Neutralize"]},{"damage_healed":12.0,"max_hp_gain":0.0,"max_hp_loss":0.0,"gold_gain":0.0,"event_name":"The Library","player_choice":"Heal","floor":21.0,"gold_loss":0.0,"damage_taken":0.0},{"damage_healed":0.0,"max_hp_gain":0.0,"max_hp_loss":0.0,"gold_gain":0.0,"event_name":"Masked Bandits","player_choice":"Fought Bandits","floor":22.0,"gold_loss":0.0,"damage_taken":0.0},{"damage_healed":0.0,"max_hp_gain":0.0,"max_hp_loss":0.0,"gold_gain":0.0,"cards_transformed":["Strike_G"],"event_name":"Transmorgrifier","player_choice":"Transformed","floor":25.0,"gold_loss":0.0,"damage_taken":0.0,"cards_obtained":["Calculated Gamble"]},{"damage_healed":0.0,"max_hp_gain":0.0,"max_hp_loss":30.0,"gold_gain":0.0,"event_name":"Ghosts","player_choice":"Became a Ghost","floor":30.0,"gold_loss":0.0,"damage_taken":0.0,"cards_obtained":["Ghostly","Ghostly","Ghostly"]}],"is_beta":false,"boss_relics":[{"not_picked":["White Beast Statue","Coffee Dripper"],"picked":"Runic Pyramid"}],"items_purged_floors":[11,19],"is_endless":false,"potions_floor_spawned":[5,7,13,14,16,18,20,24,29],"killed_by":"Champ","ascension_level":20}