{"gold_per_floor":[10,10,28,38,38,73,73,108,131,131,165,181,246,171,171,248,248,267,267,286,300,200,228,228,260,260,260,35,47,82,99,99,176,176,194,210,220,70,89,89,119,119,119,146,146,199,231,331,331,331,331,331,331,72,104,104],"floor_reached":57,"playtime":2063,"items_purged":["Strike_R","Strike_R","Bash","Strike_R","Defend_R"],"score":3707,"play_id":"59aa999c-ce40-4f9d-ad7b-e27cb571b9a7","local_time":"20190902221913","is_ascension_mode":true,"campfire_choices":[{"data":"Body Slam","floor":7.0,"key":"SMITH"},{"data":"Second Wind","floor":15.0,"key":"SMITH"},{"data":"True Grit","floor":24.0,"key":"SMITH"},{"floor":32.0,"key":"RECALL"},{"data":"Dark Embrace","floor":40.0,"key":"SMITH"},{"data":"Barricade","floor":42.0,"key":"SMITH"},{"data":"Evolve","floor":49.0,"key":"SMITH"},{"data":"Feel No Pain","floor":53.0,"key":"SMITH"}],"neow_cost":"NO_GOLD","seed_source_timestamp":1587469103252700,"circlet_count":0,"master_deck":["AscendersBane","Defend_R","Defend_R+1","Defend_R","Second Wind+1","Body Slam+1","Power Through+1","Dark Embrace+1","Feel No Pain+1","True Grit+1","Impatience+1","Offering+1","Barricade+1","Burning Pact+1","Evolve+1","Panacea+1","Deep Breath+1","Warcry+1"],"special_seed":0,"relics":["Burning Blood","Pocketwatch","Pen Nib","Happy Flower","Bronze Scales","War Paint","Mark of Pain","Gremlin Horn","Toxic Egg 2","Shuriken","Bag of Preparation","Calling Bell","Red Skull","Blue Candle","StoneCalendar","Dream Catcher","Strawberry","Charon\u0027s Ashes","Bird Faced Urn","Molten Egg 2","Nunchaku","Sundial"],"potions_floor_usage":[55,56,56],"damage_taken":[{"damage":1.0,"enemies":"Cultist","floor":1.0,"turns":3.0},{"damage":4.0,"enemies":"Jaw Worm","floor":3.0,"turns":5.0},{"damage":0.0,"enemies":"2 Louse","floor":4.0,"turns":3.0},{"damage":1.0,"enemies":"Lagavulin","floor":6.0,"turns":8.0},{"damage":21.0,"enemies":"Gremlin Nob","floor":8.0,"turns":4.0},{"damage":9.0,"enemies":"3 Sentries","floor":11.0,"turns":6.0},{"damage":1.0,"enemies":"2 Fungi Beasts","floor":12.0,"turns":3.0},{"damage":0.0,"enemies":"Lagavulin Event","floor":13.0,"turns":4.0},{"damage":3.0,"enemies":"Slime Boss","floor":16.0,"turns":4.0},{"damage":7.0,"enemies":"Spheric Guardian","floor":18.0,"turns":4.0},{"damage":2.0,"enemies":"2 Thieves","floor":20.0,"turns":5.0},{"damage":0.0,"enemies":"Snake Plant","floor":21.0,"turns":2.0},{"damage":5.0,"enemies":"Gremlin Leader","floor":23.0,"turns":7.0},{"damage":0.0,"enemies":"Book of Stabbing","floor":25.0,"turns":4.0},{"damage":3.0,"enemies":"Centurion and Healer","floor":29.0,"turns":3.0},{"damage":0.0,"enemies":"Gremlin Leader","floor":30.0,"turns":3.0},{"damage":0.0,"enemies":"Sentry and Sphere","floor":31.0,"turns":2.0},{"damage":6.0,"enemies":"Collector","floor":33.0,"turns":1.0},{"damage":6.0,"enemies":"Orb Walker","floor":35.0,"turns":1.0},{"damage":6.0,"enemies":"3 Darklings","floor":36.0,"turns":2.0},{"damage":6.0,"enemies":"4 Shapes","floor":37.0,"turns":1.0},{"damage":6.0,"enemies":"Writhing Mass","floor":39.0,"turns":1.0},{"damage":6.0,"enemies":"Giant Head","floor":41.0,"turns":2.0},{"damage":0.0,"enemies":"Reptomancer","floor":44.0,"turns":2.0},{"damage":6.0,"enemies":"2 Orb Walkers","floor":46.0,"turns":2.0},{"damage":6.0,"enemies":"Giant Head","floor":47.0,"turns":2.0},{"damage":6.0,"enemies":"Mind Bloom Boss Battle","floor":48.0,"turns":2.0},{"damage":6.0,"enemies":"Awakened One","floor":50.0,"turns":2.0},{"damage":6.0,"enemies":"Time Eater","floor":51.0,"turns":3.0},{"damage":0,"enemies":"Shield and Spear","floor":55,"turns":2},{"damage":6,"enemies":"The Heart","floor":56,"turns":4}],"seed_played":"132450537467209692","potions_obtained":[{"floor":4.0,"key":"PowerPotion"},{"floor":6.0,"key":"SteroidPotion"},{"floor":21.0,"key":"SkillPotion"},{"floor":23.0,"key":"Explosive Potion"},{"floor":30.0,"key":"Strength Potion"},{"floor":31.0,"key":"Ancient Potion"},{"floor":39.0,"key":"Block Potion"},{"floor":55,"key":"Strength Potion"}],"is_trial":false,"path_per_floor":["M","?","M","M","?","E","R","E","T","?","E","M","?","$","R","B",null,"M","?","M","M","$","E","R","E","T","?","$","M","E","M","R","B",null,"M","M","M","$","M","R","E","R","T","E","?","?","E","?","R","B","B",null,"R","$","E","B",null],"character_chosen":"IRONCLAD","items_purchased":["Impatience+1","Warcry+1","Swift Potion"],"campfire_rested":0,"item_purchase_floors":[28,54,54],"current_hp_per_floor":[73,73,75,75,80,80,80,65,65,58,55,60,66,66,66,69,77,76,76,80,80,80,80,80,80,80,80,80,80,80,80,80,80,80,80,80,80,80,80,80,80,80,87,87,77,77,85,87,87,87,87,87,87,87,87,87],"gold":104,"neow_bonus":"ONE_RARE_RELIC","is_prod":false,"is_daily":false,"chose_seed":false,"campfire_upgraded":7,"win_rate":0,"timestamp":1567433953,"path_taken":["M","?","M","?","?","E","R","E","T","?","E","M","?","$","R","BOSS","M","?","M","M","$","E","R","E","T","?","$","M","E","?","R","BOSS","M","M","M","$","M","R","E","R","T","E","?","?","E","?","R","BOSS","BOSS","R","$","E","BOSS"],"build_version":"2019-08-26","purchased_purges":5,"victory":true,"max_hp_per_floor":[75,75,75,75,80,80,80,80,80,80,80,80,80,80,80,80,80,80,80,80,80,80,80,80,80,80,80,80,80,80,80,80,80,80,80,80,80,80,80,80,80,80,87,87,87,87,87,87,87,87,87,87,87,87,87,87],"card_choices":[{"not_picked":["Perfected Strike","Inflame"],"picked":"Second Wind","floor":1.0},{"not_picked":["Warcry","Headbutt"],"picked":"Body Slam","floor":3.0},{"not_picked":["Sword Boomerang","Clothesline"],"picked":"Power Through","floor":4.0},{"not_picked":["Dropkick","Iron Wave","Sentinel"],"picked":"SKIP","floor":6.0},{"not_picked":["Ghostly Armor","Cleave","Flex"],"picked":"SKIP","floor":8.0},{"not_picked":["Warcry","Heavy Blade","Immolate"],"picked":"SKIP","floor":11.0},{"not_picked":["Body Slam","Inflame","Twin Strike"],"picked":"SKIP","floor":12.0},{"not_picked":["Double Tap","Immolate"],"picked":"Dark Embrace","floor":16.0},{"not_picked":["Sword Boomerang","Flex","Pommel Strike"],"picked":"SKIP","floor":18.0},{"not_picked":["Whirlwind","Perfected Strike+1","Havoc"],"picked":"SKIP","floor":20.0},{"not_picked":["Rupture","Rampage+1","Flex"],"picked":"SKIP","floor":21.0},{"not_picked":["Shrug It Off+1","Body Slam+1"],"picked":"True Grit","floor":23.0},{"not_picked":["Iron Wave","Juggernaut","Anger"],"picked":"SKIP","floor":25.0},{"not_picked":["Anger","Searing Blow","Armaments+1"],"picked":"SKIP","floor":29.0},{"not_picked":["Flex+1","Twin Strike","True Grit+1"],"picked":"SKIP","floor":30.0},{"not_picked":["Searing Blow","Anger"],"picked":"Offering+1","floor":31.0},{"not_picked":["Reaper","Offering+1"],"picked":"Barricade","floor":33.0},{"not_picked":["Infernal Blade+1","Inflame"],"picked":"Burning Pact+1","floor":35.0},{"not_picked":["Shrug It Off+1","Twin Strike","Headbutt"],"picked":"SKIP","floor":36.0},{"not_picked":["Second Wind+1","Flex+1","Clash+1"],"picked":"SKIP","floor":37.0},{"not_picked":["Thunderclap","Pommel Strike+1","Havoc+1"],"picked":"SKIP","floor":39.0},{"not_picked":["Hemokinesis","Second Wind+1"],"picked":"Evolve","floor":41.0},{"not_picked":["Demon Form","Dropkick","Rupture"],"picked":"SKIP","floor":44.0},{"not_picked":["Panache","Master of Strategy+1"],"picked":"Panacea+1","floor":45.0},{"not_picked":["Flash of Steel","HandOfGreed"],"picked":"Deep Breath+1","floor":45.0},{"not_picked":["Feel No Pain","Ghostly Armor+1","Power Through+1"],"picked":"SKIP","floor":47.0},{"not_picked":["Intimidate+1","Reckless Charge+1","Clash+1"],"picked":"SKIP","floor":55}],"player_experience":3160966,"relics_obtained":[{"floor":6.0,"key":"Pen Nib"},{"floor":8.0,"key":"Happy Flower"},{"floor":11.0,"key":"Bronze Scales"},{"floor":13.0,"key":"War Paint"},{"floor":23.0,"key":"Gremlin Horn"},{"floor":25.0,"key":"Toxic Egg 2"},{"floor":26.0,"key":"Shuriken"},{"floor":30.0,"key":"Bag of Preparation"},{"floor":34.0,"key":"Red Skull"},{"floor":34.0,"key":"Blue Candle"},{"floor":34.0,"key":"StoneCalendar"},{"floor":41.0,"key":"Dream Catcher"},{"floor":43.0,"key":"Strawberry"},{"floor":44.0,"key":"Charon\u0027s Ashes"},{"floor":46.0,"key":"Bird Faced Urn"},{"floor":47.0,"key":"Molten Egg 2"},{"floor":48.0,"key":"Nunchaku"},{"floor":55,"key":"Sundial"}],"event_choices":[{"damage_healed":0.0,"max_hp_gain":0.0,"max_hp_loss":0.0,"gold_gain":0.0,"event_name":"Match and Keep!","player_choice":"0 cards matched","floor":2.0,"gold_loss":0.0,"damage_taken":0.0,"cards_obtained":[]},{"damage_healed":0.0,"max_hp_gain":5.0,"max_hp_loss":0.0,"gold_gain":0.0,"event_name":"Big Fish","player_choice":"Donut","floor":5.0,"gold_loss":0.0,"damage_taken":0.0},{"cards_removed":["Strike_R"],"damage_healed":0.0,"max_hp_gain":0.0,"max_hp_loss":0.0,"gold_gain":0.0,"event_name":"Golden Wing","player_choice":"Card Removal","floor":10.0,"gold_loss":0.0,"damage_taken":7.0},{"damage_healed":0.0,"max_hp_gain":0.0,"max_hp_loss":0.0,"gold_gain":0.0,"event_name":"Dead Adventurer","player_choice":"Searched \u00271\u0027 times","floor":13.0,"gold_loss":0.0,"damage_taken":0.0},{"damage_healed":0.0,"max_hp_gain":0.0,"max_hp_loss":0.0,"gold_gain":0.0,"event_name":"The Library","player_choice":"Read","floor":19.0,"gold_loss":0.0,"damage_taken":0.0,"cards_obtained":["Feel No Pain"]},{"cards_removed":["Strike_R"],"damage_healed":0.0,"max_hp_gain":0.0,"max_hp_loss":0.0,"gold_gain":0.0,"event_name":"Purifier","player_choice":"Purged","floor":27.0,"gold_loss":0.0,"damage_taken":0.0},{"damage_healed":0.0,"max_hp_gain":0.0,"max_hp_loss":0.0,"gold_gain":0.0,"event_name":"SensoryStone","player_choice":"Memory 3","floor":45.0,"gold_loss":0.0,"damage_taken":10.0},{"damage_healed":0.0,"max_hp_gain":0.0,"max_hp_loss":0.0,"gold_gain":0.0,"event_name":"Mysterious Sphere","player_choice":"Fight","floor":46.0,"gold_loss":0.0,"damage_taken":0.0},{"damage_healed":0.0,"max_hp_gain":0.0,"max_hp_loss":0.0,"gold_gain":0.0,"event_name":"MindBloom","player_choice":"Fight","floor":48.0,"gold_loss":0.0,"damage_taken":0.0}],"is_beta":true,"boss_relics":[{"not_picked":["Fusion Hammer","Busted Crown"],"picked":"Mark of Pain"},{"not_picked":["Philosopher\u0027s Stone","Runic Cube"],"picked":"Calling Bell"}],"items_purged_floors":[14,22,28,38,54],"is_endless":false,"potions_floor_spawned":[4,6,12,21,23,30,31,33,39,44,46,55],"ascension_level":20}