{"gold_per_floor":[112,112,37,37,105,105,133,144,144,172,91,16,44,64,64,138,138,157,157,174,184,198,98,98,128,128,128,128,143,143,168,168,241,241,260,535,555,109,120,150,150,250,250,20,49,59,91,102,102,102,102,102,102,11,43,43],"floor_reached":57,"playtime":2716,"items_purged":["Strike_R","Strike_R+1","Strike_R+1"],"score":3667,"play_id":"9da0d2cc-5d05-40e6-aad4-4a8076c29cc1","local_time":"20190320000859","is_ascension_mode":true,"campfire_choices":[{"data":"Bash","floor":6.0,"key":"SMITH"},{"data":"Body Slam","floor":15.0,"key":"SMITH"},{"data":"Barricade","floor":27.0,"key":"SMITH"},{"data":"Evolve","floor":30.0,"key":"SMITH"},{"data":"Battle Trance","floor":32.0,"key":"SMITH"},{"data":"True Grit","floor":41.0,"key":"SMITH"},{"floor":49.0,"key":"RECALL"},{"data":"Feel No Pain","floor":53.0,"key":"SMITH"}],"neow_cost":"NONE","seed_source_timestamp":546207702127292,"circlet_count":0,"master_deck":["AscendersBane","Defend_R","Defend_R","Defend_R","Defend_R","Bash+1","Battle Trance+1","Body Slam+1","Feel No Pain+1","Evolve+1","Barricade+1","Fiend Fire+1","Power Through","Seeing Red","Armaments+1","Impervious","Regret","True Grit+1","Warcry+1","Sever Soul+1","Panacea"],"special_seed":0,"relics":["Burning Blood","NeowsBlessing","Question Card","Champion Belt","Gremlin Horn","Meat on the Bone","Dream Catcher","Mark of Pain","Self Forming Clay","Regal Pillow","Bird Faced Urn","Runic Pyramid","Incense Burner","Whetstone","FossilizedHelix","Pantograph","TheAbacus","Strawberry","Ornamental Fan","Pear"],"potions_floor_usage":[56,56],"damage_taken":[{"damage":0.0,"enemies":"2 Louse","floor":1.0,"turns":1.0},{"damage":0.0,"enemies":"Lagavulin","floor":7.0,"turns":1.0},{"damage":0.0,"enemies":"Jaw Worm","floor":8.0,"turns":1.0},{"damage":29.0,"enemies":"Gremlin Nob","floor":10.0,"turns":4.0},{"damage":30.0,"enemies":"Lagavulin","floor":13.0,"turns":7.0},{"damage":0.0,"enemies":"Cultist","floor":14.0,"turns":3.0},{"damage":38.0,"enemies":"Slime Boss","floor":16.0,"turns":10.0},{"damage":5.0,"enemies":"Chosen","floor":18.0,"turns":5.0},{"damage":5.0,"enemies":"3 Byrds","floor":20.0,"turns":5.0},{"damage":19.0,"enemies":"Snake Plant","floor":21.0,"turns":5.0},{"damage":14.0,"enemies":"Cultist and Chosen","floor":22.0,"turns":6.0},{"damage":0.0,"enemies":"Book of Stabbing","floor":25.0,"turns":4.0},{"damage":0.0,"enemies":"Chosen and Byrds","floor":29.0,"turns":6.0},{"damage":0.0,"enemies":"Slavers","floor":31.0,"turns":7.0},{"damage":16.0,"enemies":"Collector","floor":33.0,"turns":8.0},{"damage":0.0,"enemies":"3 Shapes","floor":35.0,"turns":4.0},{"damage":7.0,"enemies":"3 Darklings","floor":37.0,"turns":5.0},{"damage":17.0,"enemies":"Sphere and 2 Shapes","floor":39.0,"turns":4.0},{"damage":6.0,"enemies":"Giant Head","floor":40.0,"turns":7.0},{"damage":0.0,"enemies":"Mind Bloom Boss Battle","floor":42.0,"turns":6.0},{"damage":0.0,"enemies":"Reptomancer","floor":45.0,"turns":6.0},{"damage":0.0,"enemies":"Transient","floor":46.0,"turns":6.0},{"damage":0.0,"enemies":"Giant Head","floor":47.0,"turns":5.0},{"damage":0.0,"enemies":"3 Darklings","floor":48.0,"turns":5.0},{"damage":0.0,"enemies":"Time Eater","floor":50.0,"turns":8.0},{"damage":0.0,"enemies":"Donu and Deca","floor":51.0,"turns":5.0},{"damage":0.0,"enemies":"Shield and Spear","floor":55.0,"turns":6.0},{"damage":0,"enemies":"The Heart","floor":56,"turns":9}],"seed_played":"152429759543668509","potions_obtained":[{"floor":7.0,"key":"Regen Potion"},{"floor":13.0,"key":"Strength Potion"},{"floor":14.0,"key":"Block Potion"},{"floor":16.0,"key":"Poison Potion"},{"floor":20.0,"key":"SkillPotion"},{"floor":31.0,"key":"Explosive Potion"},{"floor":33.0,"key":"BloodPotion"},{"floor":35.0,"key":"Swift Potion"},{"floor":40.0,"key":"PowerPotion"},{"floor":46.0,"key":"Regen Potion"},{"floor":47.0,"key":"Weak Potion"},{"floor":48.0,"key":"Ancient Potion"}],"is_trial":false,"path_per_floor":["M","?","$","?","T","R","E","M","T","E","$","?","E","M","R","B",null,"M","?","M","M","M","$","?","E","T","R","?","M","R","E","R","B",null,"M","?","M","$","M","E","R","?","T","$","E","M","E","M","R","B","B",null,"R","$","E","B",null],"character_chosen":"IRONCLAD","items_purchased":["Evolve","Incense Burner","TheAbacus","Panacea"],"campfire_rested":0,"item_purchase_floors":[11,38,44,54],"current_hp_per_floor":[74,51,51,44,44,44,50,56,56,45,45,45,33,51,51,31,64,65,65,66,53,45,45,45,51,51,51,30,48,48,54,54,50,73,80,80,80,80,73,79,79,80,80,80,87,87,87,87,87,87,87,87,87,87,97,97],"gold":43,"neow_bonus":"THREE_ENEMY_KILL","is_prod":false,"is_daily":false,"chose_seed":true,"campfire_upgraded":7,"win_rate":0,"timestamp":1553011739,"path_taken":["M","?","$","?","?","R","E","?","T","E","$","?","E","M","R","BOSS","M","?","M","?","M","$","?","E","T","R","?","M","R","E","R","BOSS","M","?","M","$","?","E","R","?","T","$","E","M","E","M","R","BOSS","BOSS","R","$","E","BOSS"],"build_version":"2019-03-15","purchased_purges":3,"victory":true,"max_hp_per_floor":[75,75,75,75,75,75,75,75,75,75,75,75,75,75,75,75,75,75,75,75,75,75,75,75,75,75,75,80,80,80,80,80,80,80,80,80,80,80,80,80,80,80,80,80,87,87,87,87,87,87,87,87,87,87,97,97],"card_choices":[{"not_picked":["Clash","Sword Boomerang","Uppercut"],"picked":"SKIP","floor":1.0},{"not_picked":["Pommel Strike","Ghostly Armor","Sever Soul"],"picked":"Battle Trance","floor":7.0},{"not_picked":["Carnage","Thunderclap","Sword Boomerang"],"picked":"Body Slam","floor":8.0},{"not_picked":["Blood for Blood","Armaments","Clothesline"],"picked":"Feel No Pain","floor":10.0},{"not_picked":["Wild Strike","Infernal Blade","Armaments"],"picked":"Barricade","floor":13.0},{"not_picked":["Pommel Strike","Dual Wield","Body Slam","Clash"],"picked":"SKIP","floor":14.0},{"not_picked":["Dark Embrace","Bludgeon","Brutality"],"picked":"Fiend Fire","floor":16.0},{"not_picked":["Metallicize","Flex","Disarm"],"picked":"Power Through","floor":18.0},{"not_picked":["Flex","Havoc","Clash","Headbutt"],"picked":"SKIP","floor":20.0},{"not_picked":["Power Through","Rupture","Pummel"],"picked":"Seeing Red","floor":21.0},{"not_picked":["Clothesline","Heavy Blade","Cleave+1"],"picked":"Armaments+1","floor":22.0},{"not_picked":["Clothesline","Havoc","Iron Wave"],"picked":"Impervious","floor":25.0},{"not_picked":["Seeing Red","Perfected Strike","Hemokinesis","Disarm"],"picked":"SKIP","floor":29.0},{"not_picked":["Flex","Sword Boomerang","Impervious","Thunderclap"],"picked":"SKIP","floor":31.0},{"not_picked":["Fire Breathing","Flame Barrier","Clash+1","Dual Wield+1"],"picked":"SKIP","floor":35.0},{"not_picked":["Clash","Heavy Blade","Headbutt","Flex"],"picked":"SKIP","floor":37.0},{"not_picked":["Whirlwind","Iron Wave","Headbutt"],"picked":"True Grit","floor":39.0},{"not_picked":["Power Through+1","Demon Form","Flex"],"picked":"Warcry+1","floor":40.0},{"not_picked":["Body Slam","Anger+1","Pummel+1"],"picked":"Sever Soul+1","floor":42.0},{"not_picked":["Wild Strike","Warcry+1","Juggernaut","Infernal Blade"],"picked":"SKIP","floor":45.0},{"not_picked":["Hemokinesis+1","Infernal Blade+1","Body Slam","Feel No Pain+1"],"picked":"SKIP","floor":46.0},{"not_picked":["Pommel Strike","Armaments","Bloodletting","True Grit"],"picked":"SKIP","floor":47.0},{"not_picked":["Wild Strike+1","Fire Breathing","Havoc","Cleave"],"picked":"SKIP","floor":48.0},{"not_picked":["Thunderclap","Cleave","Searing Blow","Flex+1"],"picked":"SKIP","floor":55.0}],"player_experience":2948033,"relics_obtained":[{"floor":5.0,"key":"Question Card"},{"floor":7.0,"key":"Champion Belt"},{"floor":9.0,"key":"Gremlin Horn"},{"floor":10.0,"key":"Meat on the Bone"},{"floor":13.0,"key":"Dream Catcher"},{"floor":19.0,"key":"Self Forming Clay"},{"floor":25.0,"key":"Regal Pillow"},{"floor":31.0,"key":"Bird Faced Urn"},{"floor":40.0,"key":"Whetstone"},{"floor":42.0,"key":"FossilizedHelix"},{"floor":43.0,"key":"Pantograph"},{"floor":45.0,"key":"Strawberry"},{"floor":47.0,"key":"Ornamental Fan"},{"floor":55.0,"key":"Pear"}],"event_choices":[{"damage_healed":0.0,"max_hp_gain":0.0,"max_hp_loss":0.0,"gold_gain":0.0,"event_name":"Shining Light","player_choice":"Entered Light","floor":2.0,"gold_loss":0.0,"damage_taken":23.0,"cards_upgraded":["Strike_R","Strike_R"]},{"cards_removed":["Strike_R"],"damage_healed":0.0,"max_hp_gain":0.0,"max_hp_loss":0.0,"gold_gain":0.0,"event_name":"Golden Wing","player_choice":"Card Removal","floor":4.0,"gold_loss":0.0,"damage_taken":7.0},{"cards_removed":["Strike_R"],"damage_healed":0.0,"max_hp_gain":0.0,"max_hp_loss":0.0,"gold_gain":0.0,"event_name":"The Cleric","player_choice":"Card Removal","floor":12.0,"gold_loss":75.0,"damage_taken":0.0},{"damage_healed":0.0,"max_hp_gain":0.0,"max_hp_loss":0.0,"gold_gain":0.0,"event_name":"Wheel of Change","player_choice":"Relic","floor":19.0,"gold_loss":0.0,"damage_taken":0.0},{"damage_healed":0.0,"max_hp_gain":0.0,"max_hp_loss":0.0,"gold_gain":0.0,"event_name":"Vampires","player_choice":"Ignored","floor":24.0,"gold_loss":0.0,"damage_taken":0.0},{"damage_healed":0.0,"max_hp_gain":5.0,"max_hp_loss":0.0,"gold_gain":0.0,"event_name":"Forgotten Altar","player_choice":"Shed Blood","floor":28.0,"gold_loss":0.0,"damage_taken":26.0},{"damage_healed":0.0,"max_hp_gain":0.0,"max_hp_loss":0.0,"gold_gain":275.0,"event_name":"Golden Shrine","player_choice":"Desecrate","floor":36.0,"gold_loss":0.0,"damage_taken":0.0,"cards_obtained":["Regret"]},{"damage_healed":0.0,"max_hp_gain":0.0,"max_hp_loss":0.0,"gold_gain":0.0,"event_name":"MindBloom","player_choice":"Fight","floor":42.0,"gold_loss":0.0,"damage_taken":0.0}],"is_beta":true,"boss_relics":[{"not_picked":["Velvet Choker","White Beast Statue"],"picked":"Mark of Pain"},{"not_picked":["Busted Crown","Philosopher\u0027s Stone"],"picked":"Runic Pyramid"}],"items_purged_floors":[3,23,38],"is_endless":false,"potions_floor_spawned":[7,13,14,16,20,31,33,35,40,46,47,48],"ascension_level":20}