{"gold_per_floor":[114,114,129,129,208,208,133,133,158,158,188,188,252,252,252,324,324,334,334,345,365,383,410,410,410,410,207,227,258,38,51,51,129,129,141,141,141,16,67,97,97,124,192,192,206,232,82,101,101,101,101,101,101,46,71,71],"floor_reached":57,"playtime":2221,"items_purged":["Strike_G","Strike_G+1","Predator+1","Survivor"],"score":3544,"play_id":"766c0004-1949-475c-a240-e2fcabd589f1","local_time":"20190905140952","is_ascension_mode":true,"campfire_choices":[{"data":"Predator","floor":6.0,"key":"SMITH"},{"data":"Acrobatics","floor":8.0,"key":"SMITH"},{"data":"Neutralize","floor":10.0,"key":"SMITH"},{"data":"Adrenaline","floor":12.0,"key":"SMITH"},{"data":"Tactician","floor":15.0,"key":"SMITH"},{"data":"Prepared","floor":32.0,"key":"SMITH"},{"floor":41.0,"key":"RECALL"},{"data":"Well Laid Plans","floor":49,"key":"SMITH"},{"data":"Purity","floor":53,"key":"SMITH"}],"neow_cost":"NONE","seed_source_timestamp":1816196876690800,"circlet_count":0,"master_deck":["AscendersBane","Defend_G+1","Defend_G","Defend_G","Defend_G","Neutralize+1","Acrobatics+1","Adrenaline+1","Tactician+1","Calculated Gamble+1","Prepared+1","Escape Plan+1","Purity+1","Backflip+1","Grand Finale","Panacea","Well Laid Plans+1"],"special_seed":0,"relics":["Ring of the Snake","Orichalcum","Question Card","PreservedInsect","Whetstone","Blood Vial","Eternal Feather","Boot","Juzu Bracelet","Medical Kit","Black Star","FossilizedHelix","Thread and Needle","Oddly Smooth Stone","Dream Catcher","Lantern","Toxic Egg 2","Letter Opener","Art of War","War Paint","Bronze Scales"],"potions_floor_usage":[56,56],"damage_taken":[{"damage":0.0,"enemies":"Small Slimes","floor":1.0,"turns":4.0},{"damage":1.0,"enemies":"Jaw Worm","floor":3.0,"turns":4.0},{"damage":4.0,"enemies":"3 Sentries","floor":11.0,"turns":6.0},{"damage":0.0,"enemies":"Gremlin Nob","floor":13.0,"turns":2.0},{"damage":24.0,"enemies":"Slime Boss","floor":16.0,"turns":8.0},{"damage":5.0,"enemies":"Shell Parasite","floor":18.0,"turns":6.0},{"damage":0.0,"enemies":"2 Thieves","floor":20.0,"turns":3.0},{"damage":0.0,"enemies":"Centurion and Healer","floor":21.0,"turns":4.0},{"damage":3.0,"enemies":"Sentry and Sphere","floor":22.0,"turns":3.0},{"damage":3.0,"enemies":"Slavers","floor":23.0,"turns":3.0},{"damage":2.0,"enemies":"Cultist and Chosen","floor":28.0,"turns":4.0},{"damage":0.0,"enemies":"Gremlin Leader","floor":29.0,"turns":1.0},{"damage":0.0,"enemies":"Snake Plant","floor":31.0,"turns":2.0},{"damage":0.0,"enemies":"Automaton","floor":33.0,"turns":2.0},{"damage":0.0,"enemies":"Orb Walker","floor":35.0,"turns":1.0},{"damage":0.0,"enemies":"2 Orb Walkers","floor":39.0,"turns":1.0},{"damage":0.0,"enemies":"Giant Head","floor":40.0,"turns":2.0},{"damage":0,"enemies":"Nemesis","floor":42,"turns":1},{"damage":0,"enemies":"3 Shapes","floor":45,"turns":1},{"damage":0,"enemies":"Reptomancer","floor":46,"turns":1},{"damage":0,"enemies":"Maw","floor":48,"turns":1},{"damage":0,"enemies":"Donu and Deca","floor":50,"turns":1},{"damage":0,"enemies":"Time Eater","floor":51,"turns":4},{"damage":0,"enemies":"Shield and Spear","floor":55,"turns":1},{"damage":0,"enemies":"The Heart","floor":56,"turns":4}],"seed_played":"2440523768362361336","potions_obtained":[{"floor":11.0,"key":"Strength Potion"},{"floor":16.0,"key":"GamblersBrew"},{"floor":22.0,"key":"Block Potion"},{"floor":23.0,"key":"Swift Potion"},{"floor":29.0,"key":"Poison Potion"},{"floor":42,"key":"Swift Potion"}],"is_trial":false,"path_per_floor":["M","?","M","?","T","R","$","R","T","R","E","R","?","?","R","B",null,"M","?","M","M","M","E","?","?","T","$","M","E","$","M","R","B",null,"M","?","?","$","?","E","R","E","T","?","M","E","$","M","R","B","B",null,"R","$","E","B",null],"character_chosen":"THE_SILENT","items_purchased":["Purity","Medical Kit","PowerPotion"],"campfire_rested":0,"item_purchase_floors":[27,30,54],"current_hp_per_floor":[59,48,47,47,47,47,47,47,47,47,43,43,43,36,36,14,53,50,50,52,54,53,52,34,34,34,34,34,36,36,38,47,49,66,68,68,68,68,70,71,71,71,71,71,71,71,71,71,71,71,71,71,71,71,71,71],"gold":71,"neow_bonus":"REMOVE_CARD","is_prod":false,"is_daily":false,"chose_seed":false,"campfire_upgraded":8,"win_rate":0,"timestamp":1567663792,"path_taken":["M","?","M","?","?","R","$","R","T","R","E","R","?","?","R","BOSS","M","?","M","M","?","E","?","?","T","$","M","E","?","M","R","BOSS","M","?","?","$","?","E","R","E","T","?","M","E","$","M","R","BOSS","BOSS","R","$","E","BOSS"],"build_version":"2019-08-26","purchased_purges":4,"victory":true,"max_hp_per_floor":[66,66,66,66,66,66,66,66,66,66,66,66,66,66,66,66,66,66,66,66,66,66,66,71,71,71,71,71,71,71,71,71,71,71,71,71,71,71,71,71,71,71,71,71,71,71,71,71,71,71,71,71,71,71,71,71],"card_choices":[{"not_picked":["Acrobatics","Quick Slash"],"picked":"Predator","floor":1.0},{"not_picked":["Backstab","Dagger Spray"],"picked":"Acrobatics","floor":3.0},{"not_picked":["Accuracy","Infinite Blades","Slice","Distraction"],"picked":"SKIP","floor":11.0},{"not_picked":["Bane","PiercingWail","Masterful Stab"],"picked":"Tactician","floor":13.0},{"not_picked":["Terror+1","Quick Slash","Backstab"],"picked":"Calculated Gamble","floor":18.0},{"not_picked":["Flying Knee","Riddle With Holes","Acrobatics","Deadly Poison+1"],"picked":"SKIP","floor":20.0},{"not_picked":["Dagger Spray","Footwork","Backflip"],"picked":"Prepared","floor":21.0},{"not_picked":["Noxious Fumes","Backflip","Catalyst+1"],"picked":"Escape Plan","floor":22.0},{"not_picked":["Envenom","Dagger Throw","Calculated Gamble","Dodge and Roll"],"picked":"SKIP","floor":23.0},{"not_picked":["Backstab","Slice","Acrobatics"],"picked":"Backflip+1","floor":28.0},{"not_picked":["Outmaneuver","Cloak And Dagger","Deadly Poison","A Thousand Cuts"],"picked":"SKIP","floor":29.0},{"not_picked":["Expertise","Poisoned Stab","Quick Slash","Predator"],"picked":"SKIP","floor":31.0},{"not_picked":["A Thousand Cuts","Venomology","Corpse Explosion"],"picked":"Grand Finale","floor":33.0},{"not_picked":["Leg Sweep+1","Bane","Dagger Spray","Deflect"],"picked":"SKIP","floor":35.0},{"not_picked":["Mind Blast","Thinking Ahead","Magnetism"],"picked":"Panacea","floor":36.0},{"not_picked":["A Thousand Cuts","Dagger Spray","Deadly Poison+1","Bane"],"picked":"SKIP","floor":40.0},{"not_picked":["PiercingWail+1","Acrobatics","Finisher+1"],"picked":"Well Laid Plans","floor":42},{"not_picked":["Bouncing Flask+1","Distraction+1","A Thousand Cuts","Dash"],"picked":"SKIP","floor":45},{"not_picked":["Sucker Punch","Acrobatics+1","Prepared+1","Setup+1"],"picked":"SKIP","floor":46},{"not_picked":["Bane","Bouncing Flask+1","Dodge and Roll+1","Deflect+1"],"picked":"SKIP","floor":48},{"not_picked":["Dagger Spray","Well Laid Plans","Blade Dance+1","Crippling Poison+1"],"picked":"SKIP","floor":55}],"player_experience":3175933,"relics_obtained":[{"floor":5.0,"key":"Question Card"},{"floor":9.0,"key":"PreservedInsect"},{"floor":11.0,"key":"Whetstone"},{"floor":13.0,"key":"Blood Vial"},{"floor":23.0,"key":"Boot"},{"floor":29.0,"key":"Juzu Bracelet"},{"floor":39.0,"key":"FossilizedHelix"},{"floor":40.0,"key":"Thread and Needle"},{"floor":40.0,"key":"Oddly Smooth Stone"},{"floor":42,"key":"Dream Catcher"},{"floor":42,"key":"Lantern"},{"floor":43,"key":"Toxic Egg 2"},{"floor":46,"key":"Letter Opener"},{"floor":46,"key":"Art of War"},{"floor":55,"key":"War Paint"},{"floor":55,"key":"Bronze Scales"}],"event_choices":[{"damage_healed":0.0,"max_hp_gain":0.0,"max_hp_loss":0.0,"gold_gain":0.0,"event_name":"Scrap Ooze","player_choice":"Success","floor":2.0,"gold_loss":0.0,"damage_taken":11.0,"relics_obtained":["Orichalcum"]},{"damage_healed":0.0,"max_hp_gain":0.0,"max_hp_loss":0.0,"gold_gain":0.0,"cards_transformed":["Strike_G"],"event_name":"Living Wall","player_choice":"Change","floor":4.0,"gold_loss":0.0,"damage_taken":0.0,"cards_obtained":["Adrenaline"]},{"damage_healed":0.0,"max_hp_gain":0.0,"max_hp_loss":0.0,"gold_gain":0.0,"event_name":"Dead Adventurer","player_choice":"Searched \u00271\u0027 times","floor":13.0,"gold_loss":0.0,"damage_taken":0.0},{"cards_removed":["Defend_G"],"damage_healed":0.0,"max_hp_gain":0.0,"max_hp_loss":0.0,"gold_gain":0.0,"event_name":"Golden Wing","player_choice":"Card Removal","floor":14.0,"gold_loss":0.0,"damage_taken":7.0},{"damage_healed":0.0,"max_hp_gain":0.0,"max_hp_loss":0.0,"gold_gain":0.0,"event_name":"Accursed Blacksmith","player_choice":"Forge","floor":19.0,"gold_loss":0.0,"damage_taken":0.0,"cards_upgraded":["Calculated Gamble"]},{"damage_healed":0.0,"max_hp_gain":5.0,"max_hp_loss":0.0,"gold_gain":0.0,"event_name":"Forgotten Altar","player_choice":"Shed Blood","floor":24.0,"gold_loss":0.0,"damage_taken":23.0},{"cards_removed":["Strike_G"],"damage_healed":0.0,"max_hp_gain":0.0,"max_hp_loss":0.0,"gold_gain":0.0,"event_name":"Back to Basics","player_choice":"Elegance","floor":25.0,"gold_loss":0.0,"damage_taken":0.0},{"damage_healed":0.0,"max_hp_gain":0.0,"max_hp_loss":0.0,"gold_gain":0.0,"event_name":"SensoryStone","player_choice":"Memory 1","floor":36.0,"gold_loss":0.0,"damage_taken":0.0},{"damage_healed":0.0,"max_hp_gain":0.0,"max_hp_loss":0.0,"gold_gain":0.0,"event_name":"SecretPortal","player_choice":"Ignored","floor":37.0,"gold_loss":0.0,"damage_taken":0.0},{"damage_healed":0.0,"max_hp_gain":0.0,"max_hp_loss":0.0,"gold_gain":0.0,"event_name":"Mysterious Sphere","player_choice":"Fight","floor":39.0,"gold_loss":0.0,"damage_taken":0.0},{"damage_healed":0,"gold_gain":0,"player_choice":"Ignored","damage_taken":0,"max_hp_gain":0,"max_hp_loss":0,"event_name":"Tomb of Lord Red Mask","floor":44,"gold_loss":0}],"is_beta":true,"boss_relics":[{"not_picked":["Sozu","Snecko Eye"],"picked":"Eternal Feather"},{"not_picked":["HoveringKite","Velvet Choker"],"picked":"Black Star"}],"items_purged_floors":[7,27,38,47],"is_endless":false,"potions_floor_spawned":[11,16,22,23,29,31,40,42,46,48],"ascension_level":20}