{"gold_per_floor":[219,144,144,144,144,144,185,199,199,223,243,258,66,104,104,232,232,253,276,130,155,155,193,211,230,310,344,387,425,340,355,355,478,478,503,519,519,578,599,639,639,402,402,445,445,461,46,46,46,46,46,46,46,87,87],"floor_reached":56,"playtime":3298,"items_purged":["Strike_B","Strike_B"],"score":1429,"play_id":"8afcf090-4e8e-4108-8a55-c4f9d9adae4c","local_time":"20190921203842","is_ascension_mode":true,"campfire_choices":[{"floor":6.0,"key":"REST"},{"data":"Apotheosis","floor":15.0,"key":"SMITH"},{"floor":32.0,"key":"RECALL"},{"floor":41.0,"key":"REST"},{"floor":49.0,"key":"REST"},{"floor":52.0,"key":"REST"}],"neow_cost":"NONE","seed_source_timestamp":289032401474500,"circlet_count":0,"master_deck":["Defend_B","Zap+1","Dualcast","Compile Driver","Go for the Eyes","Lockon","Cold Snap","Ball Lightning","Undo","Apotheosis+1","Compile Driver","Core Surge","Hologram","Coolheaded","Capacitor","Chill+1","Biased Cognition","Capacitor","Biased Cognition","Scrape+1","Machine Learning+1","Ball Lightning+1","Genetic Algorithm","Force Field+1","Conserve Battery","Stack+1","Defragment","Echo Form","Reprogram+1","Undo","Core Surge"],"special_seed":0,"relics":["Cracked Core","Golden Idol","Lantern","Shuriken","Matryoshka","Fusion Hammer","Anchor","Dream Catcher","Mercury Hourglass","Sundial","Red Mask","Pear","Kunai","Astrolabe","Ginger","DataDisk","Boot","Art of War","Question Card","Centennial Puzzle","OrangePellets","SsserpentHead","Dead Branch"],"potions_floor_usage":[55,55,55,55],"damage_taken":[{"damage":0.0,"enemies":"2 Louse","floor":1.0,"turns":1.0},{"damage":21.0,"enemies":"Lagavulin","floor":7.0,"turns":7.0},{"damage":1.0,"enemies":"Jaw Worm","floor":8.0,"turns":3.0},{"damage":2.0,"enemies":"Small Slimes","floor":10.0,"turns":2.0},{"damage":2.0,"enemies":"Blue Slaver","floor":11.0,"turns":3.0},{"damage":5.0,"enemies":"3 Louse","floor":12.0,"turns":3.0},{"damage":0.0,"enemies":"Gremlin Nob","floor":14.0,"turns":3.0},{"damage":10.0,"enemies":"Hexaghost","floor":16.0,"turns":8.0},{"damage":5.0,"enemies":"Spheric Guardian","floor":18.0,"turns":3.0},{"damage":0.0,"enemies":"Shell Parasite","floor":19.0,"turns":4.0},{"damage":2.0,"enemies":"Sentry and Sphere","floor":21.0,"turns":4.0},{"damage":2.0,"enemies":"Book of Stabbing","floor":23.0,"turns":5.0},{"damage":4.0,"enemies":"Snecko","floor":24.0,"turns":3.0},{"damage":12.0,"enemies":"Shelled Parasite and Fungi","floor":25.0,"turns":5.0},{"damage":0.0,"enemies":"Slavers","floor":27.0,"turns":5.0},{"damage":4.0,"enemies":"Masked Bandits","floor":28.0,"turns":4.0},{"damage":5.0,"enemies":"Gremlin Leader","floor":29.0,"turns":6.0},{"damage":0.0,"enemies":"Centurion and Healer","floor":31.0,"turns":5.0},{"damage":0.0,"enemies":"Automaton","floor":33.0,"turns":7.0},{"damage":1.0,"enemies":"Orb Walker","floor":35.0,"turns":3.0},{"damage":0.0,"enemies":"3 Shapes","floor":36.0,"turns":3.0},{"damage":29.0,"enemies":"2 Orb Walkers","floor":38.0,"turns":5.0},{"damage":0.0,"enemies":"Jaw Worm Horde","floor":39.0,"turns":5.0},{"damage":0.0,"enemies":"Giant Head","floor":40.0,"turns":6.0},{"damage":17.0,"enemies":"Nemesis","floor":44.0,"turns":5.0},{"damage":0.0,"enemies":"Maw","floor":46.0,"turns":6.0},{"damage":55.0,"enemies":"Time Eater","floor":50.0,"turns":12.0},{"damage":48.0,"enemies":"Shield and Spear","floor":54.0,"turns":8.0},{"damage":31,"enemies":"The Heart","floor":55,"turns":11}],"seed_played":"8004793166138921210","potions_obtained":[{"floor":7.0,"key":"Energy Potion"},{"floor":12.0,"key":"AttackPotion"},{"floor":14.0,"key":"FairyPotion"},{"floor":16.0,"key":"Regen Potion"},{"floor":21.0,"key":"EntropicBrew"},{"floor":23.0,"key":"Dexterity Potion"},{"floor":24.0,"key":"PowerPotion"},{"floor":31.0,"key":"FearPotion"}],"is_trial":false,"path_per_floor":["M","$","?","?","?","R","E","M","T","M","M","M","$","E","R","B",null,"M","M","$","M","?","E","M","M","T","E","?","E","?","M","R","B",null,"M","M","$","?","M","E","R","$","T","E","?","M","$","?","R","B",null,"R","$","E","B",null],"character_chosen":"DEFECT","items_purchased":["Apotheosis","Coolheaded","Defragment","Boot","Undo","Centennial Puzzle","OrangePellets"],"campfire_rested":4,"item_purchase_floors":[13,20,42,42,47,47,47],"current_hp_per_floor":[75,75,75,57,50,72,51,50,50,48,46,41,41,41,41,31,75,70,70,70,68,68,66,62,50,50,50,46,51,51,51,51,51,85,84,84,84,55,55,55,80,80,80,63,63,63,63,63,81,41,81,81,81,33,2],"gold":87,"neow_bonus":"HUNDRED_GOLD","is_prod":false,"is_daily":false,"chose_seed":false,"campfire_upgraded":1,"win_rate":0,"timestamp":1569123522,"path_taken":["M","$","?","?","?","R","E","M","T","M","?","M","$","E","R","BOSS","M","M","$","M","?","E","M","?","T","E","?","E","?","M","R","BOSS","M","M","$","?","M","E","R","$","T","E","?","M","$","?","R","BOSS","R","$","E","BOSS"],"build_version":"2019-07-17","purchased_purges":2,"victory":true,"max_hp_per_floor":[75,75,75,75,75,75,75,75,75,75,75,75,75,75,75,75,75,75,75,75,75,75,75,75,75,75,75,75,85,85,85,85,85,85,85,85,85,85,85,85,85,85,85,85,81,81,81,81,81,81,81,81,81,81,81],"card_choices":[{"not_picked":["Consume","Redo"],"picked":"Compile Driver","floor":1.0},{"not_picked":["Gash","Hello World"],"picked":"Go for the Eyes","floor":7.0},{"not_picked":["Loop","Coolheaded"],"picked":"Lockon","floor":8.0},{"not_picked":["Streamline","Barrage"],"picked":"Cold Snap","floor":10.0},{"not_picked":["Tempest","Gash"],"picked":"Ball Lightning","floor":11.0},{"not_picked":["Barrage","Scrape"],"picked":"Undo","floor":12.0},{"not_picked":["Reprogram","Streamline"],"picked":"Compile Driver","floor":14.0},{"not_picked":["All For One","Amplify"],"picked":"Core Surge","floor":16.0},{"not_picked":["Leap+1","Conserve Battery","Heatsinks"],"picked":"SKIP","floor":18.0},{"not_picked":["Turbo","Go for the Eyes+1"],"picked":"Hologram","floor":19.0},{"not_picked":["Rebound+1","Gash","Ball Lightning"],"picked":"SKIP","floor":21.0},{"not_picked":["Doom and Gloom","Go for the Eyes"],"picked":"Capacitor","floor":23.0},{"not_picked":["Ball Lightning","Rebound","Meteor Strike"],"picked":"SKIP","floor":24.0},{"not_picked":["Stack+1","Beam Cell"],"picked":"Chill+1","floor":25.0},{"not_picked":["Lockon","Barrage","Rebound"],"picked":"SKIP","floor":27.0},{"not_picked":["Beam Cell","Lockon"],"picked":"Biased Cognition","floor":29.0},{"not_picked":["Turbo","Storm"],"picked":"Capacitor","floor":31.0},{"not_picked":["Electrodynamics","All For One"],"picked":"Biased Cognition","floor":33.0},{"not_picked":["Chaos","Compile Driver"],"picked":"Genetic Algorithm","floor":35.0},{"not_picked":["Double Energy","Redo","Sweeping Beam+1"],"picked":"SKIP","floor":36.0},{"not_picked":["Sunder","Sweeping Beam+1"],"picked":"Force Field+1","floor":38.0},{"not_picked":["Compile Driver","Rebound"],"picked":"Conserve Battery","floor":39.0},{"not_picked":["Gash+1","Coolheaded","Rebound"],"picked":"SKIP","floor":40.0},{"not_picked":["Sweeping Beam+1","Redo"],"picked":"Stack+1","floor":41.0},{"not_picked":["Cold Snap","Streamline"],"picked":"Echo Form","floor":44.0},{"not_picked":["Compile Driver+1","Sunder+1","Rebound"],"picked":"Reprogram+1","floor":46.0},{"not_picked":["Undo","Recycle+1","Blizzard+1"],"picked":"Core Surge","floor":54.0}],"player_experience":1076566,"relics_obtained":[{"floor":7.0,"key":"Lantern"},{"floor":9.0,"key":"Shuriken"},{"floor":14.0,"key":"Matryoshka"},{"floor":23.0,"key":"Anchor"},{"floor":26.0,"key":"Dream Catcher"},{"floor":26.0,"key":"Mercury Hourglass"},{"floor":27.0,"key":"Sundial"},{"floor":28.0,"key":"Red Mask"},{"floor":29.0,"key":"Pear"},{"floor":38.0,"key":"Ginger"},{"floor":40.0,"key":"DataDisk"},{"floor":43.0,"key":"Art of War"},{"floor":44.0,"key":"Question Card"},{"floor":54.0,"key":"Dead Branch"}],"event_choices":[{"damage_healed":0.0,"max_hp_gain":0.0,"max_hp_loss":0.0,"gold_gain":0.0,"event_name":"Living Wall","player_choice":"Grow","floor":3.0,"gold_loss":0.0,"damage_taken":0.0,"cards_upgraded":["Zap"]},{"damage_healed":0.0,"max_hp_gain":0.0,"max_hp_loss":0.0,"gold_gain":0.0,"event_name":"Golden Idol","player_choice":"Take Damage","floor":4.0,"gold_loss":0.0,"damage_taken":18.0,"relics_obtained":["Golden Idol"]},{"cards_removed":["Strike_B"],"damage_healed":0.0,"max_hp_gain":0.0,"max_hp_loss":0.0,"gold_gain":0.0,"event_name":"Golden Wing","player_choice":"Card Removal","floor":5.0,"gold_loss":0.0,"damage_taken":7.0},{"cards_removed":["Strike_B"],"damage_healed":0.0,"max_hp_gain":0.0,"max_hp_loss":0.0,"gold_gain":0.0,"event_name":"Wheel of Change","player_choice":"Card Removal","floor":22.0,"gold_loss":0.0,"damage_taken":0.0},{"damage_healed":0.0,"max_hp_gain":0.0,"max_hp_loss":0.0,"gold_gain":0.0,"event_name":"Masked Bandits","player_choice":"Fought Bandits","floor":28.0,"gold_loss":0.0,"damage_taken":0.0},{"damage_healed":0.0,"max_hp_gain":0.0,"max_hp_loss":0.0,"gold_gain":0.0,"event_name":"Addict","player_choice":"Obtained Relic","floor":30.0,"gold_loss":85.0,"damage_taken":0.0,"relics_obtained":["Kunai"]},{"damage_healed":0.0,"max_hp_gain":0.0,"max_hp_loss":0.0,"gold_gain":0.0,"event_name":"Mysterious Sphere","player_choice":"Fight","floor":38.0,"gold_loss":0.0,"damage_taken":0.0},{"damage_healed":0.0,"max_hp_gain":0.0,"max_hp_loss":4.0,"gold_gain":0.0,"event_name":"Winding Halls","player_choice":"Max HP","floor":45.0,"gold_loss":0.0,"damage_taken":0.0},{"damage_healed":0.0,"max_hp_gain":0.0,"max_hp_loss":0.0,"gold_gain":0.0,"event_name":"FaceTrader","player_choice":"Trade","floor":48.0,"gold_loss":0.0,"damage_taken":0.0,"relics_obtained":["SsserpentHead"]}],"is_beta":false,"boss_relics":[{"not_picked":["Snecko Eye","Tiny House"],"picked":"Fusion Hammer"},{"not_picked":["Pandora\u0027s Box","Cursed Key"],"picked":"Astrolabe"}],"items_purged_floors":[2,20],"is_endless":false,"potions_floor_spawned":[7,12,14,16,21,23,24,31,44,46],"ascension_level":1}