{"gold_per_floor":[110,110,110,123,135,162,162,87,111,111,140,153,170,95,95,170,170,180,80,97,14,34,64,44,79,105,166,186,186,221,253,265,350,362,384,413,198,213,226,251,271,302,329,361,361,394,409,440,440,440,440,440,440,9,38,38],"floor_reached":57,"playtime":2049,"items_purged":["Strike_G","Strike_G","Predator","Defend_G"],"score":3934,"play_id":"3152ffcd-0963-41ee-9b68-93c091f53829","local_time":"20190814052131","is_ascension_mode":true,"campfire_choices":[{"data":"Calculated Gamble","floor":7.0,"key":"SMITH"},{"data":"Flechettes","floor":10.0,"key":"SMITH"},{"data":"Acrobatics","floor":15.0,"key":"SMITH"},{"data":"Reflex","floor":29.0,"key":"SMITH"},{"floor":32.0,"key":"RECALL"},{"data":"Calculated Gamble","floor":45.0,"key":"SMITH"},{"data":"Purity","floor":49.0,"key":"SMITH"},{"data":"Escape Plan","floor":53.0,"key":"SMITH"}],"neow_cost":"NONE","seed_source_timestamp":661629598569926,"circlet_count":0,"master_deck":["AscendersBane","Defend_G","Defend_G","Defend_G","Defend_G","Survivor","Neutralize","Flechettes+1","Acrobatics+1","Noxious Fumes","Calculated Gamble+1","Adrenaline","Reflex+1","Adrenaline","Tactician+1","Escape Plan+1","Adrenaline","Acrobatics+1","Purity+1","Calculated Gamble+1","PiercingWail+1"],"special_seed":0,"relics":["Ring of the Snake","NeowsBlessing","Lantern","Ancient Tea Set","Thread and Needle","Black Star","Potion Belt","Strawberry","Bag of Marbles","Tiny Chest","Gremlin Horn","Pantograph","MawBank","Coffee Dripper","Oddly Smooth Stone","Blood Vial","Dream Catcher","Juzu Bracelet","Art of War","Regal Pillow","Gambling Chip","Pen Nib","Bag of Preparation","Omamori","The Specimen","Sundial","Snake Skull","Nunchaku"],"potions_floor_usage":[56,56,56,56,56,56,56],"damage_taken":[{"damage":0.0,"enemies":"Cultist","floor":1.0,"turns":1.0},{"damage":0.0,"enemies":"2 Louse","floor":4.0,"turns":1.0},{"damage":0.0,"enemies":"Jaw Worm","floor":5.0,"turns":1.0},{"damage":7.0,"enemies":"Lagavulin","floor":6.0,"turns":3.0},{"damage":8.0,"enemies":"Gremlin Nob","floor":11.0,"turns":3.0},{"damage":4.0,"enemies":"Lots of Slimes","floor":12.0,"turns":4.0},{"damage":7.0,"enemies":"Exordium Thugs","floor":13.0,"turns":4.0},{"damage":22.0,"enemies":"Hexaghost","floor":16.0,"turns":9.0},{"damage":0.0,"enemies":"2 Thieves","floor":18.0,"turns":2.0},{"damage":0.0,"enemies":"Chosen","floor":20.0,"turns":2.0},{"damage":2.0,"enemies":"Shelled Parasite and Fungi","floor":22.0,"turns":4.0},{"damage":0.0,"enemies":"Slavers","floor":23.0,"turns":2.0},{"damage":0.0,"enemies":"Gremlin Leader","floor":25.0,"turns":5.0},{"damage":0.0,"enemies":"Book of Stabbing","floor":27.0,"turns":3.0},{"damage":0.0,"enemies":"Cultist and Chosen","floor":28.0,"turns":2.0},{"damage":0.0,"enemies":"Slavers","floor":30.0,"turns":1.0},{"damage":6.0,"enemies":"Snake Plant","floor":31.0,"turns":2.0},{"damage":0.0,"enemies":"Automaton","floor":33.0,"turns":3.0},{"damage":0.0,"enemies":"3 Darklings","floor":35.0,"turns":2.0},{"damage":0.0,"enemies":"3 Shapes","floor":36.0,"turns":1.0},{"damage":0.0,"enemies":"Maw","floor":38.0,"turns":2.0},{"damage":6.0,"enemies":"Sphere and 2 Shapes","floor":39.0,"turns":2.0},{"damage":0.0,"enemies":"Nemesis","floor":40.0,"turns":1.0},{"damage":0.0,"enemies":"4 Shapes","floor":41.0,"turns":1.0},{"damage":0.0,"enemies":"Reptomancer","floor":42.0,"turns":1.0},{"damage":0.0,"enemies":"Nemesis","floor":44.0,"turns":1.0},{"damage":0.0,"enemies":"Reptomancer","floor":46.0,"turns":1.0},{"damage":0.0,"enemies":"Jaw Worm Horde","floor":47.0,"turns":1.0},{"damage":0.0,"enemies":"Giant Head","floor":48.0,"turns":1.0},{"damage":0.0,"enemies":"Awakened One","floor":50.0,"turns":2.0},{"damage":0.0,"enemies":"Donu and Deca","floor":51.0,"turns":1.0},{"damage":0,"enemies":"Shield and Spear","floor":55,"turns":1},{"damage":32,"enemies":"The Heart","floor":56,"turns":5}],"seed_played":"-2441708324711771261","potions_obtained":[{"floor":4.0,"key":"SteroidPotion"},{"floor":5.0,"key":"FearPotion"},{"floor":11.0,"key":"SpeedPotion"},{"floor":13.0,"key":"Poison Potion"},{"floor":16.0,"key":"Weak Potion"},{"floor":20.0,"key":"SneckoOil"},{"floor":24.0,"key":"Ancient Potion"},{"floor":25.0,"key":"Explosive Potion"},{"floor":28.0,"key":"SpeedPotion"},{"floor":31.0,"key":"Swift Potion"},{"floor":35.0,"key":"Energy Potion"},{"floor":42.0,"key":"EssenceOfSteel"},{"floor":44.0,"key":"EntropicBrew"}],"is_trial":false,"path_per_floor":["M","?","?","M","M","E","R","?","T","R","E","M","M","$","R","B",null,"M","$","M","$","M","E","?","E","T","E","M","R","E","M","R","B",null,"M","M","$","M","M","E","M","E","T","E","R","E","M","E","R","B","B",null,"R","$","E","B",null],"character_chosen":"THE_SILENT","items_purchased":["Escape Plan","Purity","Sundial"],"campfire_rested":0,"item_purchase_floors":[21,37,54],"current_hp_per_floor":[59,52,52,52,52,45,45,45,45,45,37,33,26,26,26,4,51,51,51,51,51,49,49,49,56,56,56,56,56,56,50,50,73,73,73,73,73,73,67,67,69,71,71,73,73,73,73,73,73,73,73,73,73,73,73,49],"gold":38,"neow_bonus":"THREE_ENEMY_KILL","is_prod":false,"is_daily":false,"chose_seed":false,"campfire_upgraded":7,"win_rate":0,"timestamp":1565727691,"path_taken":["M","?","?","?","M","E","R","?","T","R","E","M","M","$","R","BOSS","M","$","M","$","M","E","?","E","T","E","M","R","E","M","R","BOSS","M","M","$","M","M","E","M","E","T","E","R","E","M","E","R","BOSS","BOSS","R","$","E","BOSS"],"build_version":"2019-07-17","purchased_purges":4,"victory":true,"max_hp_per_floor":[66,66,66,66,66,66,66,66,66,66,66,66,66,66,66,66,66,66,66,66,66,66,66,66,73,73,73,73,73,73,73,73,73,73,73,73,73,73,73,73,73,73,73,73,73,73,73,73,73,73,73,73,73,73,73,73],"card_choices":[{"not_picked":["Acrobatics","Catalyst"],"picked":"Flechettes","floor":1.0},{"not_picked":["Skewer","Prepared"],"picked":"Predator","floor":4.0},{"not_picked":["Predator","Dodge and Roll"],"picked":"Noxious Fumes","floor":5.0},{"not_picked":["Cloak And Dagger","Acrobatics"],"picked":"Calculated Gamble","floor":6.0},{"not_picked":["Underhanded Strike","Heel Hook"],"picked":"Adrenaline","floor":11.0},{"not_picked":["Setup","Backflip"],"picked":"Reflex","floor":12.0},{"not_picked":["Deadly Poison","Catalyst","Footwork"],"picked":"SKIP","floor":13.0},{"not_picked":["Die Die Die","Unload"],"picked":"Adrenaline","floor":16.0},{"not_picked":["Poisoned Stab","Blade Dance","Cloak And Dagger"],"picked":"SKIP","floor":18.0},{"not_picked":["PiercingWail","Bouncing Flask+1"],"picked":"Tactician+1","floor":20.0},{"not_picked":["Choke","All Out Attack","Tactician"],"picked":"SKIP","floor":22.0},{"not_picked":["Dagger Throw","Crippling Poison","Backflip"],"picked":"SKIP","floor":23.0},{"not_picked":["Deflect","Poisoned Stab+1","Riddle With Holes"],"picked":"SKIP","floor":25.0},{"not_picked":["Deadly Poison","Setup+1","Quick Slash"],"picked":"SKIP","floor":27.0},{"not_picked":["Setup","Choke+1","Deflect"],"picked":"SKIP","floor":28.0},{"not_picked":["Poisoned Stab","Bouncing Flask","Distraction"],"picked":"SKIP","floor":30.0},{"not_picked":["Dagger Spray+1","Backstab","Deflect"],"picked":"SKIP","floor":31.0},{"not_picked":["Venomology","Doppelganger"],"picked":"Adrenaline","floor":33.0},{"not_picked":["Reflex","Flying Knee","Quick Slash+1"],"picked":"SKIP","floor":35.0},{"not_picked":["Deflect+1","Backflip"],"picked":"Acrobatics+1","floor":36.0},{"not_picked":["Malaise","Outmaneuver"],"picked":"Calculated Gamble","floor":38.0},{"not_picked":["Dodge and Roll","Blade Dance","PiercingWail"],"picked":"SKIP","floor":39.0},{"not_picked":["Caltrops","Noxious Fumes","Flying Knee"],"picked":"SKIP","floor":40.0},{"not_picked":["Slice+1","Bane","Dagger Spray"],"picked":"SKIP","floor":41.0},{"not_picked":["Expertise+1","A Thousand Cuts","Deflect"],"picked":"SKIP","floor":42.0},{"not_picked":["Cloak And Dagger","Sucker Punch","Underhanded Strike"],"picked":"SKIP","floor":44.0},{"not_picked":["Quick Slash","Accuracy+1","PiercingWail+1"],"picked":"SKIP","floor":46.0},{"not_picked":["Quick Slash","Accuracy+1"],"picked":"PiercingWail+1","floor":46.0},{"not_picked":["Heel Hook","Riddle With Holes","Dodge and Roll"],"picked":"SKIP","floor":47.0},{"not_picked":["Deflect","Expertise","Prepared"],"picked":"SKIP","floor":48.0},{"not_picked":["Cloak And Dagger","Prepared","Blade Dance"],"picked":"SKIP","floor":55}],"player_experience":888503,"relics_obtained":[{"floor":6.0,"key":"Lantern"},{"floor":9.0,"key":"Ancient Tea Set"},{"floor":11.0,"key":"Thread and Needle"},{"floor":23.0,"key":"Potion Belt"},{"floor":25.0,"key":"Strawberry"},{"floor":25.0,"key":"Bag of Marbles"},{"floor":27.0,"key":"Tiny Chest"},{"floor":27.0,"key":"Gremlin Horn"},{"floor":30.0,"key":"Pantograph"},{"floor":30.0,"key":"MawBank"},{"floor":40.0,"key":"Oddly Smooth Stone"},{"floor":40.0,"key":"Blood Vial"},{"floor":42.0,"key":"Dream Catcher"},{"floor":42.0,"key":"Juzu Bracelet"},{"floor":43.0,"key":"Art of War"},{"floor":44.0,"key":"Regal Pillow"},{"floor":44.0,"key":"Gambling Chip"},{"floor":46.0,"key":"Pen Nib"},{"floor":46.0,"key":"Bag of Preparation"},{"floor":48.0,"key":"Omamori"},{"floor":48.0,"key":"The Specimen"},{"floor":55,"key":"Snake Skull"},{"floor":55,"key":"Nunchaku"}],"event_choices":[{"cards_removed":["Strike_G"],"damage_healed":0.0,"max_hp_gain":0.0,"max_hp_loss":0.0,"gold_gain":0.0,"event_name":"Golden Wing","player_choice":"Card Removal","floor":2.0,"gold_loss":0.0,"damage_taken":7.0},{"damage_healed":0.0,"max_hp_gain":0.0,"max_hp_loss":0.0,"gold_gain":0.0,"cards_transformed":["Strike_G"],"event_name":"Transmorgrifier","player_choice":"Transformed","floor":3.0,"gold_loss":0.0,"damage_taken":0.0,"cards_obtained":["Acrobatics"]},{"cards_removed":["Strike_G"],"damage_healed":0.0,"max_hp_gain":0.0,"max_hp_loss":0.0,"gold_gain":0.0,"event_name":"The Cleric","player_choice":"Card Removal","floor":8.0,"gold_loss":75.0,"damage_taken":0.0},{"damage_healed":0.0,"max_hp_gain":0.0,"max_hp_loss":0.0,"gold_gain":0.0,"event_name":"The Woman in Blue","player_choice":"Bought 1 Potion","floor":24.0,"gold_loss":0.0,"damage_taken":0.0}],"is_beta":false,"boss_relics":[{"not_picked":["Philosopher\u0027s Stone","WristBlade"],"picked":"Black Star"},{"not_picked":["Busted Crown","Snecko Eye"],"picked":"Coffee Dripper"}],"items_purged_floors":[14,19,37,54],"is_endless":false,"potions_floor_spawned":[4,5,11,13,16,20,25,28,31,35,36,42,44,46,47],"ascension_level":20}