{"gold_per_floor":[109,109,109,120,131,131,143,157,234,268,268,287,300,315,315,315],"floor_reached":16,"playtime":1706,"items_purged":[],"score":106,"play_id":"c9c7a649-ebec-40a0-a616-b322d8b88122","local_time":"20181228183148","is_ascension_mode":false,"campfire_choices":[{"data":"Finisher","floor":6,"key":"SMITH"},{"floor":15,"key":"REST"}],"neow_cost":"NONE","seed_source_timestamp":4796217281078,"circlet_count":0,"master_deck":["Defend_G","Defend_G","Defend_G","Defend_G","Defend_G","Strike_G","Strike_G","Strike_G","Strike_G","Strike_G","Survivor","Neutralize","Burst","Finisher+1","Bane","Caltrops","Poisoned Stab","Slice","Expertise","Parasite","Skewer","Dash","Backflip"],"relics":["Ring of the Snake","Dodecahedron","Nunchaku"],"potions_floor_usage":[10,13,13],"damage_taken":[{"damage":8,"enemies":"Small Slimes","floor":1,"turns":5},{"damage":3,"enemies":"2 Louse","floor":4,"turns":3},{"damage":0,"enemies":"Cultist","floor":5,"turns":4},{"damage":5,"enemies":"3 Louse","floor":7,"turns":3},{"damage":5,"enemies":"2 Fungi Beasts","floor":8,"turns":5},{"damage":29,"enemies":"3 Sentries","floor":10,"turns":9},{"damage":24,"enemies":"Lots of Slimes","floor":12,"turns":6},{"damage":2,"enemies":"Large Slime","floor":13,"turns":4},{"damage":9,"enemies":"2 Fungi Beasts","floor":14,"turns":4},{"damage":25,"enemies":"Slime Boss","floor":16,"turns":3}],"seed_played":"-3622787024562164399","potions_obtained":[{"floor":1,"key":"AttackPotion"},{"floor":7,"key":"Poison Potion"},{"floor":8,"key":"EssenceOfSteel"},{"floor":13,"key":"Fire Potion"}],"is_trial":false,"path_per_floor":["M","?","?","M","M","R","M","M","T","E","?","M","M","M","R","B"],"character_chosen":"THE_SILENT","items_purchased":[],"campfire_rested":1,"item_purchase_floors":[],"current_hp_per_floor":[62,62,62,59,59,59,54,49,49,20,37,13,11,2,23,0],"gold":315,"neow_bonus":"ONE_RANDOM_RARE_CARD","is_prod":false,"is_daily":false,"chose_seed":false,"campfire_upgraded":1,"win_rate":0.0,"timestamp":1546050708,"path_taken":["M","?","?","?","M","R","M","M","T","E","?","M","M","M","R","BOSS"],"build_version":"2018-12-20","purchased_purges":0,"victory":false,"max_hp_per_floor":[70,70,70,70,70,70,70,70,70,70,70,70,70,70,70,70],"card_choices":[{"not_picked":["Underhanded Strike","Deadly Poison"],"picked":"Finisher","floor":1},{"not_picked":["Blur","Tactician"],"picked":"Bane","floor":4},{"not_picked":["Dodge and Roll","Masterful Stab"],"picked":"Caltrops","floor":5},{"not_picked":["PiercingWail","Prepared"],"picked":"Poisoned Stab","floor":7},{"not_picked":["Calculated Gamble","Underhanded Strike"],"picked":"Slice","floor":8},{"not_picked":["Acrobatics","Eviscerate"],"picked":"Expertise","floor":10},{"not_picked":["Outmaneuver","Wraith Form v2"],"picked":"Skewer","floor":12},{"not_picked":["Deadly Poison","Distraction"],"picked":"Dash","floor":13},{"not_picked":["Quick Slash","Dodge and Roll"],"picked":"Backflip","floor":14}],"player_experience":52132,"relics_obtained":[{"floor":9,"key":"Dodecahedron"},{"floor":10,"key":"Nunchaku"}],"event_choices":[{"damage_healed":0,"gold_gain":0,"player_choice":"Ignored","damage_taken":0,"max_hp_gain":0,"max_hp_loss":0,"event_name":"Golden Wing","floor":2,"gold_loss":0},{"damage_healed":0,"gold_gain":0,"player_choice":"Ignored","damage_taken":0,"max_hp_gain":0,"max_hp_loss":0,"event_name":"NoteForYourself","floor":3,"gold_loss":0},{"damage_healed":17,"gold_gain":0,"player_choice":"Healed and dodged fight","damage_taken":0,"max_hp_gain":0,"max_hp_loss":0,"event_name":"Mushrooms","floor":11,"gold_loss":0,"cards_obtained":["Parasite"]}],"is_beta":false,"boss_relics":[],"items_purged_floors":[],"is_endless":false,"potions_floor_spawned":[1,7,8,13],"killed_by":"Slime Boss","ascension_level":0}