{"gold_per_floor":[109,109,26,46,66,86,86,120,120,120,120,138,163,177,177,250,250,267,267,283,123,136,136,152,152,152,165,190,190,190,246,246,317,317,333,348,145,163,183,183,231,260,283,300,310,344,344,391,391,391,391],"floor_reached":51,"playtime":2466,"items_purged":["Strike_G","Caltrops+1"],"score":1718,"play_id":"0644d87c-968e-4c34-b452-9f4689372bcd","local_time":"20190816041704","is_ascension_mode":true,"campfire_choices":[{"data":"Flechettes","floor":7.0,"key":"SMITH"},{"data":"Noxious Fumes","floor":10.0,"key":"SMITH"},{"data":"Well Laid Plans","floor":15.0,"key":"SMITH"},{"data":"Calculated Gamble","floor":23.0,"key":"SMITH"},{"data":"Calculated Gamble","floor":25.0,"key":"SMITH"},{"floor":32.0,"key":"REST"},{"data":"Tactician","floor":40.0,"key":"SMITH"},{"data":"Tactician","floor":47.0,"key":"SMITH"},{"floor":49.0,"key":"RECALL"}],"neow_cost":"TEN_PERCENT_HP_LOSS","seed_source_timestamp":85270488019173,"circlet_count":0,"master_deck":["AscendersBane","Defend_G","Defend_G","Defend_G","Survivor","Neutralize+1","Infinite Blades","Footwork","Noxious Fumes+1","Flechettes+1","Escape Plan","Well Laid Plans+1","Corpse Explosion","Acrobatics+1","Calculated Gamble+1","Calculated Gamble+1","Escape Plan","Prepared+1","Prepared+1","Underhanded Strike+1","PiercingWail","Distraction","Tactician+1","Expertise","Tactician+1"],"special_seed":0,"relics":["Ring of the Snake","CultistMask","Anchor","Matryoshka","Calipers","Bottled Lightning","Empty Cage","Regal Pillow","The Courier","Tiny Chest","Astrolabe","Ice Cream","Strawberry","Gremlin Horn","Snake Skull","Whetstone","PreservedInsect"],"potions_floor_usage":[],"damage_taken":[{"damage":0.0,"enemies":"Small Slimes","floor":1.0,"turns":5.0},{"damage":3.0,"enemies":"Cultist","floor":4.0,"turns":5.0},{"damage":1.0,"enemies":"2 Louse","floor":5.0,"turns":3.0},{"damage":0.0,"enemies":"Blue Slaver","floor":6.0,"turns":6.0},{"damage":9.0,"enemies":"Lagavulin","floor":8.0,"turns":6.0},{"damage":0.0,"enemies":"Looter","floor":12.0,"turns":4.0},{"damage":0.0,"enemies":"3 Sentries","floor":13.0,"turns":7.0},{"damage":0.0,"enemies":"Large Slime","floor":14.0,"turns":4.0},{"damage":0.0,"enemies":"Hexaghost","floor":16.0,"turns":9.0},{"damage":2.0,"enemies":"3 Byrds","floor":18.0,"turns":2.0},{"damage":9.0,"enemies":"Shell Parasite","floor":20.0,"turns":8.0},{"damage":2.0,"enemies":"3 Cultists","floor":22.0,"turns":3.0},{"damage":2.0,"enemies":"Cultist and Chosen","floor":24.0,"turns":3.0},{"damage":16.0,"enemies":"Shelled Parasite and Fungi","floor":27.0,"turns":6.0},{"damage":14.0,"enemies":"Book of Stabbing","floor":28.0,"turns":4.0},{"damage":2.0,"enemies":"Gremlin Leader","floor":31.0,"turns":5.0},{"damage":33.0,"enemies":"Collector","floor":33.0,"turns":8.0},{"damage":0.0,"enemies":"Orb Walker","floor":35.0,"turns":2.0},{"damage":0.0,"enemies":"3 Darklings","floor":36.0,"turns":2.0},{"damage":2.0,"enemies":"Sphere and 2 Shapes","floor":38.0,"turns":3.0},{"damage":2.0,"enemies":"Transient","floor":39.0,"turns":6.0},{"damage":2.0,"enemies":"2 Orb Walkers","floor":41.0,"turns":4.0},{"damage":0.0,"enemies":"Reptomancer","floor":42.0,"turns":4.0},{"damage":0.0,"enemies":"Writhing Mass","floor":44.0,"turns":5.0},{"damage":4.0,"enemies":"Jaw Worm Horde","floor":45.0,"turns":2.0},{"damage":32.0,"enemies":"Nemesis","floor":46.0,"turns":7.0},{"damage":6.0,"enemies":"Awakened One","floor":50.0,"turns":8.0},{"damage":10,"enemies":"Time Eater","floor":51,"turns":2}],"seed_played":"-8987237107196983790","potions_obtained":[{"floor":1.0,"key":"EssenceOfSteel"},{"floor":4.0,"key":"AttackPotion"},{"floor":12.0,"key":"Strength Potion"},{"floor":14.0,"key":"SkillPotion"},{"floor":18.0,"key":"SkillPotion"},{"floor":24.0,"key":"Energy Potion"},{"floor":28.0,"key":"SteroidPotion"},{"floor":33.0,"key":"Strength Potion"},{"floor":35.0,"key":"EssenceOfSteel"},{"floor":42.0,"key":"SpeedPotion"},{"floor":46.0,"key":"SkillPotion"}],"is_trial":false,"path_per_floor":["M","?","$","M","M","M","R","E","T","R","?","M","E","M","R","B",null,"M","?","M","$","M","R","M","R","T","M","E","?","?","E","R","B",null,"M","M","$","M","M","R","?","E","T","M","M","E","R","T","R","B","B"],"character_chosen":"THE_SILENT","items_purchased":["Noxious Fumes","Escape Plan","Distraction","Tactician"],"campfire_rested":1,"item_purchase_floors":[3,21,37,37],"current_hp_per_floor":[59,59,59,56,55,55,55,46,46,46,35,35,35,35,35,35,54,52,52,43,43,41,41,39,39,39,23,9,9,9,7,40,7,47,47,47,47,45,43,43,41,48,48,48,44,12,12,12,12,6,0],"gold":391,"neow_bonus":"TRANSFORM_TWO_CARDS","is_prod":false,"is_daily":false,"chose_seed":false,"campfire_upgraded":7,"win_rate":0,"timestamp":1565896624,"path_taken":["M","?","$","M","M","?","R","E","T","R","?","M","E","M","R","BOSS","M","?","M","$","M","R","M","R","T","M","E","?","?","E","R","BOSS","M","?","$","M","M","R","?","E","T","M","M","E","R","?","R","BOSS","BOSS"],"build_version":"2019-07-17","purchased_purges":2,"victory":false,"max_hp_per_floor":[60,60,60,60,60,60,60,60,60,60,60,60,60,60,60,60,60,60,60,60,60,60,60,60,60,60,60,60,60,60,60,60,60,60,60,60,60,60,60,60,60,67,67,67,67,67,67,67,67,67,67],"card_choices":[{"not_picked":["Reflex","Underhanded Strike"],"picked":"Predator","floor":1.0},{"not_picked":["Prepared","Acrobatics","Dagger Throw"],"picked":"SKIP","floor":4.0},{"not_picked":["A Thousand Cuts","Predator"],"picked":"Flechettes","floor":5.0},{"not_picked":["Footwork","Flechettes","Endless Agony"],"picked":"SKIP","floor":6.0},{"not_picked":["Backstab","Flying Knee"],"picked":"Escape Plan","floor":8.0},{"not_picked":["Sucker Punch","Quick Slash"],"picked":"Well Laid Plans","floor":12.0},{"not_picked":["Distraction","Crippling Poison"],"picked":"Corpse Explosion","floor":13.0},{"not_picked":["Sucker Punch","Dagger Spray"],"picked":"Acrobatics","floor":14.0},{"not_picked":["Dagger Throw","Deadly Poison"],"picked":"Calculated Gamble","floor":18.0},{"not_picked":["Expertise","Poisoned Stab+1"],"picked":"Calculated Gamble","floor":20.0},{"not_picked":["Dodge and Roll+1","Accuracy","Dagger Spray"],"picked":"SKIP","floor":22.0},{"not_picked":["Dodge and Roll","Dagger Throw","Deadly Poison"],"picked":"SKIP","floor":24.0},{"not_picked":["Acrobatics","Noxious Fumes","Blur+1"],"picked":"SKIP","floor":27.0},{"not_picked":["Prepared","Wraith Form v2","Concentrate"],"picked":"SKIP","floor":28.0},{"not_picked":["Quick Slash","Cloak And Dagger"],"picked":"Prepared+1","floor":31.0},{"not_picked":["Outmaneuver","Slice","Eviscerate"],"picked":"SKIP","floor":35.0},{"not_picked":["Sucker Punch","Quick Slash+1"],"picked":"PiercingWail","floor":36.0},{"not_picked":["Blade Dance","PiercingWail","Dodge and Roll"],"picked":"SKIP","floor":38.0},{"not_picked":["Blur+1","Caltrops+1","Prepared"],"picked":"SKIP","floor":39.0},{"not_picked":["PiercingWail+1","Endless Agony","Blur+1"],"picked":"SKIP","floor":42.0},{"not_picked":["Poisoned Stab+1","Backstab"],"picked":"Expertise","floor":44.0},{"not_picked":["Slice","All Out Attack"],"picked":"Tactician","floor":45.0},{"not_picked":["Underhanded Strike","Outmaneuver","Infinite Blades"],"picked":"SKIP","floor":46.0}],"player_experience":902628,"relics_obtained":[{"floor":8.0,"key":"Anchor"},{"floor":9.0,"key":"Matryoshka"},{"floor":13.0,"key":"Bottled Lightning"},{"floor":26.0,"key":"Regal Pillow"},{"floor":28.0,"key":"The Courier"},{"floor":31.0,"key":"Tiny Chest"},{"floor":41.0,"key":"Ice Cream"},{"floor":42.0,"key":"Strawberry"},{"floor":43.0,"key":"Gremlin Horn"},{"floor":43.0,"key":"Snake Skull"},{"floor":46.0,"key":"Whetstone"},{"floor":48.0,"key":"PreservedInsect"}],"event_choices":[{"damage_healed":0.0,"max_hp_gain":0.0,"max_hp_loss":0.0,"gold_gain":0.0,"event_name":"FaceTrader","player_choice":"Trade","floor":2.0,"gold_loss":0.0,"damage_taken":0.0,"relics_obtained":["CultistMask"]},{"damage_healed":0.0,"max_hp_gain":0.0,"max_hp_loss":0.0,"gold_gain":0.0,"event_name":"Scrap Ooze","player_choice":"Success","floor":11.0,"gold_loss":0.0,"damage_taken":11.0,"relics_obtained":["Calipers"]},{"damage_healed":0.0,"max_hp_gain":0.0,"max_hp_loss":0.0,"gold_gain":0.0,"event_name":"Cursed Tome","player_choice":"Ignored","floor":19.0,"gold_loss":0.0,"damage_taken":0.0},{"damage_healed":0.0,"max_hp_gain":0.0,"max_hp_loss":0.0,"gold_gain":0.0,"event_name":"Vampires","player_choice":"Ignored","floor":29.0,"gold_loss":0.0,"damage_taken":0.0},{"damage_healed":0.0,"max_hp_gain":0.0,"max_hp_loss":0.0,"gold_gain":0.0,"event_name":"Accursed Blacksmith","player_choice":"Forge","floor":30.0,"gold_loss":0.0,"damage_taken":0.0,"cards_upgraded":["Acrobatics"]},{"damage_healed":0.0,"max_hp_gain":0.0,"max_hp_loss":0.0,"gold_gain":0.0,"event_name":"Mysterious Sphere","player_choice":"Fight","floor":41.0,"gold_loss":0.0,"damage_taken":0.0}],"is_beta":false,"boss_relics":[{"not_picked":["Eternal Feather","Sozu"],"picked":"Empty Cage"},{"not_picked":["Velvet Choker","Snecko Eye"],"picked":"Astrolabe"}],"items_purged_floors":[21,37],"is_endless":false,"potions_floor_spawned":[1,4,12,14,18,24,28,33,35,36,38,42,46],"killed_by":"Time Eater","ascension_level":20}