{"gold_per_floor":[110,110,39,54,54,89,89,115,115,115,47,63,76,86,86,188,188,176,191,225,225,225,225,238,254,254,254,254,264,289,303,303,406,406,424,524,746,796,796,796,807,43,43,43],"floor_reached":44,"playtime":4435,"items_purged":[],"score":461,"play_id":"c9c976a7-0466-413d-a792-62480a6655f8","local_time":"20190911114334","is_ascension_mode":false,"campfire_choices":[{"floor":7,"key":"REST"},{"data":"Leg Sweep","floor":10,"key":"SMITH"},{"floor":15,"key":"REST"},{"floor":23,"key":"REST"},{"floor":27,"key":"REST"},{"floor":32,"key":"REST"},{"floor":40,"key":"REST"}],"neow_cost":"NONE","seed_source_timestamp":1056343259239630,"circlet_count":0,"master_deck":["Strike_G+1","Strike_G+1","Defend_G+1","Defend_G+1","Defend_G+1","Defend_G+1","Defend_G+1","Survivor","Neutralize","Leg Sweep+1","Noxious Fumes","Noxious Fumes","Deadly Poison","Caltrops","Crippling Poison","Noxious Fumes","Outmaneuver","Poisoned Stab","Flying Knee","Backflip+1","PiercingWail","Dodge and Roll","Dash","Flying Knee+1","Predator+1","After Image","Deflect+1","Endless Agony+1","Dagger Spray+1","Leg Sweep+1","Deadly Poison","Noxious Fumes","Finesse","Sucker Punch+1"],"relics":["Ring of the Serpent","Mercury Hourglass","Ice Cream","Anchor","Empty Cage","Red Mask","Enchiridion","Sundial","Shuriken","WingedGreaves","Incense Burner","Bottled Flame","Molten Egg 2","Kunai"],"potions_floor_usage":[8,16,16,30,30,33,35,38,41],"damage_taken":[{"damage":0,"enemies":"2 Louse","floor":1,"turns":4},{"damage":0,"enemies":"Cultist","floor":4,"turns":5},{"damage":27,"enemies":"3 Sentries","floor":6,"turns":9},{"damage":6,"enemies":"Lagavulin","floor":8,"turns":7},{"damage":0,"enemies":"Small Slimes","floor":12,"turns":3},{"damage":0,"enemies":"Exordium Wildlife","floor":13,"turns":4},{"damage":4,"enemies":"Blue Slaver","floor":14,"turns":3},{"damage":17,"enemies":"The Guardian","floor":16,"turns":8},{"damage":13,"enemies":"2 Thieves","floor":18,"turns":4},{"damage":0,"enemies":"Chosen","floor":19,"turns":5},{"damage":50,"enemies":"Masked Bandits","floor":20,"turns":4},{"damage":12,"enemies":"Snake Plant","floor":24,"turns":4},{"damage":13,"enemies":"3 Cultists","floor":25,"turns":5},{"damage":6,"enemies":"Snecko","floor":29,"turns":6},{"damage":8,"enemies":"Book of Stabbing","floor":30,"turns":7},{"damage":5,"enemies":"Shelled Parasite and Fungi","floor":31,"turns":6},{"damage":28,"enemies":"Champ","floor":33,"turns":12},{"damage":8,"enemies":"Orb Walker","floor":35,"turns":5},{"damage":0,"enemies":"Mind Bloom Boss Battle","floor":36,"turns":7},{"damage":63,"enemies":"2 Orb Walkers","floor":38,"turns":8},{"damage":19,"enemies":"3 Darklings","floor":41,"turns":5},{"damage":20,"enemies":"Sphere and 2 Shapes","floor":44,"turns":3}],"seed_played":"2432802413853433188","potions_obtained":[{"floor":1,"key":"PowerPotion"},{"floor":6,"key":"FearPotion"},{"floor":12,"key":"PowerPotion"},{"floor":20,"key":"Strength Potion"},{"floor":29,"key":"Explosive Potion"},{"floor":31,"key":"Dexterity Potion"},{"floor":33,"key":"Swift Potion"},{"floor":35,"key":"GhostInAJar"},{"floor":38,"key":"GamblersBrew"},{"floor":41,"key":"EssenceOfSteel"}],"is_trial":false,"path_per_floor":["M","?","$","M","?","E","R","E","T","R","$","M","M","M","R","B",null,"M","M","?","?","?","R","M","M","T","R","?","M","E","M","R","B",null,"M","?","?","?","?","R","M","$","T","M"],"character_chosen":"THE_SILENT","items_purchased":["Noxious Fumes","Caltrops","Deadly Poison","Bottled Flame","Molten Egg 2","Noxious Fumes","Finesse","Poison Potion","Sucker Punch+1"],"campfire_rested":6,"item_purchase_floors":[3,11,42,42,42,42,42,42,42],"current_hp_per_floor":[77,77,77,77,82,55,79,73,73,73,73,73,73,69,82,65,82,69,69,19,3,3,27,15,2,2,26,26,20,12,7,31,3,82,74,74,74,11,11,35,16,16,16,0],"gold":43,"neow_bonus":"TEN_PERCENT_HP_BONUS","is_prod":false,"is_daily":false,"chose_seed":false,"campfire_upgraded":1,"win_rate":0.0,"timestamp":1568227414,"path_taken":["M","?","?","?","?","E","R","E","T","R","$","M","M","M","R","BOSS","M","M","?","?","?","R","M","M","T","R","?","M","E","?","R","BOSS","M","?","?","?","?","R","?","$","T","M"],"build_version":"2019-09-10","purchased_purges":0,"victory":false,"max_hp_per_floor":[77,77,77,77,82,82,82,82,82,82,82,82,82,82,82,82,82,82,82,82,82,82,82,82,82,82,82,82,82,82,82,82,82,82,82,82,82,82,82,82,82,82,82,82],"card_choices":[{"not_picked":["Flechettes","Dagger Spray"],"picked":"Leg Sweep","floor":1},{"not_picked":["Acrobatics","Dagger Spray"],"picked":"Deadly Poison","floor":4},{"not_picked":["Well Laid Plans","Acrobatics"],"picked":"Noxious Fumes","floor":6},{"not_picked":["Quick Slash","Dagger Throw"],"picked":"Deadly Poison","floor":8},{"not_picked":["A Thousand Cuts","PiercingWail"],"picked":"Crippling Poison","floor":12},{"not_picked":["Eviscerate","Slice"],"picked":"Noxious Fumes","floor":13},{"not_picked":["Flying Knee","Noxious Fumes"],"picked":"Outmaneuver","floor":14},{"not_picked":["Dagger Throw+1","Caltrops"],"picked":"Poisoned Stab","floor":18},{"not_picked":["Quick Slash","Underhanded Strike"],"picked":"Flying Knee","floor":19},{"not_picked":["Poisoned Stab","Underhanded Strike+1"],"picked":"Backflip+1","floor":20},{"not_picked":["Caltrops","Bullet Time"],"picked":"PiercingWail","floor":24},{"not_picked":["Prepared","Dagger Throw"],"picked":"Dodge and Roll","floor":25},{"not_picked":["Noxious Fumes","Dodge and Roll"],"picked":"Dash","floor":29},{"not_picked":["Bullet Time","Heel Hook"],"picked":"Flying Knee+1","floor":30},{"not_picked":["Prepared","Finisher"],"picked":"Predator+1","floor":31},{"not_picked":["Bullet Time","Phantasmal Killer"],"picked":"After Image","floor":33},{"not_picked":["PiercingWail+1","Poisoned Stab+1"],"picked":"Deflect+1","floor":35},{"not_picked":["Outmaneuver","Poisoned Stab+1"],"picked":"Endless Agony+1","floor":36},{"not_picked":["Acrobatics","Poisoned Stab+1"],"picked":"Dagger Spray+1","floor":38},{"not_picked":["Backstab+1","Flying Knee"],"picked":"Leg Sweep+1","floor":41}],"player_experience":1015,"relics_obtained":[{"floor":6,"key":"Mercury Hourglass"},{"floor":8,"key":"Ice Cream"},{"floor":9,"key":"Anchor"},{"floor":20,"key":"Red Mask"},{"floor":21,"key":"Enchiridion"},{"floor":26,"key":"Sundial"},{"floor":30,"key":"Shuriken"},{"floor":36,"key":"WingedGreaves"},{"floor":38,"key":"Incense Burner"},{"floor":43,"key":"Kunai"}],"event_choices":[{"cards_removed":["Strike_G"],"damage_healed":0,"gold_gain":0,"player_choice":"Offered Basic","damage_taken":0,"max_hp_gain":0,"max_hp_loss":0,"event_name":"Bonfire Elementals","floor":2,"gold_loss":0},{"damage_healed":0,"gold_gain":0,"player_choice":"Donut","damage_taken":0,"max_hp_gain":5,"max_hp_loss":0,"event_name":"Big Fish","floor":5,"gold_loss":0},{"damage_healed":0,"gold_gain":0,"player_choice":"Fought Bandits","damage_taken":0,"max_hp_gain":0,"max_hp_loss":0,"event_name":"Masked Bandits","floor":20,"gold_loss":0},{"damage_healed":0,"gold_gain":0,"player_choice":"Obtained Book","damage_taken":16,"max_hp_gain":0,"max_hp_loss":0,"event_name":"Cursed Tome","floor":21,"gold_loss":0},{"damage_healed":0,"gold_gain":0,"player_choice":"Ignored","damage_taken":0,"max_hp_gain":0,"max_hp_loss":0,"event_name":"Vampires","floor":22,"gold_loss":0},{"damage_healed":0,"gold_gain":0,"player_choice":"Simplicity","damage_taken":0,"max_hp_gain":0,"max_hp_loss":0,"event_name":"Back to Basics","floor":28,"gold_loss":0,"cards_upgraded":["Strike_G","Strike_G","Defend_G","Defend_G","Defend_G","Defend_G","Defend_G"]},{"damage_healed":0,"gold_gain":0,"player_choice":"Fight","damage_taken":0,"max_hp_gain":0,"max_hp_loss":0,"event_name":"MindBloom","floor":36,"gold_loss":0},{"damage_healed":0,"gold_gain":222,"player_choice":"Wore Mask","damage_taken":0,"max_hp_gain":0,"max_hp_loss":0,"event_name":"Tomb of Lord Red Mask","floor":37,"gold_loss":0},{"damage_healed":0,"gold_gain":0,"player_choice":"Fight","damage_taken":0,"max_hp_gain":0,"max_hp_loss":0,"event_name":"Mysterious Sphere","floor":38,"gold_loss":0},{"cards_removed":["Deadly Poison"],"damage_healed":0,"gold_gain":0,"player_choice":"Removed Skill","damage_taken":0,"max_hp_gain":0,"max_hp_loss":0,"event_name":"Falling","floor":39,"gold_loss":0}],"is_beta":true,"boss_relics":[{"not_picked":["Fusion Hammer","Sozu"],"picked":"Empty Cage"},{"not_picked":["HoveringKite","Cursed Key"],"picked":"Ring of the Serpent"}],"items_purged_floors":[],"is_endless":false,"potions_floor_spawned":[1,6,12,20,29,31,33,35,38,41],"killed_by":"Sphere and 2 Shapes","ascension_level":0}