{"gold_per_floor":[111,125,144,154,168,168,196,296,322,334,334,396,396,411,411,512,512,530,583,583,600,600,600,634,646,646,658,658,658,583,599,599,703,703,722,739,317,391,408,408,442,542,568,593,607,360,379,391,391,391],"floor_reached":51,"playtime":6107,"items_purged":["Rip and Tear","Conserve Battery"],"score":1021,"play_id":"3db92dc7-5069-43fa-a163-00ee6a0e5885","local_time":"20190921011819","is_ascension_mode":true,"campfire_choices":[{"data":"Ball Lightning","floor":6.0,"key":"SMITH"},{"data":"Genetic Algorithm","floor":11.0,"key":"SMITH"},{"data":"Reinforced Body","floor":13.0,"key":"SMITH"},{"data":"Barrage","floor":15.0,"key":"SMITH"},{"data":"Cold Snap","floor":23.0,"key":"SMITH"},{"data":"Coolheaded","floor":32.0,"key":"SMITH"},{"floor":40.0,"key":"REST"},{"floor":49,"key":"REST"}],"neow_cost":"NONE","seed_source_timestamp":1043660975699744,"circlet_count":0,"master_deck":["Strike_B+1","Strike_B+1","Defend_B+1","Defend_B+1","Defend_B+1","Defend_B+1","Zap+1","Dualcast+1","Barrage+1","Ball Lightning+1","White Noise","Reinforced Body+1","Genetic Algorithm+1","Seek","Ball Lightning","Cold Snap+1","Echo Form","Coolheaded+1","Biased Cognition","Hologram+1","Seek","Capacitor+1","Conserve Battery+1","Loop"],"special_seed":0,"relics":["Cracked Core","Question Card","War Paint","Tiny Chest","Nuclear Battery","Lantern","Enchiridion","PreservedInsect","Bag of Preparation","Gremlin Horn","Fusion Hammer","Runic Capacitor","DataDisk","Cables","Kunai","FossilizedHelix","Pen Nib","Ancient Tea Set","Blood Vial"],"potions_floor_usage":[50,50,50],"damage_taken":[{"damage":0.0,"enemies":"Jaw Worm","floor":1.0,"turns":3.0},{"damage":1.0,"enemies":"Cultist","floor":2.0,"turns":3.0},{"damage":5.0,"enemies":"Small Slimes","floor":3.0,"turns":3.0},{"damage":1.0,"enemies":"2 Fungi Beasts","floor":4.0,"turns":2.0},{"damage":28.0,"enemies":"Exordium Thugs","floor":5.0,"turns":4.0},{"damage":5.0,"enemies":"Gremlin Nob","floor":7.0,"turns":3.0},{"damage":0.0,"enemies":"Blue Slaver","floor":10.0,"turns":2.0},{"damage":10.0,"enemies":"Lagavulin","floor":12.0,"turns":6.0},{"damage":0.0,"enemies":"2 Fungi Beasts","floor":14.0,"turns":3.0},{"damage":0.0,"enemies":"Slime Boss","floor":16.0,"turns":4.0},{"damage":0.0,"enemies":"Chosen","floor":18.0,"turns":5.0},{"damage":0.0,"enemies":"3 Byrds","floor":21.0,"turns":3.0},{"damage":20.0,"enemies":"Slavers","floor":24.0,"turns":4.0},{"damage":17.0,"enemies":"Snake Plant","floor":25.0,"turns":3.0},{"damage":0.0,"enemies":"Cultist and Chosen","floor":27.0,"turns":4.0},{"damage":0.0,"enemies":"Shelled Parasite and Fungi","floor":31.0,"turns":3.0},{"damage":1.0,"enemies":"Champ","floor":33.0,"turns":10.0},{"damage":0.0,"enemies":"3 Shapes","floor":35.0,"turns":4.0},{"damage":12.0,"enemies":"3 Darklings","floor":36.0,"turns":4.0},{"damage":22.0,"enemies":"Sphere and 2 Shapes","floor":39.0,"turns":5.0},{"damage":2.0,"enemies":"Reptomancer","floor":41.0,"turns":4.0},{"damage":0.0,"enemies":"Mind Bloom Boss Battle","floor":42.0,"turns":4.0},{"damage":0.0,"enemies":"Nemesis","floor":44.0,"turns":5.0},{"damage":18.0,"enemies":"Writhing Mass","floor":45.0,"turns":5.0},{"damage":0,"enemies":"Spire Growth","floor":47,"turns":5},{"damage":0,"enemies":"Maw","floor":48,"turns":5},{"damage":60,"enemies":"Awakened One","floor":50,"turns":9}],"seed_played":"-1063513680844360617","potions_obtained":[{"floor":3.0,"key":"Dexterity Potion"},{"floor":5.0,"key":"Energy Potion"},{"floor":10.0,"key":"AttackPotion"},{"floor":14.0,"key":"Ancient Potion"},{"floor":16.0,"key":"AttackPotion"},{"floor":27.0,"key":"Poison Potion"},{"floor":31.0,"key":"SkillPotion"},{"floor":33.0,"key":"Weak Potion"},{"floor":35.0,"key":"SneckoOil"},{"floor":39.0,"key":"Regen Potion"},{"floor":44.0,"key":"Poison Potion"},{"floor":45.0,"key":"SkillPotion"}],"is_trial":false,"path_per_floor":["M","M","M","M","M","R","E","?","T","M","R","E","R","M","R","B",null,"M","T","?","M","?","R","E","M","T","M","?","?","$","M","R","B",null,"M","M","$","T","M","R","E","?","T","E","M","$","M","M","R","B",null],"character_chosen":"DEFECT","items_purchased":["Seek","Runic Capacitor","DataDisk","Blood Vial"],"campfire_rested":2,"item_purchase_floors":[37,37,37,46],"current_hp_per_floor":[75,74,69,68,40,40,35,35,35,35,35,25,25,25,25,25,68,68,68,68,68,52,52,32,15,15,15,15,15,15,15,15,14,65,65,53,53,53,31,55,53,53,53,53,35,35,37,39,63,20],"gold":391,"neow_bonus":"TEN_PERCENT_HP_BONUS","is_prod":false,"is_daily":false,"chose_seed":false,"campfire_upgraded":6,"win_rate":0,"timestamp":1569043099,"path_taken":["M","M","M","M","M","R","E","?","T","M","R","E","R","M","R","BOSS","M","?","?","M","?","R","E","?","T","M","?","?","$","M","R","BOSS","M","M","$","?","M","R","E","?","T","E","M","$","M","M","R","BOSS"],"build_version":"2019-07-17","purchased_purges":2,"victory":true,"max_hp_per_floor":[82,82,82,82,82,82,82,82,82,82,82,82,82,82,82,82,82,82,82,82,82,82,82,82,82,82,82,82,82,82,82,82,82,82,82,82,82,82,82,82,82,82,82,82,82,82,82,82,82,82],"card_choices":[{"not_picked":["Streamline","Aggregate"],"picked":"Barrage","floor":1.0},{"not_picked":["Steam Power","Rebound"],"picked":"Ball Lightning","floor":2.0},{"not_picked":["Hologram","Streamline","Steam"],"picked":"SKIP","floor":3.0},{"not_picked":["Ball Lightning","Double Energy"],"picked":"White Noise","floor":4.0},{"not_picked":["Rebound","Turbo"],"picked":"Reinforced Body","floor":5.0},{"not_picked":["Hello World","Steam Power","Beam Cell"],"picked":"SKIP","floor":7.0},{"not_picked":["Aggregate","Leap","Ball Lightning"],"picked":"Genetic Algorithm","floor":10.0},{"not_picked":["Doom and Gloom","Heatsinks","Gash","Streamline"],"picked":"SKIP","floor":12.0},{"not_picked":["Sweeping Beam","Barrage","Static Discharge","Beam Cell"],"picked":"SKIP","floor":14.0},{"not_picked":["Machine Learning","Thunder Strike","Amplify"],"picked":"Seek","floor":16.0},{"not_picked":["Leap","Cold Snap","Thunder Strike"],"picked":"Ball Lightning","floor":18.0},{"not_picked":["Turbo","Cold Snap","Ball Lightning","Stack+1"],"picked":"SKIP","floor":21.0},{"not_picked":["Leap","FTL","Chaos","Steam"],"picked":"SKIP","floor":24.0},{"not_picked":["Scrape","Stack+1","Cold Snap"],"picked":"Conserve Battery","floor":25.0},{"not_picked":["Fusion+1","Consume","FTL"],"picked":"Echo Form","floor":27.0},{"not_picked":["Beam Cell+1","Leap+1","Undo+1"],"picked":"Coolheaded","floor":31.0},{"not_picked":["Thunder Strike","Multi-Cast","Creative AI"],"picked":"Biased Cognition","floor":33.0},{"not_picked":["Redo+1","Turbo","Ball Lightning"],"picked":"Hologram+1","floor":35.0},{"not_picked":["Turbo","Double Energy","Leap","Reprogram"],"picked":"SKIP","floor":36.0},{"not_picked":["Hello World","Coolheaded","Barrage","White Noise+1"],"picked":"SKIP","floor":39.0},{"not_picked":["Darkness","Recycle","Coolheaded"],"picked":"Capacitor+1","floor":41.0},{"not_picked":["Static Discharge","Consume","Beam Cell+1"],"picked":"Conserve Battery+1","floor":42.0},{"not_picked":["Seek","Redo+1","Self Repair"],"picked":"Loop","floor":44.0},{"not_picked":["Static Discharge","Leap","Scrape+1","Skim+1"],"picked":"SKIP","floor":45.0},{"not_picked":["Hologram","Compile Driver","FTL","Cold Snap+1"],"picked":"SKIP","floor":47},{"not_picked":["Steam","Skim+1","Cold Snap","White Noise"],"picked":"SKIP","floor":48}],"player_experience":288560,"relics_obtained":[{"floor":7.0,"key":"Question Card"},{"floor":9.0,"key":"War Paint"},{"floor":12.0,"key":"Tiny Chest"},{"floor":19.0,"key":"Lantern"},{"floor":22.0,"key":"Enchiridion"},{"floor":24.0,"key":"PreservedInsect"},{"floor":26.0,"key":"Bag of Preparation"},{"floor":29.0,"key":"Gremlin Horn"},{"floor":38.0,"key":"Cables"},{"floor":41.0,"key":"Kunai"},{"floor":42.0,"key":"FossilizedHelix"},{"floor":43.0,"key":"Pen Nib"},{"floor":44.0,"key":"Ancient Tea Set"}],"event_choices":[{"damage_healed":0.0,"max_hp_gain":0.0,"max_hp_loss":0.0,"gold_gain":100.0,"event_name":"Golden Shrine","player_choice":"Pray","floor":8.0,"gold_loss":0.0,"damage_taken":0.0},{"damage_healed":0.0,"max_hp_gain":0.0,"max_hp_loss":0.0,"gold_gain":0.0,"cards_transformed":["Strike_B","Strike_B"],"event_name":"Drug Dealer","player_choice":"Became Test Subject","floor":20.0,"gold_loss":0.0,"damage_taken":0.0,"cards_obtained":["Rip and Tear","Cold Snap"]},{"damage_healed":0.0,"max_hp_gain":0.0,"max_hp_loss":0.0,"gold_gain":0.0,"event_name":"Cursed Tome","player_choice":"Obtained Book","floor":22.0,"gold_loss":0.0,"damage_taken":16.0},{"damage_healed":0.0,"max_hp_gain":0.0,"max_hp_loss":0.0,"gold_gain":0.0,"event_name":"Back to Basics","player_choice":"Simplicity","floor":28.0,"gold_loss":0.0,"damage_taken":0.0,"cards_upgraded":["Strike_B","Strike_B","Defend_B","Defend_B","Defend_B","Defend_B"]},{"damage_healed":0.0,"max_hp_gain":0.0,"max_hp_loss":0.0,"gold_gain":0.0,"event_name":"Wheel of Change","player_choice":"Relic","floor":29.0,"gold_loss":0.0,"damage_taken":0.0},{"damage_healed":0.0,"max_hp_gain":0.0,"max_hp_loss":0.0,"gold_gain":0.0,"event_name":"MindBloom","player_choice":"Fight","floor":42.0,"gold_loss":0.0,"damage_taken":0.0}],"is_beta":false,"boss_relics":[{"not_picked":["Calling Bell","Eternal Feather"],"picked":"Nuclear Battery"},{"not_picked":["Runic Pyramid","Tiny House"],"picked":"Fusion Hammer"}],"items_purged_floors":[30,46],"is_endless":false,"potions_floor_spawned":[3,5,10,14,16,27,31,33,35,39,44,45],"ascension_level":6}