{"gold_per_floor":[20,39,39,57,76,111,111,68,68,68,68,88,100,127,127,201,201,219,236,125,125],"floor_reached":21,"playtime":1883,"items_purged":["Strike_B"],"score":334,"play_id":"e3441300-5bad-4b5e-8b9f-963b87ae6ee1","local_time":"20190129223016","is_ascension_mode":true,"campfire_choices":[{"data":"Zap","floor":7,"key":"SMITH"},{"data":"Dualcast","floor":11,"key":"SMITH"},{"floor":15,"key":"REST"}],"neow_cost":"NO_GOLD","seed_source_timestamp":116829253447473,"circlet_count":0,"master_deck":["AscendersBane","Strike_B+1","Strike_B+1","Strike_B","Defend_B","Defend_B","Defend_B","Defend_B","Zap+1","Dualcast+1","Loop","Ball Lightning","Cold Snap","Buffer","Conserve Battery+1","Steam+1","Reboot+1","Compile Driver","Capacitor"],"special_seed":0,"relics":["FrozenCore","Bag of Marbles","Toxic Egg 2","Whetstone","Pen Nib"],"potions_floor_usage":[12,16,18],"damage_taken":[{"damage":7.0,"enemies":"Jaw Worm","floor":1.0,"turns":3.0},{"damage":3.0,"enemies":"2 Louse","floor":2.0,"turns":3.0},{"damage":7.0,"enemies":"Small Slimes","floor":4.0,"turns":3.0},{"damage":2.0,"enemies":"Exordium Thugs","floor":5.0,"turns":4.0},{"damage":23.0,"enemies":"Lagavulin","floor":6.0,"turns":6.0},{"damage":0,"enemies":"Exordium Wildlife","floor":12,"turns":1},{"damage":0,"enemies":"3 Louse","floor":13,"turns":3},{"damage":8,"enemies":"3 Sentries","floor":14,"turns":5},{"damage":25,"enemies":"Hexaghost","floor":16,"turns":11},{"damage":13,"enemies":"Spheric Guardian","floor":18,"turns":4},{"damage":31,"enemies":"3 Byrds","floor":19,"turns":6},{"damage":28,"enemies":"Snake Plant","floor":21,"turns":4}],"seed_played":"-6772522841419539259","potions_obtained":[{"floor":1.0,"key":"SpeedPotion"},{"floor":2.0,"key":"Fire Potion"},{"floor":16,"key":"PowerPotion"},{"floor":19,"key":"GamblersBrew"}],"is_trial":false,"path_per_floor":["M","M","?","M","M","E","R","?","T","?","R","M","M","E","R","B",null,"M","M","$","M"],"character_chosen":"DEFECT","items_purchased":["Capacitor"],"campfire_rested":1,"item_purchase_floors":[20],"current_hp_per_floor":[71,68,57,50,48,25,25,25,25,13,13,13,13,5,30,5,65,52,21,21,0],"gold":125,"neow_bonus":"TWENTY_PERCENT_HP_BONUS","is_prod":false,"is_daily":false,"chose_seed":false,"campfire_upgraded":2,"win_rate":0,"timestamp":1548797416,"path_taken":["M","M","?","M","M","E","R","?","T","?","R","M","?","E","R","BOSS","M","M","$","M"],"build_version":"2019-01-17v2","purchased_purges":1,"victory":false,"max_hp_per_floor":[85,85,85,85,85,85,85,85,85,85,85,85,85,85,85,85,85,85,85,85,85],"card_choices":[{"not_picked":["Darkness","Steam"],"picked":"Loop","floor":1.0},{"not_picked":["Coolheaded","Steam"],"picked":"Ball Lightning","floor":2.0},{"not_picked":["Chaos","Gash"],"picked":"Cold Snap","floor":4.0},{"not_picked":["Barrage","Steam","Redo"],"picked":"SKIP","floor":5.0},{"not_picked":["Coolheaded","Leap"],"picked":"Buffer","floor":6},{"not_picked":["Auto Shields+1","Force Field+1"],"picked":"Conserve Battery+1","floor":12},{"not_picked":["Blizzard","Ball Lightning"],"picked":"Steam+1","floor":13},{"not_picked":["Stack+1","Melter","Hello World"],"picked":"SKIP","floor":14},{"not_picked":["Amplify+1","Thunder Strike"],"picked":"Reboot+1","floor":16},{"not_picked":["Auto Shields+1","Darkness+1"],"picked":"Compile Driver","floor":18},{"not_picked":["Aggregate+1","Chaos+1","Gash"],"picked":"SKIP","floor":19}],"player_experience":1183863,"relics_obtained":[{"floor":6,"key":"Toxic Egg 2"},{"floor":9,"key":"Whetstone"},{"floor":14,"key":"Pen Nib"}],"event_choices":[{"damage_healed":0.0,"max_hp_gain":0.0,"max_hp_loss":0.0,"gold_gain":0.0,"event_name":"Scrap Ooze","player_choice":"Success","floor":3.0,"gold_loss":0.0,"damage_taken":11.0,"relics_obtained":["Bag of Marbles"]},{"damage_healed":0,"gold_gain":0,"player_choice":"Left Gold","damage_taken":0,"max_hp_gain":0,"max_hp_loss":0,"event_name":"World of Goop","floor":8,"gold_loss":43},{"damage_healed":0,"gold_gain":0,"player_choice":"Damaged","damage_taken":12,"max_hp_gain":0,"max_hp_loss":0,"event_name":"Wheel of Change","floor":10,"gold_loss":0}],"is_beta":false,"boss_relics":[{"not_picked":["Empty Cage","Lizard Tail"],"picked":"FrozenCore"}],"items_purged_floors":[20],"is_endless":false,"potions_floor_spawned":[1,2,16,19],"killed_by":"Snake Plant","ascension_level":15}