{"gold_per_floor":[113,113,126,126,126,157,180,180,230,246,264,264,94,133,133,229,229,252,267,6,6,19,19,33,33,87,102,127,252,252,268,268,357,357,370,206,206,186,202,270,603,617,617,617,632,632,12,12,12,12],"floor_reached":51,"playtime":4046,"items_purged":["Strike_P","Eruption","Strike_P","Defend_P"],"score":1712,"play_id":"d912a48b-bdda-4764-ab65-325cf186f8ce","local_time":"20190912100734","is_ascension_mode":true,"campfire_choices":[{"data":"TalkToTheHand","floor":8.0,"key":"SMITH"},{"data":"EmptyFist","floor":12.0,"key":"SMITH"},{"data":"Strike_P","floor":15.0,"key":"PURGE"},{"data":"Strike_P","floor":23.0,"key":"PURGE"},{"floor":30.0,"key":"REST"},{"data":"Vigilance","floor":32.0,"key":"SMITH"},{"data":"Defend_P","floor":44.0,"key":"PURGE"},{"data":"Defend_P","floor":46.0,"key":"PURGE"},{"data":"Defend_P","floor":49.0,"key":"PURGE"}],"neow_cost":"NONE","seed_source_timestamp":2403968190568000,"circlet_count":0,"master_deck":["AscendersBane","Vigilance+1","ClearTheMind","EmptyFist+1","TalkToTheHand+1","EmptyBody+1","Protect+1","EmptyMind+1","Establishment","Meditate+1","FlowState+1","DeceiveReality+1","FearNoEvil+1","EmptyMind+1","DeusExMachina+1","Impatience+1"],"special_seed":0,"relics":["PureWater","NeowsBlessing","Art of War","Toxic Egg 2","TungstenRod","Peace Pipe","VioletLotus","Lee\u0027s Waffle","Ancient Tea Set","Unceasing Top","The Courier","Tiny Chest","Pocketwatch","ClockworkSouvenir","Pen Nib","Strawberry"],"potions_floor_usage":[50,50],"damage_taken":[{"damage":0.0,"enemies":"2 Louse","floor":1.0,"turns":1.0},{"damage":0.0,"enemies":"Small Slimes","floor":3.0,"turns":1.0},{"damage":0.0,"enemies":"Lagavulin","floor":6.0,"turns":1.0},{"damage":0.0,"enemies":"Jaw Worm","floor":7.0,"turns":2.0},{"damage":17.0,"enemies":"2 Fungi Beasts","floor":10.0,"turns":2.0},{"damage":2.0,"enemies":"Looter","floor":11.0,"turns":4.0},{"damage":8.0,"enemies":"3 Sentries","floor":14.0,"turns":11.0},{"damage":0.0,"enemies":"The Guardian","floor":16.0,"turns":10.0},{"damage":23.0,"enemies":"Chosen","floor":18.0,"turns":7.0},{"damage":0.0,"enemies":"Spheric Guardian","floor":19.0,"turns":5.0},{"damage":7.0,"enemies":"Snake Plant","floor":22.0,"turns":5.0},{"damage":3.0,"enemies":"Shelled Parasite and Fungi","floor":24.0,"turns":5.0},{"damage":0.0,"enemies":"Snecko","floor":27.0,"turns":5.0},{"damage":37.0,"enemies":"Chosen and Byrds","floor":28.0,"turns":12.0},{"damage":6.0,"enemies":"Colosseum Slavers","floor":29.0,"turns":4.0},{"damage":1.0,"enemies":"Colosseum Nobs","floor":29.0,"turns":3.0},{"damage":0.0,"enemies":"Snake Plant","floor":31.0,"turns":3.0},{"damage":0.0,"enemies":"Collector","floor":33.0,"turns":3.0},{"damage":3.0,"enemies":"3 Shapes","floor":35.0,"turns":4.0},{"damage":9.0,"enemies":"3 Darklings","floor":39.0,"turns":3.0},{"damage":0.0,"enemies":"Reptomancer","floor":40.0,"turns":2.0},{"damage":0.0,"enemies":"Writhing Mass","floor":42.0,"turns":2.0},{"damage":0.0,"enemies":"Transient","floor":45.0,"turns":6.0},{"damage":0,"enemies":"Donu and Deca","floor":50,"turns":2}],"seed_played":"4284388754661127992","potions_obtained":[{"floor":1.0,"key":"Strength Potion"},{"floor":6.0,"key":"Fire Potion"},{"floor":22.0,"key":"EssenceOfSteel"},{"floor":24.0,"key":"Strength Potion"},{"floor":29.0,"key":"EssenceOfSteel"},{"floor":33.0,"key":"Explosive Potion"},{"floor":38.0,"key":"SpeedPotion"},{"floor":40.0,"key":"Ancient Potion"}],"is_trial":false,"path_per_floor":["M","?","M","?","?","E","M","R","T","M","M","R","$","E","R","B",null,"M","M","$","?","M","R","M","?","T","M","M","?","R","M","R","B",null,"M","$","?","?","M","E","?","M","T","R","M","R","$","?","R","B",null],"character_chosen":"WATCHER","items_purchased":["EmptyMind+1","Establishment","Lee\u0027s Waffle","GamblersBrew","ClockworkSouvenir","Impatience+1","Pen Nib","Strawberry","SpeedPotion"],"campfire_rested":1,"item_purchase_floors":[13,13,20,36,47,47,47,47,47],"current_hp_per_floor":[55,55,55,37,55,55,55,55,55,38,36,36,36,28,28,28,48,25,25,62,62,55,55,52,52,52,52,15,8,26,26,26,26,53,50,50,50,50,41,41,41,41,41,41,41,41,48,48,48,48],"gold":12,"neow_bonus":"THREE_ENEMY_KILL","is_prod":false,"is_daily":false,"chose_seed":false,"campfire_upgraded":3,"win_rate":0,"timestamp":1568254054,"path_taken":["M","?","M","?","?","E","M","R","T","M","M","R","$","E","R","BOSS","M","M","$","?","M","R","M","?","T","M","M","?","R","M","R","BOSS","M","$","?","?","?","E","?","M","T","R","M","R","$","?","R","BOSS"],"build_version":"2019-09-10","purchased_purges":4,"victory":true,"max_hp_per_floor":[61,55,55,55,55,55,55,55,55,55,55,55,55,55,55,55,55,55,55,62,62,62,62,62,62,62,62,62,62,62,62,62,62,62,62,62,62,62,62,62,62,62,62,62,62,62,69,69,69,69],"card_choices":[{"not_picked":["Vengeance","FlyingSleeves"],"picked":"ClearTheMind","floor":1.0},{"not_picked":["ClearTheMind","FlyingSleeves"],"picked":"EmptyFist","floor":3.0},{"not_picked":["FlyingSleeves","Unraveling"],"picked":"TalkToTheHand","floor":6.0},{"not_picked":["BowlingBash","EmptyFist"],"picked":"EmptyBody+1","floor":7.0},{"not_picked":["StepAndStrike","CarveReality","Weave"],"picked":"SKIP","floor":10.0},{"not_picked":["Crescendo+1","WindmillStrike"],"picked":"Protect+1","floor":11.0},{"not_picked":["TalkToTheHand","WindmillStrike"],"picked":"Meditate+1","floor":14.0},{"not_picked":["ReachHeaven","Nirvana"],"picked":"FlowState+1","floor":16.0},{"not_picked":["ThirdEye+1","EmptyFist"],"picked":"DeceiveReality+1","floor":18.0},{"not_picked":["Prostrate+1","BowlingBash"],"picked":"FearNoEvil","floor":19.0},{"not_picked":["Sanctity+1","Protect+1","Crescendo+1"],"picked":"SKIP","floor":22.0},{"not_picked":["Unraveling+1","Prostrate+1","Protect+1"],"picked":"SKIP","floor":24.0},{"not_picked":["Sanctity+1","JustLucky","CrushJoints"],"picked":"SKIP","floor":27.0},{"not_picked":["Evaluate+1","CrushJoints"],"picked":"EmptyMind+1","floor":28.0},{"not_picked":["EmptyFist","Conclude","FlyingSleeves+1"],"picked":"SKIP","floor":31.0},{"not_picked":["Vault","Ragnarok"],"picked":"DeusExMachina+1","floor":33.0},{"not_picked":["Weave","Halt+1","CutThroughFate+1"],"picked":"SKIP","floor":35.0},{"not_picked":["Evaluate+1","Crescendo+1","Sanctity+1"],"picked":"SKIP","floor":39.0},{"not_picked":["CrushJoints","EmptyFist","Crescendo+1"],"picked":"SKIP","floor":40.0},{"not_picked":["EmptyFist","CutThroughFate","Clarity+1"],"picked":"SKIP","floor":42.0},{"not_picked":["CutThroughFate+1","EmptyBody+1","Protect+1"],"picked":"SKIP","floor":45.0}],"player_experience":3283326,"relics_obtained":[{"floor":6.0,"key":"Toxic Egg 2"},{"floor":9.0,"key":"TungstenRod"},{"floor":14.0,"key":"Peace Pipe"},{"floor":26.0,"key":"Ancient Tea Set"},{"floor":29.0,"key":"Unceasing Top"},{"floor":29.0,"key":"The Courier"},{"floor":40.0,"key":"Tiny Chest"},{"floor":43.0,"key":"Pocketwatch"}],"event_choices":[{"damage_healed":0.0,"max_hp_gain":0.0,"max_hp_loss":6.0,"gold_gain":0.0,"event_name":"Golden Idol","player_choice":"Lose Max HP","floor":2.0,"gold_loss":0.0,"damage_taken":0.0,"relics_obtained":["Golden Idol"]},{"damage_healed":0.0,"max_hp_gain":0.0,"max_hp_loss":0.0,"gold_gain":0.0,"event_name":"Scrap Ooze","player_choice":"Success","floor":4.0,"gold_loss":0.0,"damage_taken":18.0,"relics_obtained":["Art of War"]},{"damage_healed":18.0,"max_hp_gain":0.0,"max_hp_loss":0.0,"gold_gain":0.0,"event_name":"Big Fish","player_choice":"Banana","floor":5.0,"gold_loss":0.0,"damage_taken":0.0},{"damage_healed":0.0,"max_hp_gain":0.0,"max_hp_loss":0.0,"gold_gain":0.0,"event_name":"The Mausoleum","player_choice":"Ignored","floor":21.0,"gold_loss":0.0,"damage_taken":0.0},{"damage_healed":0.0,"max_hp_gain":0.0,"max_hp_loss":0.0,"gold_gain":0.0,"event_name":"Cursed Tome","player_choice":"Ignored","floor":25.0,"gold_loss":0.0,"damage_taken":0.0},{"damage_healed":0.0,"max_hp_gain":0.0,"max_hp_loss":0.0,"gold_gain":0.0,"event_name":"Colosseum","player_choice":"Fight","floor":29.0,"gold_loss":0.0,"damage_taken":0.0},{"damage_healed":0.0,"max_hp_gain":0.0,"max_hp_loss":0.0,"gold_gain":0.0,"event_name":"Colosseum","player_choice":"Fought Nobs","floor":29.0,"gold_loss":0.0,"damage_taken":0.0},{"damage_healed":0.0,"max_hp_gain":0.0,"max_hp_loss":0.0,"gold_gain":0.0,"event_name":"Tomb of Lord Red Mask","player_choice":"Ignored","floor":37.0,"gold_loss":0.0,"damage_taken":0.0},{"damage_healed":0.0,"max_hp_gain":0.0,"max_hp_loss":0.0,"gold_gain":0.0,"event_name":"The Woman in Blue","player_choice":"Bought 1 Potion","floor":38.0,"gold_loss":0.0,"damage_taken":0.0},{"damage_healed":0.0,"max_hp_gain":0.0,"max_hp_loss":0.0,"gold_gain":333.0,"event_name":"The Moai Head","player_choice":"Gave Idol","floor":41.0,"relics_lost":["Golden Idol"],"gold_loss":0.0,"damage_taken":0.0},{"damage_healed":0.0,"max_hp_gain":0.0,"max_hp_loss":0.0,"gold_gain":0.0,"event_name":"Accursed Blacksmith","player_choice":"Forge","floor":48.0,"gold_loss":0.0,"damage_taken":0.0,"cards_upgraded":["FearNoEvil"]}],"is_beta":true,"boss_relics":[{"not_picked":["Cursed Key","SlaversCollar"],"picked":"VioletLotus"},{"not_picked":[]}],"items_purged_floors":[13,20,36,47],"is_endless":false,"potions_floor_spawned":[1,6,10,14,22,24,29,29,33,40,42],"ascension_level":17}