{"gold_per_floor":[119,44,194,32,43,72,72,85,157,157,157,175,211,36,36,129,129,9,9,9,9],"floor_reached":21,"playtime":4905,"items_purged":["Doubt","Defend_B"],"score":342,"play_id":"5e75e056-0e9e-4395-9e8a-894c510ad88c","local_time":"20190131213005","is_ascension_mode":true,"campfire_choices":[{"data":"Go for the Eyes","floor":7.0,"key":"SMITH"},{"data":"Zap","floor":15.0,"key":"SMITH"}],"neow_cost":"CURSE","seed_source_timestamp":0,"circlet_count":0,"master_deck":["AscendersBane","Strike_B","Strike_B","Strike_B","Strike_B","Defend_B","Defend_B","Defend_B","Zap+1","Dualcast","Leap","Capacitor+1","Conserve Battery","Go for the Eyes+1","Cold Snap","Self Repair","Buffer","Doom and Gloom"],"special_seed":0,"relics":["Cracked Core","StoneCalendar","Potion Belt","Singing Bowl","Golden Idol","Sundial","Ectoplasm"],"potions_floor_usage":[21],"damage_taken":[{"damage":9.0,"enemies":"Jaw Worm","floor":1.0,"turns":4.0},{"damage":1.0,"enemies":"Small Slimes","floor":5.0,"turns":5.0},{"damage":1.0,"enemies":"Lagavulin","floor":6.0,"turns":7.0},{"damage":5.0,"enemies":"Cultist","floor":8.0,"turns":4.0},{"damage":4.0,"enemies":"Large Slime","floor":12.0,"turns":7.0},{"damage":18.0,"enemies":"Gremlin Nob","floor":13.0,"turns":5.0},{"damage":28.0,"enemies":"The Guardian","floor":16.0,"turns":12.0},{"damage":37.0,"enemies":"2 Thieves","floor":18.0,"turns":5.0},{"damage":7.0,"enemies":"Chosen","floor":19.0,"turns":7.0},{"damage":35,"enemies":"Shelled Parasite and Fungi","floor":21,"turns":3}],"seed_played":"-4732090596014734791","potions_obtained":[{"floor":5.0,"key":"FocusPotion"},{"floor":6.0,"key":"Dexterity Potion"},{"floor":13.0,"key":"FearPotion"},{"floor":19.0,"key":"PowerPotion"}],"is_trial":false,"path_per_floor":["M","?","?","$","M","E","R","M","T","?","?","M","E","$","R","B",null,"M","M","$","M"],"character_chosen":"DEFECT","items_purchased":["Capacitor","Self Repair"],"campfire_rested":0,"item_purchase_floors":[4,14],"current_hp_per_floor":[55,55,55,55,54,53,53,48,48,48,48,46,30,30,30,9,52,22,24,24,0],"gold":9,"neow_bonus":"ONE_RARE_RELIC","is_prod":false,"is_daily":false,"chose_seed":false,"campfire_upgraded":2,"win_rate":0,"timestamp":1548966605,"path_taken":["M","?","?","$","M","E","R","?","T","?","?","M","E","$","R","BOSS","M","M","$","M"],"build_version":"2019-01-17v2","purchased_purges":2,"victory":false,"max_hp_per_floor":[71,68,68,68,68,68,68,68,68,62,62,64,66,66,66,66,66,66,68,68,68],"card_choices":[{"not_picked":["Turbo","White Noise"],"picked":"Leap","floor":1.0},{"not_picked":["Leap","Steam"],"picked":"Conserve Battery","floor":5.0},{"not_picked":["Sweeping Beam","Skim"],"picked":"Go for the Eyes","floor":6.0},{"not_picked":["Fusion","Compile Driver"],"picked":"Cold Snap","floor":8.0},{"not_picked":["Cold Snap","Conserve Battery","Go for the Eyes"],"picked":"Singing Bowl","floor":12.0},{"not_picked":["Rebound","Coolheaded","Go for the Eyes"],"picked":"Singing Bowl","floor":13.0},{"not_picked":["Rainbow","Thunder Strike"],"picked":"Buffer","floor":16.0},{"not_picked":["Hologram","Coolheaded"],"picked":"Doom and Gloom","floor":18.0},{"not_picked":["Steam","Gash","Streamline"],"picked":"Singing Bowl","floor":19.0}],"player_experience":1236207,"relics_obtained":[{"floor":6.0,"key":"Potion Belt"},{"floor":9.0,"key":"Singing Bowl"},{"floor":13.0,"key":"Sundial"}],"event_choices":[{"cards_removed":["Parasite"],"damage_healed":0.0,"max_hp_gain":0.0,"max_hp_loss":0.0,"gold_gain":0.0,"event_name":"The Cleric","player_choice":"Card Removal","floor":2.0,"gold_loss":75.0,"damage_taken":0.0},{"damage_healed":0.0,"max_hp_gain":0.0,"max_hp_loss":0.0,"gold_gain":150.0,"event_name":"Liars Game","player_choice":"AGREE","floor":3.0,"gold_loss":0.0,"damage_taken":0.0,"cards_obtained":["Doubt"]},{"damage_healed":0.0,"max_hp_gain":0.0,"max_hp_loss":6.0,"gold_gain":0.0,"event_name":"Golden Idol","player_choice":"Lose Max HP","floor":10.0,"gold_loss":0.0,"damage_taken":0.0,"relics_obtained":["Golden Idol"]},{"damage_healed":0.0,"max_hp_gain":0.0,"max_hp_loss":0.0,"gold_gain":0.0,"event_name":"Living Wall","player_choice":"Grow","floor":11.0,"gold_loss":0.0,"damage_taken":0.0,"cards_upgraded":["Capacitor"]}],"is_beta":false,"boss_relics":[{"not_picked":["Runic Pyramid","White Beast Statue"],"picked":"Ectoplasm"}],"items_purged_floors":[4,14],"is_endless":false,"potions_floor_spawned":[5,6,13,19],"killed_by":"Shelled Parasite and Fungi","ascension_level":17}