{"gold_per_floor":[418,59,77,77,77,77,2,32,32,32,50,69,79,90,90,163,163,179,79,79,95,107,107,107,107,107,107,119,132,149,24,24,101,101,113,133,133,148,162,195,195,228,251,263,263,274,167,187,187,187,187,187,187,137,166,166],"floor_reached":57,"playtime":2915,"items_purged":["Strike_B","Defend_B","Defend_B+1","Dualcast+1","Reinforced Body+1"],"score":3161,"play_id":"7bb9c90d-100a-46b3-aefd-64a5d78dcf59","local_time":"20190526182226","is_ascension_mode":true,"campfire_choices":[{"data":"Streamline","floor":6.0,"key":"SMITH"},{"floor":15.0,"key":"REST"},{"data":"Coolheaded","floor":23.0,"key":"SMITH"},{"data":"Fission","floor":25.0,"key":"SMITH"},{"data":"Dualcast","floor":27.0,"key":"SMITH"},{"data":"Zap","floor":32.0,"key":"SMITH"},{"data":"Coolheaded","floor":41.0,"key":"SMITH"},{"floor":49.0,"key":"RECALL"},{"data":"Loop","floor":53.0,"key":"SMITH"}],"neow_cost":"TEN_PERCENT_HP_LOSS","seed_source_timestamp":719162864618308,"circlet_count":0,"master_deck":["AscendersBane","Defend_B+1","Zap+1","Streamline+1","Fission+1","Core Surge","Ghostly","Ghostly+1","Ghostly+1","Coolheaded+1","Compile Driver","Coolheaded+1","Loop+1"],"special_seed":0,"relics":["Cracked Core","Old Coin","Sundial","Regal Pillow","Mercury Hourglass","Empty Cage","Eternal Feather","Thread and Needle","Dream Catcher","Smiling Mask","War Paint"],"potions_floor_usage":[56,56],"damage_taken":[{"damage":9.0,"enemies":"Small Slimes","floor":1.0,"turns":3.0},{"damage":3.0,"enemies":"2 Louse","floor":3.0,"turns":2.0},{"damage":15.0,"enemies":"Lagavulin","floor":8.0,"turns":5.0},{"damage":4.0,"enemies":"Jaw Worm","floor":11.0,"turns":2.0},{"damage":0.0,"enemies":"Looter","floor":12.0,"turns":3.0},{"damage":4.0,"enemies":"Gremlin Gang","floor":13.0,"turns":3.0},{"damage":0.0,"enemies":"Large Slime","floor":14.0,"turns":4.0},{"damage":21.0,"enemies":"Slime Boss","floor":16.0,"turns":9.0},{"damage":10.0,"enemies":"Shell Parasite","floor":18.0,"turns":7.0},{"damage":0.0,"enemies":"Spheric Guardian","floor":21.0,"turns":6.0},{"damage":12.0,"enemies":"Cultist and Chosen","floor":22.0,"turns":6.0},{"damage":1.0,"enemies":"Snecko","floor":28.0,"turns":4.0},{"damage":1.0,"enemies":"Centurion and Healer","floor":29.0,"turns":4.0},{"damage":3.0,"enemies":"Snake Plant","floor":30.0,"turns":3.0},{"damage":0.0,"enemies":"Collector","floor":33.0,"turns":4.0},{"damage":3.0,"enemies":"3 Shapes","floor":35.0,"turns":3.0},{"damage":2.0,"enemies":"3 Darklings","floor":36.0,"turns":3.0},{"damage":0.0,"enemies":"Spire Growth","floor":38.0,"turns":3.0},{"damage":0.0,"enemies":"Transient","floor":39.0,"turns":6.0},{"damage":0.0,"enemies":"Giant Head","floor":40.0,"turns":3.0},{"damage":0.0,"enemies":"Reptomancer","floor":42.0,"turns":2.0},{"damage":0.0,"enemies":"3 Darklings","floor":44.0,"turns":2.0},{"damage":0.0,"enemies":"Spire Growth","floor":46.0,"turns":3.0},{"damage":0.0,"enemies":"Sphere and 2 Shapes","floor":48.0,"turns":4.0},{"damage":0.0,"enemies":"Awakened One","floor":50.0,"turns":5.0},{"damage":0.0,"enemies":"Donu and Deca","floor":51.0,"turns":3.0},{"damage":0.0,"enemies":"Shield and Spear","floor":55.0,"turns":2.0},{"damage":18,"enemies":"The Heart","floor":56,"turns":7}],"seed_played":"-1928313901526150430","potions_obtained":[{"floor":1.0,"key":"Ancient Potion"},{"floor":11.0,"key":"Block Potion"},{"floor":24.0,"key":"Swift Potion"},{"floor":24.0,"key":"Regen Potion"},{"floor":28.0,"key":"FocusPotion"},{"floor":42.0,"key":"LiquidBronze"},{"floor":44.0,"key":"Energy Potion"}],"is_trial":false,"path_per_floor":["M","$","M","?","$","R","?","E","T","?","M","M","M","M","R","B",null,"M","$","?","M","M","R","?","R","T","R","M","M","M","$","R","B",null,"M","M","?","M","M","E","R","E","T","M","?","M","$","M","R","B","B",null,"R","$","E","B",null],"character_chosen":"DEFECT","items_purchased":["Sundial","Swift Potion"],"campfire_rested":1,"item_purchase_floors":[2,47],"current_hp_per_floor":[55,55,52,45,45,45,45,30,30,11,7,7,3,3,37,16,52,42,42,32,32,20,20,20,20,20,20,31,30,27,27,27,27,31,28,26,26,26,26,26,32,32,32,32,32,32,32,32,32,32,32,32,32,32,32,14],"gold":166,"neow_bonus":"ONE_RARE_RELIC","is_prod":false,"is_daily":false,"chose_seed":false,"campfire_upgraded":7,"win_rate":0,"timestamp":1558866146,"path_taken":["M","$","M","?","$","R","?","E","T","?","M","M","M","M","R","BOSS","M","$","?","M","M","R","?","R","T","R","?","M","?","$","R","BOSS","M","M","?","?","M","E","R","E","T","M","?","M","$","?","R","BOSS","BOSS","R","$","E","BOSS"],"build_version":"2019-05-24v2","purchased_purges":5,"victory":true,"max_hp_per_floor":[64,64,64,64,64,64,64,64,64,64,64,64,64,64,64,64,64,64,64,32,32,32,32,32,32,32,32,32,32,32,32,32,32,32,32,32,32,32,32,32,32,32,32,32,32,32,32,32,32,32,32,32,32,32,32,32],"card_choices":[{"not_picked":["Rebound","Ball Lightning"],"picked":"Streamline","floor":1.0},{"not_picked":["Gash","Heatsinks","Rainbow"],"picked":"SKIP","floor":3.0},{"not_picked":["Melter","Beam Cell","All For One"],"picked":"SKIP","floor":8.0},{"not_picked":["Capacitor","Barrage","Sweeping Beam"],"picked":"SKIP","floor":11.0},{"not_picked":["Streamline","Compile Driver","BootSequence"],"picked":"SKIP","floor":12.0},{"not_picked":["Stack","White Noise"],"picked":"Fission","floor":13.0},{"not_picked":["Streamline","Storm","Redo"],"picked":"SKIP","floor":14.0},{"not_picked":["Seek","Echo Form"],"picked":"Core Surge","floor":16.0},{"not_picked":["Self Repair","Consume"],"picked":"Reinforced Body","floor":18.0},{"not_picked":["Compile Driver","Conserve Battery","Force Field"],"picked":"SKIP","floor":21.0},{"not_picked":["Leap","Beam Cell"],"picked":"Coolheaded","floor":22.0},{"not_picked":["Sweeping Beam","Gash"],"picked":"Compile Driver","floor":28.0},{"not_picked":["Beam Cell","Turbo","Reinforced Body"],"picked":"SKIP","floor":29.0},{"not_picked":["Stack","Compile Driver","Doom and Gloom"],"picked":"SKIP","floor":30.0},{"not_picked":["Redo+1","Ball Lightning","Darkness+1"],"picked":"SKIP","floor":35.0},{"not_picked":["Compile Driver","Tempest","BootSequence"],"picked":"SKIP","floor":36.0},{"not_picked":["Tempest","Force Field","Streamline"],"picked":"SKIP","floor":38.0},{"not_picked":["Storm","Auto Shields","Gash"],"picked":"SKIP","floor":39.0},{"not_picked":["Genetic Algorithm","Ball Lightning"],"picked":"Coolheaded","floor":40.0},{"not_picked":["Beam Cell","Multi-Cast","Rebound+1"],"picked":"SKIP","floor":42.0},{"not_picked":["Tempest","Beam Cell"],"picked":"Loop","floor":44.0},{"not_picked":["Heatsinks+1","Aggregate+1","White Noise"],"picked":"SKIP","floor":46.0},{"not_picked":["Chill+1","Barrage","Steam"],"picked":"SKIP","floor":48.0},{"not_picked":["Reprogram","Melter","Leap"],"picked":"SKIP","floor":55.0}],"player_experience":3042583,"relics_obtained":[{"floor":8.0,"key":"Regal Pillow"},{"floor":9.0,"key":"Mercury Hourglass"},{"floor":40.0,"key":"Thread and Needle"},{"floor":42.0,"key":"Dream Catcher"},{"floor":43.0,"key":"Smiling Mask"},{"floor":55.0,"key":"War Paint"}],"event_choices":[{"cards_removed":["Strike_B"],"damage_healed":0.0,"max_hp_gain":0.0,"max_hp_loss":0.0,"gold_gain":0.0,"event_name":"Golden Wing","player_choice":"Card Removal","floor":4.0,"gold_loss":0.0,"damage_taken":7.0},{"cards_removed":["Strike_B"],"damage_healed":0.0,"max_hp_gain":0.0,"max_hp_loss":0.0,"gold_gain":0.0,"event_name":"The Cleric","player_choice":"Card Removal","floor":7.0,"gold_loss":75.0,"damage_taken":0.0},{"damage_healed":0.0,"max_hp_gain":0.0,"max_hp_loss":0.0,"gold_gain":0.0,"event_name":"Shining Light","player_choice":"Entered Light","floor":10.0,"gold_loss":0.0,"damage_taken":19.0,"cards_upgraded":["Defend_B","Defend_B"]},{"damage_healed":0.0,"max_hp_gain":0.0,"max_hp_loss":32.0,"gold_gain":0.0,"event_name":"Ghosts","player_choice":"Became a Ghost","floor":20.0,"gold_loss":0.0,"damage_taken":0.0,"cards_obtained":["Ghostly","Ghostly","Ghostly"]},{"damage_healed":0.0,"max_hp_gain":0.0,"max_hp_loss":0.0,"gold_gain":0.0,"event_name":"Lab","player_choice":"Got Potions","floor":24.0,"gold_loss":0.0,"damage_taken":0.0},{"damage_healed":0.0,"max_hp_gain":0.0,"max_hp_loss":0.0,"gold_gain":0.0,"event_name":"Accursed Blacksmith","player_choice":"Forge","floor":37.0,"gold_loss":0.0,"damage_taken":0.0,"cards_upgraded":["Reinforced Body"]},{"damage_healed":0.0,"max_hp_gain":0.0,"max_hp_loss":0.0,"gold_gain":0.0,"event_name":"Match and Keep!","player_choice":"0 cards matched","floor":45.0,"gold_loss":0.0,"damage_taken":0.0,"cards_obtained":[]}],"is_beta":true,"boss_relics":[{"not_picked":["Nuclear Battery","White Beast Statue"],"picked":"Empty Cage"},{"not_picked":["Sozu","Calling Bell"],"picked":"Eternal Feather"}],"items_purged_floors":[2,19,31,47,54],"is_endless":false,"potions_floor_spawned":[1,11,12,28,29,33,36,39,42,44],"ascension_level":20}