{"path_per_floor":["M","?","M","M","M","R","?","M","T","M","M","?","M","$","R"],"character_chosen":"DEFECT","items_purchased":[],"gold_per_floor":[109,74,86,106,116,116,116,128,128,146,166,166,181,181,181,181],"floor_reached":16,"campfire_rested":0,"playtime":263,"item_purchase_floors":[],"current_hp_per_floor":[68,75,69,69,67,67,67,62,62,60,59,59,54,54,54,54],"items_purged":[],"gold":181,"score":125,"play_id":"55b8838b-5397-49f4-b30b-80b37c5ca259","local_time":"20180609125138","is_prod":false,"is_daily":false,"chose_seed":false,"is_ascension_mode":true,"campfire_upgraded":2,"win_rate":0,"timestamp":1528541498,"campfire_choices":[{"data":"Go for the Eyes","floor":6,"key":"SMITH"},{"data":"Conserve Battery","floor":15,"key":"SMITH"}],"path_taken":["M","?","?","M","M","R","?","M","T","M","M","?","M","$","R","BOSS"],"build_version":"2018-06-07v3","seed_source_timestamp":72455597999782,"purchased_purges":0,"victory":false,"master_deck":["Strike_B","Strike_B","Strike_B","Strike_B+1","Defend_B","Defend_B","Defend_B","Defend_B","Zap+1","Dualcast","Conserve Battery+1","Go for the Eyes+1","Cold Snap+1","Auto Shields","Reinforced Body","Steam"],"max_hp_per_floor":[75,75,75,75,75,75,75,75,75,75,75,75,75,75,75,75],"relics":["Cracked Core","Whetstone"],"card_choices":[{"not_picked":["Compile Driver","Barrage"],"picked":"Conserve Battery","floor":1},{"not_picked":["Streamline","Fusion","Turbo"],"picked":"SKIP","floor":3},{"not_picked":["Steam Power","Stack"],"picked":"Go for the Eyes","floor":4},{"not_picked":["Turbo","Heatsinks"],"picked":"Cold Snap","floor":5},{"not_picked":["Hello World","Gash"],"picked":"Auto Shields","floor":8},{"not_picked":["Rebound","Double Energy"],"picked":"Reinforced Body","floor":10},{"not_picked":["Echo Form","Go for the Eyes"],"picked":"Steam","floor":11},{"not_picked":["Doom and Gloom","Hello World","White Noise"],"picked":"SKIP","floor":13}],"player_experience":826398,"potions_floor_usage":[],"damage_taken":[{"damage":0,"enemies":"2 Louse","floor":1,"turns":1},{"damage":6,"enemies":"Small Slimes","floor":3,"turns":3},{"damage":0,"enemies":"Cultist","floor":4,"turns":3},{"damage":2,"enemies":"3 Louse","floor":5,"turns":3},{"damage":5,"enemies":"Exordium Wildlife","floor":8,"turns":5},{"damage":2,"enemies":"2 Fungi Beasts","floor":10,"turns":3},{"damage":1,"enemies":"Looter","floor":11,"turns":3},{"damage":5,"enemies":"Red Slaver","floor":13,"turns":2},{"damage":0,"enemies":"Hexaghost","floor":16,"turns":1}],"relics_obtained":[{"floor":9,"key":"Whetstone"}],"event_choices":[{"event_name":"The Cleric","player_choice":"Healed","floor":2,"damage_taken":0},{"event_name":"Living Wall","player_choice":"Grow","floor":7,"damage_taken":0},{"event_name":"Scrap Ooze","player_choice":"unsuccessful","floor":12,"damage_taken":0}],"boss_relics":[],"items_purged_floors":[],"potions_floor_spawned":[5,11,13],"seed_played":"8206684935499817577","killed_by":"Hexaghost","ascension_level":6,"potions_obtained":[{"floor":5,"key":"LiquidBronze"},{"floor":11,"key":"FearPotion"},{"floor":13,"key":"Swift Potion"}],"is_trial":false}