{"gold_per_floor":[216,216,7,7,7,7,18,38,38,49,67,67,96,115,115,214,214,230,8,24,24,24,24,55,68,92,92,112,112],"floor_reached":29,"playtime":2754,"items_purged":[],"score":245,"play_id":"03ee26f3-1ac9-4268-869a-4346a6bf9aee","local_time":"20190804074459","is_ascension_mode":false,"campfire_choices":[{"data":"Rebound","floor":6,"key":"SMITH"},{"floor":12,"key":"REST"},{"floor":15,"key":"REST"},{"data":"Hyperbeam","floor":23,"key":"SMITH"}],"neow_cost":"NONE","seed_source_timestamp":487442276601337,"circlet_count":0,"master_deck":["Strike_B+1","Strike_B+1","Strike_B+1","Strike_B+1","Defend_B+1","Defend_B+1","Defend_B+1","Defend_B+1","Zap","Dualcast","Rebound+1","Defragment","Coolheaded","Barrage","Undo","Capacitor","Tempest","Conserve Battery","Core Surge","Chill","Static Discharge","Hyperbeam+1","Conserve Battery","Rebound","Streamline","Stack","Echo Form+1","Storm+1"],"relics":["FrozenCore","Cables","Juzu Bracelet","Lee\u0027s Waffle","Frozen Egg 2","Lantern"],"potions_floor_usage":[13,24,24,24,24,25,28],"damage_taken":[{"damage":3,"enemies":"Jaw Worm","floor":1,"turns":3},{"damage":5,"enemies":"2 Louse","floor":7,"turns":3},{"damage":2,"enemies":"Small Slimes","floor":8,"turns":3},{"damage":13,"enemies":"2 Fungi Beasts","floor":10,"turns":3},{"damage":8,"enemies":"Exordium Thugs","floor":11,"turns":5},{"damage":15,"enemies":"Gremlin Nob","floor":13,"turns":5},{"damage":1,"enemies":"3 Louse","floor":14,"turns":3},{"damage":21,"enemies":"The Guardian","floor":16,"turns":10},{"damage":30,"enemies":"3 Byrds","floor":18,"turns":3},{"damage":12,"enemies":"Spheric Guardian","floor":20,"turns":4},{"damage":38,"enemies":"Slavers","floor":24,"turns":5},{"damage":24,"enemies":"Snake Plant","floor":25,"turns":6},{"damage":4,"enemies":"Centurion and Healer","floor":28,"turns":8},{"damage":19,"enemies":"Gremlin Leader","floor":29,"turns":1}],"seed_played":"-3467888587374404447","potions_obtained":[{"floor":10,"key":"Poison Potion"},{"floor":11,"key":"EntropicBrew"},{"floor":13,"key":"Explosive Potion"},{"floor":16,"key":"Regen Potion"},{"floor":24,"key":"Explosive Potion"},{"floor":25,"key":"Explosive Potion"}],"is_trial":false,"path_per_floor":["M","?","$","?","$","R","M","M","T","M","M","R","E","M","R","B",null,"M","$","M","?","$","R","E","M","T","?","M","E"],"character_chosen":"DEFECT","items_purchased":["Defragment","Coolheaded","Barrage","Undo","Lee\u0027s Waffle","Rebound"],"campfire_rested":2,"item_purchase_floors":[3,3,3,3,19,19],"current_hp_per_floor":[72,72,72,72,72,72,67,65,65,52,44,66,51,50,72,51,75,45,82,70,70,70,70,46,22,22,22,18,0],"gold":112,"neow_bonus":"HUNDRED_GOLD","is_prod":false,"is_daily":false,"chose_seed":false,"campfire_upgraded":2,"win_rate":0.0,"timestamp":1564929899,"path_taken":["M","?","$","?","?","R","M","M","T","M","M","R","E","M","R","BOSS","M","$","M","?","$","R","E","M","T","?","M","E"],"build_version":"2019-07-17","purchased_purges":0,"victory":false,"max_hp_per_floor":[75,75,75,75,75,75,75,75,75,75,75,75,75,75,75,75,75,75,82,82,82,82,82,82,82,82,82,82,82],"card_choices":[{"not_picked":["Beam Cell","Compile Driver"],"picked":"Rebound","floor":1},{"not_picked":["Gash","Chill"],"picked":"Capacitor","floor":7},{"not_picked":["Chaos","Undo"],"picked":"Tempest","floor":8},{"not_picked":["Skim","Static Discharge"],"picked":"Conserve Battery","floor":10},{"not_picked":["Recycle","Turbo"],"picked":"Core Surge","floor":11},{"not_picked":["Doom and Gloom","Conserve Battery"],"picked":"Chill","floor":13},{"not_picked":["Stack","Gash"],"picked":"Static Discharge","floor":14},{"not_picked":["Thunder Strike","Biased Cognition"],"picked":"Hyperbeam","floor":16},{"not_picked":["FTL","Cold Snap"],"picked":"Conserve Battery","floor":18},{"not_picked":["Ball Lightning","Barrage+1"],"picked":"Streamline","floor":20},{"not_picked":["Heatsinks","Skim+1"],"picked":"Stack","floor":24},{"not_picked":["Hello World+1","Scrape+1"],"picked":"Echo Form+1","floor":25},{"not_picked":["Steam Power","Stack+1"],"picked":"Storm+1","floor":28}],"player_experience":300369,"relics_obtained":[{"floor":9,"key":"Cables"},{"floor":13,"key":"Juzu Bracelet"},{"floor":24,"key":"Frozen Egg 2"},{"floor":26,"key":"Lantern"}],"event_choices":[{"damage_healed":0,"gold_gain":0,"player_choice":"Fled","damage_taken":0,"max_hp_gain":0,"max_hp_loss":0,"event_name":"Scrap Ooze","floor":2,"gold_loss":0},{"damage_healed":0,"gold_gain":0,"player_choice":"Ignored","damage_taken":0,"max_hp_gain":0,"max_hp_loss":0,"event_name":"Golden Wing","floor":4,"gold_loss":0},{"damage_healed":0,"gold_gain":0,"player_choice":"Simplicity","damage_taken":0,"max_hp_gain":0,"max_hp_loss":0,"event_name":"Back to Basics","floor":21,"gold_loss":0,"cards_upgraded":["Strike_B","Strike_B","Strike_B","Strike_B","Defend_B","Defend_B","Defend_B","Defend_B"]},{"damage_healed":0,"gold_gain":0,"player_choice":"Ignored","damage_taken":0,"max_hp_gain":0,"max_hp_loss":0,"event_name":"The Mausoleum","floor":27,"gold_loss":0}],"is_beta":false,"boss_relics":[{"not_picked":["Snecko Eye","Runic Dome"],"picked":"FrozenCore"}],"items_purged_floors":[],"is_endless":false,"potions_floor_spawned":[10,11,13,16,24,25],"killed_by":"Gremlin Leader","ascension_level":0}