{"gold_per_floor":[11,29,47,58,76,101,101,66,66,86,86,86,86,121,121,198,198,211,228,228,228,28,63,63,10,36,36,67,81,81,98,98,173,173,190,90,106,106,156,156,182,193,193,68,68,101,101,129,129,129,129,129,129,49,81,81],"floor_reached":56,"playtime":2396,"items_purged":["Strike_G","Defend_G","Defend_G"],"score":2687,"play_id":"1e77b193-0fbb-4878-aeb7-72aa5a983997","local_time":"20190825232932","is_ascension_mode":true,"campfire_choices":[{"data":"Burst","floor":7.0,"key":"SMITH"},{"data":"Calculated Gamble","floor":11.0,"key":"SMITH"},{"data":"Acrobatics","floor":13.0,"key":"SMITH"},{"data":"Neutralize","floor":15.0,"key":"SMITH"},{"data":"Calculated Gamble","floor":24.0,"key":"SMITH"},{"data":"Doppelganger","floor":27.0,"key":"SMITH"},{"data":"Catalyst","floor":32.0,"key":"SMITH"},{"data":"Well Laid Plans","floor":40.0,"key":"SMITH"},{"data":"Acrobatics","floor":45.0,"key":"SMITH"},{"floor":49.0,"key":"RECALL"},{"data":"Reflex","floor":53.0,"key":"SMITH"}],"neow_cost":"NO_GOLD","seed_source_timestamp":345237378208700,"circlet_count":0,"master_deck":["AscendersBane","Defend_G","Defend_G","Defend_G","Survivor+1","Neutralize+1","Calculated Gamble+1","Burst+1","Backflip","Acrobatics+1","Corpse Explosion+1","Escape Plan","Doppelganger+1","Deflect","Calculated Gamble+1","Well Laid Plans+1","Adrenaline","Catalyst+1","Grand Finale+1","Tactician+1","PiercingWail+1","Caltrops+1","Acrobatics+1","Reflex+1","Escape Plan","Blur"],"special_seed":0,"relics":["Ring of the Snake","Du-Vu Doll","Letter Opener","FossilizedHelix","StoneCalendar","Black Star","Mango","Ninja Scroll","War Paint","Meat on the Bone","Mercury Hourglass","Astrolabe","Strawberry","Dream Catcher","Whetstone","Bottled Lightning","Art of War","Ginger"],"potions_floor_usage":[],"damage_taken":[{"damage":3.0,"enemies":"Cultist","floor":1.0,"turns":5.0},{"damage":2.0,"enemies":"Jaw Worm","floor":2.0,"turns":4.0},{"damage":0.0,"enemies":"2 Louse","floor":3.0,"turns":4.0},{"damage":8.0,"enemies":"Exordium Thugs","floor":4.0,"turns":5.0},{"damage":4.0,"enemies":"Looter","floor":5.0,"turns":3.0},{"damage":41.0,"enemies":"3 Sentries","floor":6.0,"turns":12.0},{"damage":0.0,"enemies":"Exordium Wildlife","floor":10.0,"turns":5.0},{"damage":0.0,"enemies":"Gremlin Nob","floor":14.0,"turns":3.0},{"damage":0.0,"enemies":"The Guardian","floor":16.0,"turns":7.0},{"damage":8.0,"enemies":"2 Thieves","floor":18.0,"turns":3.0},{"damage":0.0,"enemies":"Spheric Guardian","floor":19.0,"turns":3.0},{"damage":32.0,"enemies":"Gremlin Leader","floor":23.0,"turns":6.0},{"damage":19.0,"enemies":"Slavers","floor":28.0,"turns":2.0},{"damage":0.0,"enemies":"Cultist and Chosen","floor":29.0,"turns":3.0},{"damage":0.0,"enemies":"3 Cultists","floor":31.0,"turns":2.0},{"damage":0.0,"enemies":"Automaton","floor":33.0,"turns":7.0},{"damage":0.0,"enemies":"Orb Walker","floor":35.0,"turns":1.0},{"damage":0.0,"enemies":"3 Darklings","floor":37.0,"turns":1.0},{"damage":0.0,"enemies":"Giant Head","floor":41.0,"turns":5.0},{"damage":0.0,"enemies":"4 Shapes","floor":42.0,"turns":1.0},{"damage":0.0,"enemies":"Nemesis","floor":46.0,"turns":1.0},{"damage":0.0,"enemies":"Reptomancer","floor":48.0,"turns":3.0},{"damage":0.0,"enemies":"Donu and Deca","floor":50.0,"turns":2.0},{"damage":0.0,"enemies":"Time Eater","floor":51.0,"turns":5.0},{"damage":0.0,"enemies":"Shield and Spear","floor":55.0,"turns":1.0},{"damage":77,"enemies":"The Heart","floor":56,"turns":6}],"seed_played":"-3952182212661584980","potions_obtained":[{"floor":1.0,"key":"Fire Potion"},{"floor":10.0,"key":"GhostInAJar"},{"floor":14.0,"key":"Block Potion"},{"floor":23.0,"key":"Regen Potion"},{"floor":29.0,"key":"Regen Potion"},{"floor":31.0,"key":"PowerPotion"},{"floor":33.0,"key":"AttackPotion"}],"is_trial":false,"path_per_floor":["M","M","M","M","M","E","R","?","T","M","R","?","R","E","R","B",null,"M","M","?","?","$","E","R","$","T","R","E","M","?","M","R","B",null,"M","$","M","?","?","R","E","M","T","$","R","E","?","E","R","B","B",null,"R","$","E","B"],"character_chosen":"THE_SILENT","items_purchased":["Calculated Gamble","Well Laid Plans","SkillPotion","Escape Plan"],"campfire_rested":0,"item_purchase_floors":[22,22,25,54],"current_hp_per_floor":[56,54,54,46,42,1,1,17,17,17,17,17,17,17,17,17,54,46,46,46,46,46,28,28,28,28,28,18,30,30,42,42,57,74,74,74,74,74,74,74,81,81,81,81,81,81,81,81,81,81,81,86,86,86,86,9],"gold":81,"neow_bonus":"ONE_RARE_RELIC","is_prod":false,"is_daily":false,"chose_seed":false,"campfire_upgraded":10,"win_rate":0,"timestamp":1566743372,"path_taken":["M","M","M","M","?","E","R","?","T","M","R","?","R","E","R","BOSS","M","M","?","?","$","E","R","?","T","R","E","M","?","M","R","BOSS","M","$","M","?","?","R","E","?","T","?","R","E","?","E","R","BOSS","BOSS","R","$","E","BOSS"],"build_version":"2019-07-17","purchased_purges":3,"victory":false,"max_hp_per_floor":[66,66,66,66,66,66,66,66,66,66,66,66,66,66,66,66,66,66,66,66,66,66,80,80,80,80,80,80,80,80,80,80,80,80,80,80,80,80,80,80,87,87,87,87,87,87,87,87,87,87,87,87,87,87,87,87],"card_choices":[{"not_picked":["Distraction","Leg Sweep"],"picked":"Deadly Poison","floor":1.0},{"not_picked":["Prepared","Eviscerate","Flying Knee"],"picked":"SKIP","floor":2.0},{"not_picked":["Deflect","Bane"],"picked":"Calculated Gamble","floor":3.0},{"not_picked":["Bane","Sucker Punch"],"picked":"Burst","floor":4.0},{"not_picked":["Deadly Poison","Accuracy"],"picked":"Backflip","floor":5.0},{"not_picked":["Backflip","Masterful Stab","Finisher"],"picked":"SKIP","floor":6.0},{"not_picked":["Dagger Spray","Sucker Punch"],"picked":"Acrobatics","floor":10.0},{"not_picked":["Blade Dance","Bouncing Flask"],"picked":"Corpse Explosion","floor":14.0},{"not_picked":["Deflect","Sucker Punch","Bane"],"picked":"SKIP","floor":18.0},{"not_picked":["Crippling Poison","Reflex"],"picked":"Escape Plan","floor":19.0},{"not_picked":["Noxious Fumes","Slice","Dagger Throw"],"picked":"SKIP","floor":23.0},{"not_picked":["Deflect","Backstab+1"],"picked":"Adrenaline","floor":28.0},{"not_picked":["Underhanded Strike","Deadly Poison"],"picked":"Catalyst","floor":29.0},{"not_picked":["Dagger Spray","Backstab","Crippling Poison"],"picked":"SKIP","floor":31.0},{"not_picked":["Tools of the Trade","Glass Knife"],"picked":"Grand Finale","floor":33.0},{"not_picked":["Skewer","Dagger Spray","Riddle With Holes+1"],"picked":"SKIP","floor":35.0},{"not_picked":["Backflip","Cloak And Dagger","Sucker Punch+1"],"picked":"SKIP","floor":37.0},{"not_picked":["Deadly Poison+1","Backflip","Slice"],"picked":"SKIP","floor":41.0},{"not_picked":["Cloak And Dagger+1","Flying Knee"],"picked":"Acrobatics","floor":42.0},{"not_picked":["Deflect","Choke+1"],"picked":"Reflex","floor":46.0},{"not_picked":["Cloak And Dagger","Predator+1","Bane"],"picked":"SKIP","floor":48.0},{"not_picked":["Dodge and Roll","Endless Agony"],"picked":"Blur","floor":55.0}],"player_experience":985836,"relics_obtained":[{"floor":6.0,"key":"Letter Opener"},{"floor":9.0,"key":"FossilizedHelix"},{"floor":14.0,"key":"StoneCalendar"},{"floor":23.0,"key":"Mango"},{"floor":23.0,"key":"Ninja Scroll"},{"floor":26.0,"key":"War Paint"},{"floor":28.0,"key":"Meat on the Bone"},{"floor":28.0,"key":"Mercury Hourglass"},{"floor":41.0,"key":"Strawberry"},{"floor":46.0,"key":"Dream Catcher"},{"floor":46.0,"key":"Whetstone"},{"floor":48.0,"key":"Bottled Lightning"},{"floor":55.0,"key":"Art of War"},{"floor":55.0,"key":"Ginger"}],"event_choices":[{"damage_healed":16.0,"max_hp_gain":0.0,"max_hp_loss":0.0,"gold_gain":0.0,"event_name":"The Cleric","player_choice":"Healed","floor":8.0,"gold_loss":35.0,"damage_taken":0.0},{"damage_healed":0.0,"max_hp_gain":0.0,"max_hp_loss":0.0,"gold_gain":0.0,"event_name":"Upgrade Shrine","player_choice":"Upgraded","floor":12.0,"gold_loss":0.0,"damage_taken":0.0,"cards_upgraded":["Deadly Poison"]},{"damage_healed":0.0,"max_hp_gain":0.0,"max_hp_loss":0.0,"gold_gain":0.0,"event_name":"Vampires","player_choice":"Ignored","floor":20.0,"gold_loss":0.0,"damage_taken":0.0},{"damage_healed":0.0,"max_hp_gain":0.0,"max_hp_loss":0.0,"gold_gain":0.0,"cards_transformed":["Strike_G","Strike_G"],"event_name":"Drug Dealer","player_choice":"Became Test Subject","floor":21.0,"gold_loss":0.0,"damage_taken":0.0,"cards_obtained":["Doppelganger","Deflect"]},{"damage_healed":0.0,"max_hp_gain":0.0,"max_hp_loss":0.0,"gold_gain":0.0,"event_name":"The Mausoleum","player_choice":"Ignored","floor":30.0,"gold_loss":0.0,"damage_taken":0.0},{"damage_healed":0.0,"max_hp_gain":0.0,"max_hp_loss":0.0,"gold_gain":0.0,"event_name":"SensoryStone","player_choice":"Memory 1","floor":38.0,"gold_loss":0.0,"damage_taken":0.0},{"damage_healed":0.0,"max_hp_gain":0.0,"max_hp_loss":0.0,"gold_gain":50.0,"event_name":"Golden Shrine","player_choice":"Pray","floor":39.0,"gold_loss":0.0,"damage_taken":0.0},{"damage_healed":0.0,"max_hp_gain":0.0,"max_hp_loss":0.0,"gold_gain":0.0,"event_name":"SecretPortal","player_choice":"Ignored","floor":47.0,"gold_loss":0.0,"damage_taken":0.0}],"is_beta":false,"boss_relics":[{"not_picked":["Orrery","Lizard Tail"],"picked":"Black Star"},{"not_picked":["Runic Dome","Empty Cage"],"picked":"Astrolabe"}],"items_purged_floors":[22,36,44],"is_endless":false,"potions_floor_spawned":[1,10,14,23,29,31,33,35,41,48],"killed_by":"The Heart","ascension_level":20}