{"gold_per_floor":[111,125,135,135,46,46,81,81,157,167,186,203,203,24,24,127,127,145,163,189,204,224,224,15,15,15,29,128,146,162,181,181,181],"floor_reached":33,"playtime":4289,"items_purged":[],"score":253,"play_id":"87096d24-97cb-419d-a685-031544f14208","local_time":"20190114105846","is_ascension_mode":false,"campfire_choices":[{"data":"Bludgeon","floor":6,"key":"SMITH"},{"data":"Armaments","floor":8,"key":"SMITH"},{"data":"Shrug It Off","floor":13,"key":"SMITH"},{"floor":15,"key":"REST"},{"floor":23,"key":"REST"},{"floor":32,"key":"REST"}],"neow_cost":"NONE","seed_source_timestamp":54557279866527,"circlet_count":0,"master_deck":["Strike_R","Strike_R","Strike_R","Strike_R","Defend_R","Defend_R","Defend_R","Defend_R","Bash","Brutality","Clash","Heavy Blade","Bludgeon+1","Armaments+1","Iron Wave","Inflame","Shrug It Off+1","Anger","Clothesline","Spot Weakness","Flex","Impervious","Inflame","Clothesline+1","Anger+1","Shockwave+1","Shrug It Off+1","Impervious","Battle Trance+1","Warcry"],"relics":["Burning Blood","Smiling Mask","Tiny Chest","Happy Flower","Art of War","Lee\u0027s Waffle","Meat on the Bone"],"potions_floor_usage":[10,16,22,30,31],"damage_taken":[{"damage":14,"enemies":"2 Louse","floor":1,"turns":3},{"damage":3,"enemies":"Cultist","floor":2,"turns":4},{"damage":2,"enemies":"Small Slimes","floor":3,"turns":3},{"damage":28,"enemies":"Gremlin Nob","floor":7,"turns":4},{"damage":0,"enemies":"2 Fungi Beasts","floor":10,"turns":2},{"damage":10,"enemies":"3 Louse","floor":11,"turns":4},{"damage":0,"enemies":"Looter","floor":12,"turns":3},{"damage":51,"enemies":"Hexaghost","floor":16,"turns":10},{"damage":17,"enemies":"Spheric Guardian","floor":18,"turns":4},{"damage":19,"enemies":"3 Byrds","floor":19,"turns":7},{"damage":33,"enemies":"Shelled Parasite and Fungi","floor":21,"turns":8},{"damage":24,"enemies":"Sentry and Sphere","floor":22,"turns":6},{"damage":10,"enemies":"Chosen and Byrds","floor":27,"turns":5},{"damage":25,"enemies":"Centurion and Healer","floor":29,"turns":5},{"damage":17,"enemies":"Shelled Parasite and Fungi","floor":30,"turns":5},{"damage":35,"enemies":"3 Cultists","floor":31,"turns":8},{"damage":67,"enemies":"Automaton","floor":33,"turns":8}],"seed_played":"878061885228805669","potions_obtained":[{"floor":1,"key":"Dexterity Potion"},{"floor":2,"key":"AttackPotion"},{"floor":16,"key":"Explosive Potion"},{"floor":19,"key":"SmokeBomb"},{"floor":27,"key":"Swift Potion"},{"floor":30,"key":"Energy Potion"}],"is_trial":false,"path_per_floor":["M","M","M","?","$","R","E","R","T","M","M","M","R","$","R","B",null,"M","M","T","M","M","R","$","?","T","M","?","M","M","M","R","B"],"character_chosen":"IRONCLAD","items_purchased":["Iron Wave","Inflame","Happy Flower","Flex","Lee\u0027s Waffle"],"campfire_rested":3,"item_purchase_floors":[5,5,14,14,24],"current_hp_per_floor":[72,75,79,79,79,79,57,57,57,63,59,65,65,65,80,35,80,69,56,56,29,11,35,87,87,87,83,83,64,53,36,62,0],"gold":181,"neow_bonus":"ONE_RANDOM_RARE_CARD","is_prod":false,"is_daily":false,"chose_seed":false,"campfire_upgraded":3,"win_rate":0.0,"timestamp":1547492326,"path_taken":["M","M","M","?","$","R","E","R","T","M","M","M","R","$","R","BOSS","M","M","?","M","M","R","$","?","T","?","?","M","M","M","R","BOSS"],"build_version":"2019-01-10","purchased_purges":0,"victory":false,"max_hp_per_floor":[80,80,80,80,80,80,80,80,80,80,80,80,80,80,80,80,80,80,80,80,80,80,80,87,87,87,87,87,87,87,87,87,87],"card_choices":[{"not_picked":["Sentinel","Heavy Blade"],"picked":"Clash","floor":1},{"not_picked":["Body Slam","Rupture"],"picked":"Heavy Blade","floor":2},{"not_picked":["Thunderclap","Clash"],"picked":"Bludgeon","floor":3},{"not_picked":["Fire Breathing","Dark Embrace"],"picked":"Shrug It Off","floor":7},{"not_picked":["Headbutt","Sword Boomerang"],"picked":"Anger","floor":10},{"not_picked":["Fiend Fire","Corruption"],"picked":"Clothesline","floor":11},{"not_picked":["Armaments","Dropkick"],"picked":"Spot Weakness","floor":12},{"not_picked":["Double Tap","Barricade"],"picked":"Impervious","floor":16},{"not_picked":["Havoc","Clash"],"picked":"Inflame","floor":18},{"not_picked":["Wild Strike","True Grit"],"picked":"Clothesline+1","floor":19},{"not_picked":["Twin Strike","Havoc+1"],"picked":"Anger+1","floor":21},{"not_picked":["Anger","Cleave"],"picked":"Shockwave","floor":22},{"not_picked":["Sword Boomerang","Heavy Blade+1"],"picked":"Shrug It Off+1","floor":27},{"not_picked":["Twin Strike","Heavy Blade"],"picked":"Impervious","floor":29},{"not_picked":["Twin Strike","Headbutt"],"picked":"Battle Trance+1","floor":30},{"not_picked":["Cleave","Sword Boomerang+1"],"picked":"Warcry","floor":31}],"player_experience":161426,"relics_obtained":[{"floor":7,"key":"Smiling Mask"},{"floor":9,"key":"Tiny Chest"},{"floor":20,"key":"Art of War"},{"floor":26,"key":"Meat on the Bone"}],"event_choices":[{"damage_healed":0,"gold_gain":0,"cards_transformed":["Strike_R"],"player_choice":"Transformed","damage_taken":0,"max_hp_gain":0,"max_hp_loss":0,"event_name":"Transmorgrifier","floor":4,"gold_loss":0,"cards_obtained":["Armaments"]},{"damage_healed":0,"gold_gain":0,"player_choice":"Upgraded","damage_taken":0,"max_hp_gain":0,"max_hp_loss":0,"event_name":"Upgrade Shrine","floor":25,"gold_loss":0,"cards_upgraded":["Shockwave"]},{"damage_healed":0,"gold_gain":99,"player_choice":"Stole From Cult","damage_taken":0,"max_hp_gain":0,"max_hp_loss":0,"event_name":"Nest","floor":28,"gold_loss":0}],"is_beta":false,"boss_relics":[{"not_picked":["Empty Cage","White Beast Statue","Mark of Pain"]}],"items_purged_floors":[],"is_endless":false,"potions_floor_spawned":[1,2,16,19,27,30],"killed_by":"Automaton","ascension_level":0}