{"gold_per_floor":[113,113,113,131,142,142,161,161,161,7,7,7,7,7,7,80,80,97,97,297,252,252,252,279,279,279,304,304,204,204,79,79,150,150,170,185,35,0,20,48,48,77,77,77,77,109,127,139,139,139,139,139,139,31,60,60],"floor_reached":57,"playtime":2201,"items_purged":["Strike_G","Strike_G","Strike_G","Strike_G"],"score":3124,"play_id":"a4b961a4-df81-4e86-803b-c3842daf23fe","local_time":"20190810083614","is_ascension_mode":true,"campfire_choices":[{"data":"Neutralize","floor":6.0,"key":"SMITH"},{"data":"Well Laid Plans","floor":12.0,"key":"SMITH"},{"data":"Catalyst","floor":15.0,"key":"SMITH"},{"data":"Acrobatics","floor":23.0,"key":"SMITH"},{"data":"Night Terror","floor":25.0,"key":"SMITH"},{"data":"Prepared","floor":28.0,"key":"SMITH"},{"data":"Bouncing Flask","floor":30.0,"key":"SMITH"},{"data":"Purity","floor":32.0,"key":"SMITH"},{"data":"Burst","floor":41.0,"key":"SMITH"},{"data":"Night Terror","floor":45.0,"key":"SMITH"},{"floor":49.0,"key":"RECALL"},{"data":"Thinking Ahead","floor":53.0,"key":"SMITH"}],"neow_cost":"TEN_PERCENT_HP_LOSS","seed_source_timestamp":329885227882674,"circlet_count":0,"master_deck":["AscendersBane","Defend_G","Defend_G","Defend_G","Defend_G","Defend_G","Survivor","Purity+1","Thinking Ahead+1","Acrobatics+1","Well Laid Plans+1","Catalyst+1","Bouncing Flask+1","Parasite","Ghostly","Ghostly","Ghostly","Acrobatics","Night Terror+1","Prepared+1","Burst+1","Night Terror+1","Backflip+1","Impatience"],"special_seed":0,"relics":["Ring of the Snake","Unceasing Top","Molten Egg 2","HoveringKite","Mummified Hand","Art of War","Runic Dome","Red Mask","Blue Candle","Sundial","Pear","FossilizedHelix","Kunai"],"potions_floor_usage":[],"damage_taken":[{"damage":1.0,"enemies":"Jaw Worm","floor":1.0,"turns":6.0},{"damage":0.0,"enemies":"2 Louse","floor":4.0,"turns":6.0},{"damage":1.0,"enemies":"Cultist","floor":5.0,"turns":5.0},{"damage":15.0,"enemies":"Exordium Wildlife","floor":7.0,"turns":10.0},{"damage":43.0,"enemies":"Slime Boss","floor":16.0,"turns":12.0},{"damage":16.0,"enemies":"Chosen","floor":18.0,"turns":4.0},{"damage":2.0,"enemies":"2 Thieves","floor":21.0,"turns":5.0},{"damage":5.0,"enemies":"Book of Stabbing","floor":24.0,"turns":3.0},{"damage":3.0,"enemies":"Gremlin Leader","floor":27.0,"turns":3.0},{"damage":18.0,"enemies":"Automaton","floor":33.0,"turns":7.0},{"damage":1.0,"enemies":"3 Shapes","floor":35.0,"turns":6.0},{"damage":2.0,"enemies":"Orb Walker","floor":36.0,"turns":3.0},{"damage":3.0,"enemies":"Jaw Worm Horde","floor":39.0,"turns":6.0},{"damage":1.0,"enemies":"Reptomancer","floor":40.0,"turns":7.0},{"damage":0.0,"enemies":"Giant Head","floor":42.0,"turns":2.0},{"damage":0.0,"enemies":"Nemesis","floor":46.0,"turns":7.0},{"damage":2.0,"enemies":"Transient","floor":47.0,"turns":6.0},{"damage":1.0,"enemies":"Writhing Mass","floor":48.0,"turns":3.0},{"damage":1.0,"enemies":"Time Eater","floor":50.0,"turns":5.0},{"damage":0.0,"enemies":"Donu and Deca","floor":51.0,"turns":5.0},{"damage":0.0,"enemies":"Shield and Spear","floor":55.0,"turns":5.0},{"damage":29,"enemies":"The Heart","floor":56,"turns":9}],"seed_played":"-5829534619295132781","potions_obtained":[{"floor":14.0,"key":"Explosive Potion"},{"floor":14.0,"key":"FairyPotion"},{"floor":16.0,"key":"Poison Potion"},{"floor":21.0,"key":"SkillPotion"},{"floor":39.0,"key":"SkillPotion"}],"is_trial":false,"path_per_floor":["M","?","?","M","M","R","M","?","T","$","?","R","$","?","R","B",null,"M","?","?","M","?","R","E","R","T","E","R","$","R","$","R","B",null,"M","M","$","?","M","E","R","E","T","?","R","E","M","M","R","B","B",null,"R","$","E","B",null],"character_chosen":"THE_SILENT","items_purchased":["Bouncing Flask","Impatience"],"campfire_rested":0,"item_purchase_floors":[10,54],"current_hp_per_floor":[58,58,58,58,57,57,42,31,31,31,46,46,46,46,46,3,46,30,30,30,28,28,28,23,23,23,20,20,20,20,20,20,2,23,22,20,20,20,17,16,16,16,26,26,26,26,24,23,23,22,22,36,36,36,36,7],"gold":60,"neow_bonus":"RANDOM_COLORLESS_2","is_prod":false,"is_daily":false,"chose_seed":false,"campfire_upgraded":11,"win_rate":0,"timestamp":1565393774,"path_taken":["M","?","?","?","M","R","M","?","T","$","?","R","?","?","R","BOSS","M","?","?","?","?","R","E","R","T","E","R","?","R","$","R","BOSS","M","M","$","?","M","E","R","E","T","?","R","E","M","M","R","BOSS","BOSS","R","$","E","BOSS"],"build_version":"2019-07-17","purchased_purges":4,"victory":true,"max_hp_per_floor":[60,60,60,60,60,60,60,60,60,60,60,60,60,60,60,60,60,60,30,30,30,30,30,30,30,30,30,30,30,30,30,30,30,30,30,30,30,30,30,30,30,30,40,40,40,40,40,40,40,40,40,40,40,40,40,40],"card_choices":[{"not_picked":["Bane","Deflect"],"picked":"Acrobatics","floor":1.0},{"not_picked":["Riddle With Holes","Underhanded Strike","Blur"],"picked":"SKIP","floor":4.0},{"not_picked":["Leg Sweep","Flying Knee"],"picked":"Well Laid Plans","floor":5.0},{"not_picked":["Cloak And Dagger","Acrobatics"],"picked":"Catalyst","floor":7.0},{"not_picked":["Concentrate","Caltrops","Deadly Poison"],"picked":"SKIP","floor":18.0},{"not_picked":["PiercingWail+1","Quick Slash+1"],"picked":"Acrobatics","floor":21.0},{"not_picked":["Expertise","Noxious Fumes"],"picked":"Night Terror","floor":24.0},{"not_picked":["Eviscerate+1","Glass Knife+1"],"picked":"Prepared","floor":27.0},{"not_picked":["Corpse Explosion","Envenom"],"picked":"Burst","floor":33.0},{"not_picked":["Underhanded Strike+1","Flying Knee+1","Bane+1"],"picked":"SKIP","floor":35.0},{"not_picked":["Quick Slash+1","Night Terror","Caltrops"],"picked":"SKIP","floor":36.0},{"not_picked":["Quick Slash+1","Caltrops"],"picked":"Night Terror","floor":36.0},{"not_picked":["Deadly Poison","Underhanded Strike+1","Bane+1"],"picked":"SKIP","floor":39.0},{"not_picked":["Choke+1","Dagger Spray+1","Poisoned Stab+1"],"picked":"SKIP","floor":40.0},{"not_picked":["All Out Attack+1","Prepared","Quick Slash+1"],"picked":"SKIP","floor":42.0},{"not_picked":["Accuracy","Slice+1","Poisoned Stab+1"],"picked":"SKIP","floor":46.0},{"not_picked":["Dagger Spray+1","Skewer+1"],"picked":"Backflip+1","floor":47.0},{"not_picked":["Cloak And Dagger","Bane+1","Outmaneuver+1"],"picked":"SKIP","floor":48.0},{"not_picked":["Predator+1","Finisher+1","Malaise"],"picked":"SKIP","floor":55.0}],"player_experience":837805,"relics_obtained":[{"floor":9.0,"key":"Molten Egg 2"},{"floor":24.0,"key":"Mummified Hand"},{"floor":27.0,"key":"Art of War"},{"floor":40.0,"key":"Blue Candle"},{"floor":42.0,"key":"Sundial"},{"floor":43.0,"key":"Pear"},{"floor":46.0,"key":"FossilizedHelix"},{"floor":55.0,"key":"Kunai"}],"event_choices":[{"damage_healed":0.0,"max_hp_gain":0.0,"max_hp_loss":0.0,"gold_gain":0.0,"event_name":"Liars Game","player_choice":"Ignored","floor":2.0,"gold_loss":0.0,"damage_taken":0.0},{"cards_removed":["Strike_G"],"damage_healed":0.0,"max_hp_gain":0.0,"max_hp_loss":0.0,"gold_gain":0.0,"event_name":"Purifier","player_choice":"Purged","floor":3.0,"gold_loss":0.0,"damage_taken":0.0},{"damage_healed":0.0,"max_hp_gain":0.0,"max_hp_loss":0.0,"gold_gain":0.0,"event_name":"Scrap Ooze","player_choice":"Success","floor":8.0,"gold_loss":0.0,"damage_taken":11.0,"relics_obtained":["Unceasing Top"]},{"damage_healed":15.0,"max_hp_gain":0.0,"max_hp_loss":0.0,"gold_gain":0.0,"event_name":"Mushrooms","player_choice":"Healed and dodged fight","floor":11.0,"gold_loss":0.0,"damage_taken":0.0,"cards_obtained":["Parasite"]},{"damage_healed":0.0,"max_hp_gain":0.0,"max_hp_loss":0.0,"gold_gain":0.0,"event_name":"Lab","player_choice":"Got Potions","floor":14.0,"gold_loss":0.0,"damage_taken":0.0},{"damage_healed":0.0,"max_hp_gain":0.0,"max_hp_loss":30.0,"gold_gain":0.0,"event_name":"Ghosts","player_choice":"Became a Ghost","floor":19.0,"gold_loss":0.0,"damage_taken":0.0,"cards_obtained":["Ghostly","Ghostly","Ghostly"]},{"damage_healed":0.0,"max_hp_gain":0.0,"max_hp_loss":0.0,"gold_gain":250.0,"event_name":"The Joust","player_choice":"Bet on Owner","floor":20.0,"gold_loss":50.0,"damage_taken":0.0},{"damage_healed":0.0,"max_hp_gain":0.0,"max_hp_loss":0.0,"gold_gain":0.0,"event_name":"Vampires","player_choice":"Ignored","floor":22.0,"gold_loss":0.0,"damage_taken":0.0},{"damage_healed":0.0,"max_hp_gain":0.0,"max_hp_loss":0.0,"gold_gain":0.0,"event_name":"Tomb of Lord Red Mask","player_choice":"Paid","floor":38.0,"gold_loss":35.0,"damage_taken":0.0,"relics_obtained":["Red Mask"]},{"cards_removed":["Neutralize"],"damage_healed":0.0,"max_hp_gain":0.0,"max_hp_loss":0.0,"gold_gain":0.0,"event_name":"Falling","player_choice":"Removed Attack","floor":44.0,"gold_loss":0.0,"damage_taken":0.0}],"is_beta":false,"boss_relics":[{"not_picked":["Ectoplasm","WristBlade"],"picked":"HoveringKite"},{"not_picked":["Cursed Key","Ring of the Serpent"],"picked":"Runic Dome"}],"items_purged_floors":[10,29,31,37],"is_endless":false,"potions_floor_spawned":[16,21,39,40,48],"ascension_level":20}