{"gold_per_floor":[119,44,119,119,137,137,168,168,168,181,194,38,38,53,53,142,142,165,215,32,45,70,70,86,86,109,109,109,133,133],"floor_reached":30,"playtime":853,"items_purged":["Strike_B","Strike_B"],"score":560,"play_id":"6087af53-3f18-46c7-9e29-dfca7bd311ad","local_time":"20190906184434","is_ascension_mode":true,"campfire_choices":[{"data":"Zap","floor":6.0,"key":"SMITH"},{"data":"Fusion","floor":13.0,"key":"SMITH"},{"data":"Chaos","floor":15.0,"key":"SMITH"},{"data":"Dualcast","floor":23.0,"key":"SMITH"},{"data":"Coolheaded","floor":25.0,"key":"SMITH"}],"neow_cost":"NONE","seed_source_timestamp":847329767284615,"circlet_count":0,"master_deck":["AscendersBane","Defend_B","Defend_B","Defend_B","Zap+1","Dualcast+1","Rainbow","Compile Driver","Coolheaded+1","Turbo","Biased Cognition","Fusion+1","Compile Driver","Echo Form","Chaos+1","Seek","Turbo","Capacitor","Reprogram+1","Glacier","Hologram","Heatsinks"],"special_seed":0,"relics":["Cracked Core","Golden Idol","Gremlin Horn","Kunai","Nuclear Battery","DataDisk"],"potions_floor_usage":[],"damage_taken":[{"damage":0.0,"enemies":"Cultist","floor":1.0,"turns":3.0},{"damage":2.0,"enemies":"2 Louse","floor":5.0,"turns":4.0},{"damage":30.0,"enemies":"3 Sentries","floor":7.0,"turns":10.0},{"damage":0.0,"enemies":"Small Slimes","floor":10.0,"turns":2.0},{"damage":9.0,"enemies":"Looter","floor":11.0,"turns":2.0},{"damage":2.0,"enemies":"2 Fungi Beasts","floor":14.0,"turns":4.0},{"damage":0.0,"enemies":"Hexaghost","floor":16.0,"turns":9.0},{"damage":4.0,"enemies":"Shell Parasite","floor":18.0,"turns":5.0},{"damage":0.0,"enemies":"3 Byrds","floor":21.0,"turns":3.0},{"damage":29.0,"enemies":"Centurion and Healer","floor":22.0,"turns":6.0},{"damage":3.0,"enemies":"Snecko","floor":24.0,"turns":4.0},{"damage":7,"enemies":"Cultist and Chosen","floor":29,"turns":5},{"damage":0,"enemies":"Shelled Parasite and Fungi","floor":30,"turns":1}],"seed_played":"2767281859449652967","potions_obtained":[{"floor":7.0,"key":"Explosive Potion"},{"floor":10.0,"key":"Dexterity Potion"},{"floor":16.0,"key":"Block Potion"},{"floor":29,"key":"Poison Potion"}],"is_trial":false,"path_per_floor":["M","$","?","?","M","R","E","?","T","M","M","$","R","M","R","B",null,"M","?","$","M","M","R","M","R","T","?","?","M","M"],"character_chosen":"DEFECT","items_purchased":["Echo Form","Capacitor"],"campfire_rested":0,"item_purchase_floors":[12,20],"current_hp_per_floor":[64,64,53,53,51,51,21,21,21,21,12,12,12,10,10,10,51,47,41,41,41,12,12,9,9,9,9,9,2,2],"gold":133,"neow_bonus":"ONE_RANDOM_RARE_CARD","is_prod":false,"is_daily":false,"chose_seed":false,"campfire_upgraded":5,"win_rate":0,"timestamp":1567766674,"path_taken":["M","?","?","?","M","R","E","?","T","M","M","$","R","M","R","BOSS","M","?","$","M","?","R","M","R","T","?","?","M","?"],"build_version":"2019-07-17","purchased_purges":2,"victory":false,"max_hp_per_floor":[71,71,71,64,64,64,64,64,64,64,64,64,64,64,64,64,64,64,64,64,64,64,64,64,64,64,64,64,64,64],"card_choices":[{"not_picked":["Gash","Barrage"],"picked":"Compile Driver","floor":1.0},{"not_picked":["Reinforced Body","Gash"],"picked":"Coolheaded","floor":5.0},{"not_picked":["Consume","Steam Power"],"picked":"Turbo","floor":7.0},{"not_picked":["Conserve Battery","Go for the Eyes"],"picked":"Fusion","floor":10.0},{"not_picked":["Turbo","Lockon"],"picked":"Compile Driver","floor":11.0},{"not_picked":["Genetic Algorithm","Steam"],"picked":"Chaos","floor":14.0},{"not_picked":["Rainbow","Hyperbeam"],"picked":"Seek","floor":16.0},{"not_picked":["Steam","Conserve Battery"],"picked":"Turbo","floor":18.0},{"not_picked":["Stack","Fusion"],"picked":"Reprogram+1","floor":21.0},{"not_picked":["Go for the Eyes","White Noise"],"picked":"Glacier","floor":22.0},{"not_picked":["Conserve Battery","Steam"],"picked":"Hologram","floor":24.0},{"not_picked":["Leap","Rebound"],"picked":"Heatsinks","floor":29}],"player_experience":2268830,"relics_obtained":[{"floor":7.0,"key":"Gremlin Horn"},{"floor":9.0,"key":"Kunai"},{"floor":26.0,"key":"DataDisk"}],"event_choices":[{"damage_healed":0.0,"max_hp_gain":0.0,"max_hp_loss":0.0,"gold_gain":75.0,"event_name":"World of Goop","player_choice":"Gather Gold","floor":3.0,"gold_loss":0.0,"damage_taken":11.0},{"damage_healed":0.0,"max_hp_gain":0.0,"max_hp_loss":7.0,"gold_gain":0.0,"event_name":"Golden Idol","player_choice":"Lose Max HP","floor":4.0,"gold_loss":0.0,"damage_taken":0.0,"relics_obtained":["Golden Idol"]},{"damage_healed":0.0,"max_hp_gain":0.0,"max_hp_loss":0.0,"gold_gain":0.0,"cards_transformed":["Strike_B"],"event_name":"Living Wall","player_choice":"Change","floor":8.0,"gold_loss":0.0,"damage_taken":0.0,"cards_obtained":["Biased Cognition"]},{"damage_healed":0.0,"max_hp_gain":0.0,"max_hp_loss":0.0,"gold_gain":50.0,"event_name":"FaceTrader","player_choice":"Touch","floor":19.0,"gold_loss":0.0,"damage_taken":6.0},{"cards_removed":["Strike_B"],"damage_healed":0.0,"max_hp_gain":0.0,"max_hp_loss":0.0,"gold_gain":0.0,"event_name":"Back to Basics","player_choice":"Elegance","floor":27.0,"gold_loss":0.0,"damage_taken":0.0},{"cards_removed":["Defend_B"],"damage_healed":0.0,"max_hp_gain":0.0,"max_hp_loss":0.0,"gold_gain":0.0,"event_name":"Purifier","player_choice":"Purged","floor":28.0,"gold_loss":0.0,"damage_taken":0.0}],"is_beta":false,"boss_relics":[{"not_picked":["Tiny House","Snecko Eye"],"picked":"Nuclear Battery"}],"items_purged_floors":[2,20],"is_endless":false,"potions_floor_spawned":[7,10,11,16,29],"killed_by":"Shelled Parasite and Fungi","ascension_level":20}