{"gold_per_floor":[119,137,153,40,56,81,101,134,161,161,193,193,209,235,235,332,332,343,378,378,378,390,390,424,424,454,779,779,222,222,57,57,156,156,173,173,273,148,202,232,243,270,270,304,304,339,339,353,353,353],"floor_reached":50,"playtime":8067,"items_purged":["Strike_B","Strike_B+1","Strike_B+1"],"score":1111,"play_id":"72a01bd4-5d86-4f42-bd34-c69570f53767","local_time":"20190920115154","is_ascension_mode":true,"campfire_choices":[{"data":"Defragment","floor":10.0,"key":"SMITH"},{"data":"Conserve Battery","floor":12.0,"key":"SMITH"},{"data":"Cold Snap","floor":15.0,"key":"SMITH"},{"data":"Skim","floor":23.0,"key":"SMITH"},{"data":"Glacier","floor":25.0,"key":"SMITH"},{"data":"Capacitor","floor":30.0,"key":"SMITH"},{"data":"Recycle","floor":32.0,"key":"SMITH"},{"data":"Echo Form","floor":45,"key":"SMITH"},{"data":"Machine Learning","floor":47,"key":"SMITH"},{"floor":49,"key":"DIG"}],"neow_cost":"NONE","seed_source_timestamp":0,"circlet_count":0,"master_deck":["Strike_B+1","Defend_B+1","Defend_B+1","Defend_B+1","Defend_B+1","Zap","Dualcast","Conserve Battery+1","Beam Cell","Machine Learning+1","Defragment+1","Go for the Eyes","Chill","Seek","Cold Snap+1","Skim+1","Echo Form+1","Cold Snap+1","Chill+1","Ghostly","Ghostly","Ghostly","Ghostly","Ghostly","Barrage+1","Glacier+1","Heatsinks","Capacitor+1","Recycle+1","Thinking Ahead","Creative AI","Double Energy","Ball Lightning","Coolheaded+1","Barrage+1"],"special_seed":0,"relics":["Cracked Core","Omamori","Bronze Scales","Whetstone","Potion Belt","Lantern","Black Star","Red Mask","Matryoshka","Mango","Tiny Chest","Anchor","Old Coin","Pantograph","Gremlin Horn","Shovel","Sozu","Girya","WingedGreaves","Question Card","Dodecahedron","PreservedInsect","Dream Catcher","Letter Opener","Strawberry","Prayer Wheel","Ancient Tea Set","Meat on the Bone","Oddly Smooth Stone"],"potions_floor_usage":[50,50,50],"damage_taken":[{"damage":1.0,"enemies":"Jaw Worm","floor":1.0,"turns":4.0},{"damage":11.0,"enemies":"Small Slimes","floor":2.0,"turns":3.0},{"damage":0.0,"enemies":"2 Louse","floor":3.0,"turns":2.0},{"damage":5.0,"enemies":"Looter","floor":5.0,"turns":4.0},{"damage":15.0,"enemies":"Gremlin Nob","floor":6.0,"turns":4.0},{"damage":0.0,"enemies":"3 Louse","floor":7.0,"turns":4.0},{"damage":11.0,"enemies":"3 Sentries","floor":8.0,"turns":12.0},{"damage":0.0,"enemies":"Lagavulin","floor":11.0,"turns":6.0},{"damage":3.0,"enemies":"2 Fungi Beasts","floor":13.0,"turns":3.0},{"damage":11.0,"enemies":"3 Sentries","floor":14.0,"turns":6.0},{"damage":2.0,"enemies":"Slime Boss","floor":16.0,"turns":10.0},{"damage":0.0,"enemies":"Chosen","floor":18.0,"turns":4.0},{"damage":14.0,"enemies":"Masked Bandits","floor":19.0,"turns":6.0},{"damage":0.0,"enemies":"3 Byrds","floor":22.0,"turns":5.0},{"damage":0.0,"enemies":"Slavers","floor":24.0,"turns":7.0},{"damage":4.0,"enemies":"Book of Stabbing","floor":27.0,"turns":6.0},{"damage":0.0,"enemies":"Automaton","floor":33.0,"turns":9.0},{"damage":0.0,"enemies":"3 Darklings","floor":35.0,"turns":8.0},{"damage":0.0,"enemies":"Mind Bloom Boss Battle","floor":37.0,"turns":8.0},{"damage":0.0,"enemies":"2 Orb Walkers","floor":39.0,"turns":7.0},{"damage":0.0,"enemies":"Giant Head","floor":40.0,"turns":10.0},{"damage":0.0,"enemies":"Orb Walker","floor":41.0,"turns":5.0},{"damage":0.0,"enemies":"Reptomancer","floor":42.0,"turns":8.0},{"damage":0,"enemies":"Nemesis","floor":44,"turns":5},{"damage":0,"enemies":"Reptomancer","floor":46,"turns":6},{"damage":38,"enemies":"4 Shapes","floor":48,"turns":8},{"damage":61,"enemies":"Donu and Deca","floor":50,"turns":7}],"seed_played":"-5646644914836746637","potions_obtained":[{"floor":1.0,"key":"Swift Potion"},{"floor":6.0,"key":"Regen Potion"},{"floor":7.0,"key":"Energy Potion"},{"floor":8.0,"key":"Ancient Potion"},{"floor":13.0,"key":"FocusPotion"},{"floor":27.0,"key":"Strength Potion"},{"floor":33.0,"key":"Ancient Potion"}],"is_trial":false,"path_per_floor":["M","M","M","$","M","E","M","E","T","R","E","R","M","E","R","B",null,"M","?","?","?","M","R","E","R","T","E","T","$","R","$","R","B",null,"M","?","?","$","?","E","M","E","T","E","R","E","R","M","R","B"],"character_chosen":"DEFECT","items_purchased":["Defragment","Capacitor","Recycle","Shovel","Thinking Ahead"],"campfire_rested":0,"item_purchase_floors":[4,29,29,29,31],"current_hp_per_floor":[81,70,70,70,65,50,50,54,54,54,54,54,51,40,40,38,82,82,68,41,41,41,41,55,55,55,51,51,51,51,51,51,55,55,55,55,55,55,55,55,55,55,55,62,62,62,62,36,36,0],"gold":353,"neow_bonus":"TEN_PERCENT_HP_BONUS","is_prod":false,"is_daily":false,"chose_seed":false,"campfire_upgraded":9,"win_rate":0,"timestamp":1568994714,"path_taken":["M","M","M","$","M","E","M","E","T","R","E","R","M","E","R","BOSS","M","?","?","?","M","R","E","R","T","E","?","$","R","?","R","BOSS","M","?","?","$","?","E","M","E","T","E","R","E","R","M","R","BOSS"],"build_version":"2019-07-17","purchased_purges":3,"victory":false,"max_hp_per_floor":[82,82,82,82,82,82,82,82,82,82,82,82,82,82,82,82,82,82,82,41,41,41,41,55,55,55,55,55,55,55,55,55,55,55,55,55,55,55,55,55,55,55,55,62,62,62,62,62,62,62],"card_choices":[{"not_picked":["Redo","Turbo"],"picked":"Conserve Battery","floor":1.0},{"not_picked":["Turbo","Rebound"],"picked":"Beam Cell","floor":2.0},{"not_picked":["Beam Cell","Compile Driver"],"picked":"Machine Learning","floor":3.0},{"not_picked":["Sweeping Beam","Conserve Battery"],"picked":"Go for the Eyes","floor":5.0},{"not_picked":["Compile Driver","Streamline","Doom and Gloom"],"picked":"SKIP","floor":6.0},{"not_picked":["Coolheaded","Beam Cell"],"picked":"Chill","floor":7.0},{"not_picked":["Doom and Gloom","Conserve Battery"],"picked":"Seek","floor":8.0},{"not_picked":["Coolheaded","Recycle"],"picked":"Cold Snap","floor":11.0},{"not_picked":["Beam Cell","Compile Driver"],"picked":"Skim","floor":13.0},{"not_picked":["Hyperbeam","Turbo","Leap"],"picked":"SKIP","floor":14.0},{"not_picked":["Reboot","Rainbow"],"picked":"Echo Form","floor":16.0},{"not_picked":["Compile Driver","Recycle+1"],"picked":"Cold Snap+1","floor":18.0},{"not_picked":["Cold Snap","Go for the Eyes"],"picked":"Chill+1","floor":19.0},{"not_picked":["Go for the Eyes","Steam+1"],"picked":"Barrage+1","floor":22.0},{"not_picked":["Lockon","Beam Cell"],"picked":"Glacier","floor":24.0},{"not_picked":["Barrage","Sunder"],"picked":"Heatsinks","floor":27.0},{"not_picked":["Machine Learning","Multi-Cast"],"picked":"Creative AI","floor":33.0},{"not_picked":["Static Discharge+1","Streamline+1","Heatsinks"],"picked":"SKIP","floor":35.0},{"not_picked":["Beam Cell+1","Streamline"],"picked":"Double Energy","floor":39.0},{"not_picked":["Stack+1","Hyperbeam"],"picked":"Ball Lightning","floor":40.0},{"not_picked":["Heatsinks","Sunder","Ball Lightning+1"],"picked":"Coolheaded+1","floor":41.0},{"not_picked":["Scrape","Recycle","Steam","Auto Shields+1"],"picked":"SKIP","floor":42.0},{"not_picked":["Glacier","Reprogram+1","Cold Snap","Self Repair+1"],"picked":"SKIP","floor":44},{"not_picked":["Ball Lightning+1","Lockon","Force Field+1"],"picked":"Barrage+1","floor":46},{"not_picked":["Cold Snap","Hello World+1","Steam","Double Energy"],"picked":"SKIP","floor":48},{"not_picked":["Rip and Tear","Conserve Battery","Coolheaded+1","Chaos+1"],"picked":"SKIP","floor":48}],"player_experience":258091,"relics_obtained":[{"floor":6.0,"key":"Omamori"},{"floor":8.0,"key":"Bronze Scales"},{"floor":9.0,"key":"Whetstone"},{"floor":11.0,"key":"Potion Belt"},{"floor":14.0,"key":"Lantern"},{"floor":19.0,"key":"Red Mask"},{"floor":24.0,"key":"Matryoshka"},{"floor":24.0,"key":"Mango"},{"floor":26.0,"key":"Tiny Chest"},{"floor":27.0,"key":"Anchor"},{"floor":27.0,"key":"Old Coin"},{"floor":28.0,"key":"Pantograph"},{"floor":28.0,"key":"Gremlin Horn"},{"floor":37.0,"key":"Girya"},{"floor":39.0,"key":"WingedGreaves"},{"floor":40.0,"key":"Question Card"},{"floor":40.0,"key":"Dodecahedron"},{"floor":42.0,"key":"PreservedInsect"},{"floor":42.0,"key":"Dream Catcher"},{"floor":43.0,"key":"Letter Opener"},{"floor":44,"key":"Strawberry"},{"floor":44,"key":"Prayer Wheel"},{"floor":46,"key":"Ancient Tea Set"},{"floor":46,"key":"Meat on the Bone"},{"floor":49,"key":"Oddly Smooth Stone"}],"event_choices":[{"damage_healed":0.0,"max_hp_gain":0.0,"max_hp_loss":0.0,"gold_gain":0.0,"event_name":"Masked Bandits","player_choice":"Fought Bandits","floor":19.0,"gold_loss":0.0,"damage_taken":0.0},{"damage_healed":0.0,"max_hp_gain":0.0,"max_hp_loss":41.0,"gold_gain":0.0,"event_name":"Ghosts","player_choice":"Became a Ghost","floor":20.0,"gold_loss":0.0,"damage_taken":0.0,"cards_obtained":["Ghostly","Ghostly","Ghostly","Ghostly","Ghostly"]},{"damage_healed":0.0,"max_hp_gain":0.0,"max_hp_loss":0.0,"gold_gain":0.0,"event_name":"Back to Basics","player_choice":"Simplicity","floor":21.0,"gold_loss":0.0,"damage_taken":0.0,"cards_upgraded":["Strike_B","Defend_B","Defend_B","Defend_B","Defend_B"]},{"damage_healed":0.0,"max_hp_gain":0.0,"max_hp_loss":0.0,"gold_gain":0.0,"event_name":"SensoryStone","player_choice":"Memory 1","floor":36.0,"gold_loss":0.0,"damage_taken":0.0},{"damage_healed":0.0,"max_hp_gain":0.0,"max_hp_loss":0.0,"gold_gain":0.0,"event_name":"MindBloom","player_choice":"Fight","floor":37.0,"gold_loss":0.0,"damage_taken":0.0},{"damage_healed":0.0,"max_hp_gain":0.0,"max_hp_loss":0.0,"gold_gain":0.0,"event_name":"Mysterious Sphere","player_choice":"Fight","floor":39.0,"gold_loss":0.0,"damage_taken":0.0}],"is_beta":false,"boss_relics":[{"not_picked":["FrozenCore","Velvet Choker"],"picked":"Black Star"},{"not_picked":["Calling Bell","Eternal Feather"],"picked":"Sozu"}],"items_purged_floors":[4,29,38],"is_endless":false,"potions_floor_spawned":[1,6,7,8,13,27,33,35,37,42],"killed_by":"Donu and Deca","ascension_level":4}