{"gold_per_floor":[114,114,133,133,58,58,0,38,38,38,54,67,67,67,67,160,160,180,180,199,99,113,113,113,136,160,160,160],"floor_reached":28,"playtime":896,"items_purged":["Strike_G","Strike_G"],"score":482,"play_id":"f6997de2-f7f9-4332-b4f9-813eb3b59c2a","local_time":"20190903123718","is_ascension_mode":true,"campfire_choices":[{"data":"Deadly Poison","floor":6.0,"key":"SMITH"},{"data":"Neutralize","floor":10.0,"key":"SMITH"},{"data":"Acrobatics","floor":13.0,"key":"SMITH"},{"data":"Terror","floor":15.0,"key":"SMITH"},{"data":"Calculated Gamble","floor":23.0,"key":"SMITH"},{"data":"Catalyst","floor":27,"key":"SMITH"}],"neow_cost":"NONE","seed_source_timestamp":1640970004652100,"circlet_count":0,"master_deck":["AscendersBane","Strike_G","Strike_G","Strike_G","Defend_G","Defend_G","Defend_G","Defend_G","Defend_G","Survivor","Neutralize+1","Deadly Poison+1","Terror+1","Acrobatics+1","PiercingWail","Flechettes","Calculated Gamble+1","Catalyst+1"],"special_seed":0,"relics":["Ring of the Snake","NeowsBlessing","Golden Idol","WingedGreaves","Nunchaku","Blood Vial","Coffee Dripper","Potion Belt","Smiling Mask"],"potions_floor_usage":[],"damage_taken":[{"damage":0.0,"enemies":"Cultist","floor":1.0,"turns":1.0},{"damage":0.0,"enemies":"Jaw Worm","floor":3.0,"turns":1.0},{"damage":0.0,"enemies":"Gremlin Nob","floor":8.0,"turns":1.0},{"damage":0.0,"enemies":"2 Louse","floor":11.0,"turns":3.0},{"damage":34.0,"enemies":"Gremlin Gang","floor":12.0,"turns":9.0},{"damage":15.0,"enemies":"Hexaghost","floor":16.0,"turns":11.0},{"damage":10.0,"enemies":"Shell Parasite","floor":18.0,"turns":6.0},{"damage":14.0,"enemies":"Chosen","floor":20.0,"turns":6.0},{"damage":5.0,"enemies":"Centurion and Healer","floor":22.0,"turns":7.0},{"damage":15,"enemies":"Snake Plant","floor":25,"turns":6}],"seed_played":"-4940442551672162613","potions_obtained":[{"floor":1.0,"key":"Fire Potion"},{"floor":8.0,"key":"Block Potion"},{"floor":18.0,"key":"FearPotion"}],"is_trial":false,"path_per_floor":["M","?","M","?","$","R","$","E","T","R","M","M","R","T","R","B",null,"M","?","M","$","M","R","?","M","T","R","?"],"character_chosen":"THE_SILENT","items_purchased":["Acrobatics"],"campfire_rested":0,"item_purchase_floors":[7],"current_hp_per_floor":[59,59,59,48,48,48,48,48,48,48,48,14,14,14,14,1,45,37,37,25,25,22,22,22,9,9,9,0],"gold":160,"neow_bonus":"THREE_ENEMY_KILL","is_prod":false,"is_daily":false,"chose_seed":false,"campfire_upgraded":6,"win_rate":0,"timestamp":1567485438,"path_taken":["M","?","M","?","$","R","?","E","T","R","M","?","R","?","R","BOSS","M","?","?","$","?","R","?","M","T","R","?"],"build_version":"2019-08-26","purchased_purges":2,"victory":false,"max_hp_per_floor":[66,60,60,60,60,60,60,60,60,60,60,60,60,60,60,60,60,60,60,60,60,60,60,60,60,60,60,60],"card_choices":[{"not_picked":["Choke","PiercingWail"],"picked":"Deadly Poison","floor":1.0},{"not_picked":["Sucker Punch","Setup"],"picked":"Terror","floor":3.0},{"not_picked":["Acrobatics","Outmaneuver","Quick Slash"],"picked":"SKIP","floor":8.0},{"not_picked":["Acrobatics","Cloak And Dagger","Slice"],"picked":"SKIP","floor":11.0},{"not_picked":["Slice","Blade Dance"],"picked":"PiercingWail","floor":12.0},{"not_picked":["Bane","Dodge and Roll+1"],"picked":"Flechettes","floor":18.0},{"not_picked":["Quick Slash","Terror+1"],"picked":"Calculated Gamble","floor":20.0},{"not_picked":["Terror","Flying Knee","Outmaneuver"],"picked":"SKIP","floor":22.0},{"not_picked":["Blade Dance","Backstab"],"picked":"Catalyst","floor":25}],"player_experience":3163029,"relics_obtained":[{"floor":8.0,"key":"Nunchaku"},{"floor":14.0,"key":"Blood Vial"},{"floor":26,"key":"Smiling Mask"}],"event_choices":[{"damage_healed":0.0,"max_hp_gain":0.0,"max_hp_loss":6.0,"gold_gain":0.0,"event_name":"Golden Idol","player_choice":"Lose Max HP","floor":2.0,"gold_loss":0.0,"damage_taken":0.0,"relics_obtained":["Golden Idol"]},{"damage_healed":0.0,"max_hp_gain":0.0,"max_hp_loss":0.0,"gold_gain":0.0,"event_name":"Scrap Ooze","player_choice":"Success","floor":4.0,"gold_loss":0.0,"damage_taken":11.0,"relics_obtained":["WingedGreaves"]},{"damage_healed":0.0,"max_hp_gain":0.0,"max_hp_loss":0.0,"gold_gain":0.0,"event_name":"WeMeetAgain","player_choice":"Gave Potion","floor":19.0,"gold_loss":0.0,"damage_taken":0.0,"relics_obtained":["Potion Belt"]},{"damage_healed":0.0,"max_hp_gain":0.0,"max_hp_loss":0.0,"gold_gain":0.0,"event_name":"The Mausoleum","player_choice":"Ignored","floor":24.0,"gold_loss":0.0,"damage_taken":0.0}],"is_beta":true,"boss_relics":[{"not_picked":["Velvet Choker","Tiny House"],"picked":"Coffee Dripper"}],"items_purged_floors":[5,21],"is_endless":false,"potions_floor_spawned":[1,8,18],"ascension_level":20}