{"gold_per_floor":[118,137,62,62,80,80,100,132,177,53,70,100,100,100,100,172,172,192,92,92,2,29,57,57,82,82,82,94,112,144,144,144,222,222,239,239,239,8,108,108,108,108,161,161,174,174,200,215,215,215,215,215,215,56,84,84],"floor_reached":57,"playtime":2149,"items_purged":["Strike_R","Strike_R","Bash","Strike_R"],"score":3234,"play_id":"9777ddaa-616f-43f9-92b8-e04f9c560edb","local_time":"20190906214617","is_ascension_mode":true,"campfire_choices":[{"data":"Evolve","floor":6.0,"key":"SMITH"},{"data":"Body Slam","floor":13.0,"key":"SMITH"},{"data":"Second Wind","floor":15.0,"key":"SMITH"},{"data":"Battle Trance","floor":24.0,"key":"SMITH"},{"floor":27.0,"key":"RECALL"},{"data":"Feel No Pain","floor":32.0,"key":"SMITH"},{"data":"Impatience","floor":40.0,"key":"SMITH"},{"data":"Warcry","floor":42.0,"key":"SMITH"},{"data":"Berserk","floor":49.0,"key":"SMITH"},{"data":"Power Through","floor":53.0,"key":"SMITH"}],"neow_cost":"NONE","seed_source_timestamp":1929476486850000,"circlet_count":0,"master_deck":["AscendersBane","Defend_R","Defend_R","Defend_R","Defend_R","Evolve+1","Second Wind+1","Wild Strike+1","Berserk+1","Battle Trance+1","Body Slam+1","True Grit+1","Feel No Pain+1","Power Through+1","Warcry+1","Dark Embrace+1","Impatience+1","Barricade"],"special_seed":0,"relics":["Black Blood","Mercury Hourglass","Anchor","Mark of Pain","Oddly Smooth Stone","Happy Flower","Singing Bowl","Blue Candle","Juzu Bracelet","Charon\u0027s Ashes","Smiling Mask","Pen Nib","Red Skull"],"potions_floor_usage":[56],"damage_taken":[{"damage":4.0,"enemies":"Small Slimes","floor":1.0,"turns":4.0},{"damage":2.0,"enemies":"2 Louse","floor":2.0,"turns":4.0},{"damage":6.0,"enemies":"Cultist","floor":5.0,"turns":4.0},{"damage":7.0,"enemies":"3 Louse","floor":7.0,"turns":4.0},{"damage":42.0,"enemies":"Lagavulin","floor":8.0,"turns":8.0},{"damage":10.0,"enemies":"Exordium Wildlife","floor":11.0,"turns":4.0},{"damage":25.0,"enemies":"3 Sentries","floor":12.0,"turns":6.0},{"damage":0.0,"enemies":"Hexaghost","floor":16.0,"turns":6.0},{"damage":2.0,"enemies":"3 Byrds","floor":18.0,"turns":4.0},{"damage":0.0,"enemies":"Gremlin Leader","floor":23.0,"turns":4.0},{"damage":0.0,"enemies":"Book of Stabbing","floor":25.0,"turns":4.0},{"damage":0.0,"enemies":"Spheric Guardian","floor":28.0,"turns":4.0},{"damage":5.0,"enemies":"3 Cultists","floor":29.0,"turns":5.0},{"damage":0.0,"enemies":"Slavers","floor":30.0,"turns":7.0},{"damage":2.0,"enemies":"Champ","floor":33.0,"turns":7.0},{"damage":29.0,"enemies":"3 Darklings","floor":35.0,"turns":7.0},{"damage":14.0,"enemies":"Mind Bloom Boss Battle","floor":39.0,"turns":7.0},{"damage":0.0,"enemies":"Orb Walker","floor":45.0,"turns":1.0},{"damage":0.0,"enemies":"Reptomancer","floor":47.0,"turns":3.0},{"damage":0.0,"enemies":"Transient","floor":48.0,"turns":6.0},{"damage":0.0,"enemies":"Awakened One","floor":50.0,"turns":5.0},{"damage":59.0,"enemies":"Time Eater","floor":51.0,"turns":5.0},{"damage":0.0,"enemies":"Shield and Spear","floor":55.0,"turns":3.0},{"damage":80,"enemies":"The Heart","floor":56,"turns":7}],"seed_played":"7229173202361377276","potions_obtained":[{"floor":1.0,"key":"Swift Potion"},{"floor":5.0,"key":"LiquidBronze"},{"floor":12.0,"key":"FairyPotion"},{"floor":25.0,"key":"Swift Potion"},{"floor":30.0,"key":"Poison Potion"},{"floor":47.0,"key":"Explosive Potion"},{"floor":48.0,"key":"SpeedPotion"}],"is_trial":false,"path_per_floor":["M","M","$","?","M","R","M","E","T","$","M","E","R","?","R","B",null,"M","$","?","$","T","E","R","E","T","R","M","M","E","?","R","B",null,"M","?","?","$","?","R","?","R","T","?","M","?","E","M","R","B","B",null,"R","$","E","B",null],"character_chosen":"IRONCLAD","items_purchased":["Battle Trance","Body Slam","Feel No Pain","Impatience","Swift Potion","PowerPotion"],"campfire_rested":0,"item_purchase_floors":[10,10,21,38,54,54],"current_hp_per_floor":[70,74,74,79,79,79,78,42,42,42,38,19,19,8,8,14,64,68,68,64,64,64,70,70,78,78,78,84,86,88,88,88,88,88,71,71,71,71,69,69,69,69,69,69,81,81,91,93,93,93,44,81,81,81,91,21],"gold":84,"neow_bonus":"REMOVE_CARD","is_prod":false,"is_daily":false,"chose_seed":false,"campfire_upgraded":9,"win_rate":0,"timestamp":1567777577,"path_taken":["M","M","$","?","M","R","M","E","T","$","M","E","R","?","R","BOSS","M","$","?","$","?","E","R","E","T","R","M","M","E","?","R","BOSS","M","?","?","$","?","R","?","R","T","?","M","?","E","M","R","BOSS","BOSS","R","$","E","BOSS"],"build_version":"2019-08-26","purchased_purges":4,"victory":true,"max_hp_per_floor":[75,75,75,80,80,80,80,80,80,80,80,80,80,80,80,80,80,80,80,80,80,80,80,80,82,82,82,84,86,88,88,88,88,88,90,90,90,90,92,92,92,92,92,92,94,89,91,93,93,93,93,93,93,93,93,93],"card_choices":[{"not_picked":["Second Wind","Pommel Strike"],"picked":"Evolve","floor":1.0},{"not_picked":["Rampage","Rage"],"picked":"Second Wind","floor":2.0},{"not_picked":["Havoc","Fire Breathing"],"picked":"Wild Strike","floor":5.0},{"not_picked":["Evolve","Ghostly Armor","Pommel Strike"],"picked":"SKIP","floor":7.0},{"not_picked":["Fiend Fire","Thunderclap"],"picked":"Berserk","floor":8.0},{"not_picked":["Iron Wave","Cleave","Twin Strike"],"picked":"SKIP","floor":11.0},{"not_picked":["Clothesline","Armaments","Carnage"],"picked":"SKIP","floor":12.0},{"not_picked":["Metallicize","Shockwave"],"picked":"True Grit+1","floor":18.0},{"not_picked":["Armaments","Headbutt+1"],"picked":"Power Through","floor":23.0},{"not_picked":["Anger","Headbutt","Searing Blow"],"picked":"Singing Bowl","floor":25.0},{"not_picked":["Rampage","Carnage","Bludgeon"],"picked":"Singing Bowl","floor":28.0},{"not_picked":["Body Slam","Clash+1","Dropkick"],"picked":"Singing Bowl","floor":29.0},{"not_picked":["Shrug It Off","Warcry","Shockwave"],"picked":"Singing Bowl","floor":30.0},{"not_picked":["Immolate","Impervious"],"picked":"Dark Embrace","floor":33.0},{"not_picked":["Warcry+1","Sword Boomerang+1","Havoc"],"picked":"Singing Bowl","floor":35.0},{"not_picked":["Sword Boomerang","Twin Strike","Armaments"],"picked":"Singing Bowl","floor":39.0},{"not_picked":["Brutality","Cleave","Sword Boomerang"],"picked":"Singing Bowl","floor":45.0},{"not_picked":["Cleave","Thunderclap+1","Clothesline"],"picked":"Singing Bowl","floor":47.0},{"not_picked":["True Grit","Intimidate+1","Cleave"],"picked":"Singing Bowl","floor":48.0},{"not_picked":["Ghostly Armor+1","Pommel Strike"],"picked":"Barricade","floor":55.0}],"player_experience":3185367,"relics_obtained":[{"floor":8.0,"key":"Mercury Hourglass"},{"floor":12.0,"key":"Anchor"},{"floor":22.0,"key":"Oddly Smooth Stone"},{"floor":23.0,"key":"Happy Flower"},{"floor":25.0,"key":"Singing Bowl"},{"floor":26.0,"key":"Blue Candle"},{"floor":30.0,"key":"Juzu Bracelet"},{"floor":39.0,"key":"Charon\u0027s Ashes"},{"floor":43.0,"key":"Smiling Mask"},{"floor":47.0,"key":"Pen Nib"},{"floor":55.0,"key":"Red Skull"}],"event_choices":[{"damage_healed":0.0,"max_hp_gain":5.0,"max_hp_loss":0.0,"gold_gain":0.0,"event_name":"Big Fish","player_choice":"Donut","floor":4.0,"gold_loss":0.0,"damage_taken":0.0},{"damage_healed":0.0,"max_hp_gain":0.0,"max_hp_loss":0.0,"gold_gain":0.0,"event_name":"Shining Light","player_choice":"Entered Light","floor":14.0,"gold_loss":0.0,"damage_taken":24.0,"cards_upgraded":["Strike_R","Wild Strike"]},{"damage_healed":0.0,"max_hp_gain":0.0,"max_hp_loss":0.0,"gold_gain":0.0,"event_name":"The Woman in Blue","player_choice":"Bought 0 Potions","floor":20.0,"gold_loss":0.0,"damage_taken":0.0},{"damage_healed":0.0,"max_hp_gain":0.0,"max_hp_loss":0.0,"gold_gain":0.0,"event_name":"The Library","player_choice":"Read","floor":31.0,"gold_loss":0.0,"damage_taken":0.0,"cards_obtained":["Warcry"]},{"damage_healed":0.0,"max_hp_gain":0.0,"max_hp_loss":0.0,"gold_gain":0.0,"event_name":"Duplicator","player_choice":"Ignored","floor":36.0,"gold_loss":0.0,"damage_taken":0.0},{"damage_healed":0.0,"max_hp_gain":0.0,"max_hp_loss":0.0,"gold_gain":0.0,"event_name":"Upgrade Shrine","player_choice":"Upgraded","floor":37.0,"gold_loss":0.0,"damage_taken":0.0,"cards_upgraded":["Dark Embrace"]},{"damage_healed":0.0,"max_hp_gain":0.0,"max_hp_loss":0.0,"gold_gain":0.0,"event_name":"MindBloom","player_choice":"Fight","floor":39.0,"gold_loss":0.0,"damage_taken":0.0},{"damage_healed":0.0,"max_hp_gain":0.0,"max_hp_loss":0.0,"gold_gain":0.0,"event_name":"Tomb of Lord Red Mask","player_choice":"Ignored","floor":41.0,"gold_loss":0.0,"damage_taken":0.0},{"cards_removed":["Strike_R"],"damage_healed":0.0,"max_hp_gain":0.0,"max_hp_loss":0.0,"gold_gain":0.0,"event_name":"Falling","player_choice":"Removed Attack","floor":44.0,"gold_loss":0.0,"damage_taken":0.0},{"damage_healed":0.0,"max_hp_gain":0.0,"max_hp_loss":5.0,"gold_gain":0.0,"event_name":"Winding Halls","player_choice":"Max HP","floor":46.0,"gold_loss":0.0,"damage_taken":0.0}],"is_beta":true,"boss_relics":[{"not_picked":["Busted Crown","White Beast Statue"],"picked":"Mark of Pain"},{"not_picked":["Lizard Tail","Sozu"],"picked":"Black Blood"}],"items_purged_floors":[3,19,38,54],"is_endless":false,"potions_floor_spawned":[1,5,12,25,30,47,48],"ascension_level":20}