{"gold_per_floor":[115,131,131,131,131,131,149,149,149,112,136,136],"floor_reached":12,"playtime":553,"items_purged":[],"score":68,"play_id":"5e2cf1bc-a1c4-418e-91f8-ae3feaf37932","local_time":"20190919165103","is_ascension_mode":false,"campfire_choices":[{"data":"Bash","floor":6,"key":"SMITH"},{"floor":8,"key":"RECALL"}],"neow_cost":"NONE","seed_source_timestamp":1986509977102100,"circlet_count":0,"master_deck":["Strike_R","Strike_R","Strike_R","Strike_R","Defend_R","Defend_R","Defend_R","Defend_R","Bash+1","Armaments+1","Spot Weakness","Clash"],"relics":["Burning Blood","Anchor","Golden Idol","Meat on the Bone"],"potions_floor_usage":[12,12],"damage_taken":[{"damage":3,"enemies":"Jaw Worm","floor":1,"turns":3},{"damage":0,"enemies":"Small Slimes","floor":2,"turns":3},{"damage":2,"enemies":"Cultist","floor":7,"turns":4},{"damage":21,"enemies":"Large Slime","floor":11,"turns":8},{"damage":57,"enemies":"Gremlin Nob","floor":12,"turns":6}],"seed_played":"1831312774848057926","potions_obtained":[{"floor":7,"key":"Block Potion"},{"floor":11,"key":"EssenceOfSteel"}],"is_trial":false,"path_per_floor":["M","M","?","?","?","R","M","R","T","$","M","?"],"character_chosen":"IRONCLAD","items_purchased":["Spot Weakness"],"campfire_rested":0,"item_purchase_floors":[10],"current_hp_per_floor":[80,80,60,53,53,53,57,57,57,57,54,0],"gold":136,"neow_bonus":"RANDOM_COMMON_RELIC","is_prod":false,"is_daily":false,"chose_seed":false,"campfire_upgraded":1,"win_rate":0,"timestamp":1568926263,"path_taken":["M","M","?","?","?","R","M","R","T","$","M","?"],"build_version":"2019-07-17","purchased_purges":0,"victory":false,"max_hp_per_floor":[80,80,80,80,80,80,80,80,80,80,80,80],"card_choices":[{"not_picked":["Wild Strike","Warcry","Havoc"],"picked":"SKIP","floor":1},{"not_picked":["Heavy Blade","Whirlwind"],"picked":"Armaments","floor":2},{"not_picked":["Heavy Blade","Havoc","Clothesline"],"picked":"SKIP","floor":7},{"not_picked":["Carnage","Blood for Blood"],"picked":"Clash","floor":11}],"player_experience":97775,"relics_obtained":[{"floor":9,"key":"Meat on the Bone"}],"event_choices":[{"damage_healed":0,"gold_gain":0,"player_choice":"Take Damage","damage_taken":20,"relics_obtained":["Golden Idol"],"max_hp_gain":0,"max_hp_loss":0,"event_name":"Golden Idol","floor":3,"gold_loss":0},{"cards_removed":["Strike_R"],"damage_healed":0,"gold_gain":0,"player_choice":"Card Removal","damage_taken":7,"max_hp_gain":0,"max_hp_loss":0,"event_name":"Golden Wing","floor":4,"gold_loss":0},{"damage_healed":0,"gold_gain":0,"player_choice":"Grow","damage_taken":0,"max_hp_gain":0,"max_hp_loss":0,"event_name":"Living Wall","floor":5,"gold_loss":0,"cards_upgraded":["Armaments"]},{"damage_healed":0,"gold_gain":0,"player_choice":"Searched \u00272\u0027 times","damage_taken":0,"max_hp_gain":0,"max_hp_loss":0,"event_name":"Dead Adventurer","floor":12,"gold_loss":0}],"is_beta":false,"boss_relics":[],"items_purged_floors":[],"is_endless":false,"potions_floor_spawned":[7,11],"killed_by":"Gremlin Nob","ascension_level":0}