{"gold_per_floor":[364,173,184,184,44,71,71,101,128,41,61,10,10,0,0,77,77,93,110,122,141,141,141,158,158,158,175,175,175,175],"floor_reached":30,"playtime":1005,"items_purged":["Strike_G","Strike_G"],"score":456,"play_id":"2c74bbe7-e98c-401c-98a9-e474433dd640","local_time":"20190921032411","is_ascension_mode":true,"campfire_choices":[{"data":"Prepared","floor":13.0,"key":"SMITH"},{"data":"Noxious Fumes","floor":15.0,"key":"SMITH"},{"data":"Tactician","floor":23.0,"key":"SMITH"},{"data":"Reflex","floor":29.0,"key":"SMITH"}],"neow_cost":"TEN_PERCENT_HP_LOSS","seed_source_timestamp":407874642671123,"circlet_count":0,"master_deck":["AscendersBane","Strike_G","Defend_G","Defend_G","Defend_G","Defend_G","Defend_G","Survivor","Neutralize","Tactician+1","Reflex+1","Noxious Fumes+1","Masterful Stab","Noxious Fumes","Well Laid Plans","Backflip","Prepared+1","Venomology","Catalyst+1","Footwork","After Image+1"],"special_seed":0,"relics":["Ring of the Snake","Vajra","Odd Mushroom","Regal Pillow","SacredBark","Frozen Egg 2"],"potions_floor_usage":[],"damage_taken":[{"damage":0.0,"enemies":"Cultist","floor":1.0,"turns":4.0},{"damage":4.0,"enemies":"2 Louse","floor":3.0,"turns":5.0},{"damage":32.0,"enemies":"Lagavulin","floor":6.0,"turns":8.0},{"damage":7.0,"enemies":"The Mushroom Lair","floor":8.0,"turns":6.0},{"damage":0.0,"enemies":"Small Slimes","floor":11.0,"turns":4.0},{"damage":4.0,"enemies":"Hexaghost","floor":16.0,"turns":9.0},{"damage":21.0,"enemies":"Spheric Guardian","floor":18.0,"turns":6.0},{"damage":26.0,"enemies":"Chosen","floor":19.0,"turns":7.0},{"damage":5.0,"enemies":"Centurion and Healer","floor":20.0,"turns":9.0},{"damage":14.0,"enemies":"Snake Plant","floor":21.0,"turns":4.0},{"damage":18.0,"enemies":"Shelled Parasite and Fungi","floor":24.0,"turns":7.0},{"damage":33.0,"enemies":"Cultist and Chosen","floor":27.0,"turns":8.0},{"damage":12,"enemies":"Snecko","floor":30,"turns":2}],"seed_played":"-3588562633885988993","potions_obtained":[{"floor":6.0,"key":"EssenceOfSteel"},{"floor":8.0,"key":"Fire Potion"},{"floor":16.0,"key":"LiquidBronze"},{"floor":19.0,"key":"EssenceOfSteel"},{"floor":20.0,"key":"Fire Potion"},{"floor":27.0,"key":"Strength Potion"}],"is_trial":false,"path_per_floor":["M","$","M","?","$","E","?","?","T","$","M","$","R","?","R","B",null,"M","M","M","M","?","R","M","?","T","M","?","R","M"],"character_chosen":"THE_SILENT","items_purchased":["Reflex","Noxious Fumes","Noxious Fumes","Well Laid Plans","Prepared"],"campfire_rested":0,"item_purchase_floors":[2,2,5,10,12],"current_hp_per_floor":[59,59,55,48,48,16,16,9,9,9,9,9,9,9,9,5,46,55,29,24,10,10,10,41,41,41,8,8,8,0],"gold":175,"neow_bonus":"TWO_FIFTY_GOLD","is_prod":false,"is_daily":false,"chose_seed":false,"campfire_upgraded":4,"win_rate":0,"timestamp":1569003851,"path_taken":["M","$","M","?","$","E","?","?","T","$","?","?","R","?","R","BOSS","M","M","M","M","?","R","M","?","T","?","?","R","M"],"build_version":"2019-09-19","purchased_purges":2,"victory":false,"max_hp_per_floor":[60,60,60,60,60,60,60,60,60,60,60,60,60,60,60,60,60,60,60,60,60,60,60,60,60,60,60,60,60,60],"card_choices":[{"not_picked":["Poisoned Stab","Terror"],"picked":"Tactician","floor":1.0},{"not_picked":["Dodge and Roll","Bane"],"picked":"Masterful Stab","floor":3.0},{"not_picked":["Outmaneuver","Caltrops","Terror"],"picked":"SKIP","floor":6.0},{"not_picked":["Poisoned Stab","Leg Sweep"],"picked":"Backflip","floor":11.0},{"not_picked":["Glass Knife","Doppelganger"],"picked":"Venomology","floor":16.0},{"not_picked":["Noxious Fumes","Finisher","Dodge and Roll"],"picked":"SKIP","floor":18.0},{"not_picked":["Dagger Spray","Reflex","Deflect"],"picked":"SKIP","floor":19.0},{"not_picked":["Backflip","Distraction","Riddle With Holes"],"picked":"SKIP","floor":20.0},{"not_picked":["Accuracy","Dodge and Roll","Deflect"],"picked":"SKIP","floor":21.0},{"not_picked":["PiercingWail","Dagger Spray"],"picked":"Catalyst+1","floor":24.0},{"not_picked":["PiercingWail","Flechettes"],"picked":"After Image+1","floor":27.0}],"player_experience":1120598,"relics_obtained":[{"floor":6.0,"key":"Vajra"},{"floor":8.0,"key":"Odd Mushroom"},{"floor":9.0,"key":"Regal Pillow"},{"floor":26.0,"key":"Frozen Egg 2"}],"event_choices":[{"cards_removed":["Strike_G"],"damage_healed":0.0,"max_hp_gain":0.0,"max_hp_loss":0.0,"gold_gain":0.0,"event_name":"Golden Wing","player_choice":"Card Removal","floor":4.0,"gold_loss":0.0,"damage_taken":7.0},{"damage_healed":0.0,"max_hp_gain":0.0,"max_hp_loss":0.0,"gold_gain":0.0,"event_name":"Dead Adventurer","player_choice":"Searched \u00270\u0027 times","floor":7.0,"gold_loss":0.0,"damage_taken":0.0},{"damage_healed":0.0,"max_hp_gain":0.0,"max_hp_loss":0.0,"gold_gain":0.0,"event_name":"Mushrooms","player_choice":"Fought Mushrooms","floor":8.0,"gold_loss":0.0,"damage_taken":0.0},{"damage_healed":0.0,"max_hp_gain":0.0,"max_hp_loss":0.0,"gold_gain":0.0,"event_name":"World of Goop","player_choice":"Left Gold","floor":14.0,"gold_loss":10.0,"damage_taken":0.0},{"damage_healed":0.0,"max_hp_gain":0.0,"max_hp_loss":0.0,"gold_gain":0.0,"event_name":"Cursed Tome","player_choice":"Ignored","floor":22.0,"gold_loss":0.0,"damage_taken":0.0},{"damage_healed":0.0,"max_hp_gain":0.0,"max_hp_loss":0.0,"gold_gain":0.0,"event_name":"Match and Keep!","player_choice":"1 cards matched","floor":25.0,"gold_loss":0.0,"damage_taken":0.0,"cards_obtained":["Footwork"]},{"cards_removed":["Strike_G"],"damage_healed":0.0,"max_hp_gain":0.0,"max_hp_loss":0.0,"gold_gain":0.0,"event_name":"Back to Basics","player_choice":"Elegance","floor":28.0,"gold_loss":0.0,"damage_taken":0.0}],"is_beta":true,"boss_relics":[{"not_picked":["Velvet Choker","Philosopher\u0027s Stone"],"picked":"SacredBark"}],"items_purged_floors":[2,5],"is_endless":false,"potions_floor_spawned":[6,8,16,19,20,27],"killed_by":"Snecko","ascension_level":20}