{"gold_per_floor":[119,130,130,130,55,81,81,81,81,81,93,112,112,123,123,196,196,211,221,121,151,151,178,178,196,219,219,219,232,244,16,16,95,95,115,115,131,141,141,141,169,169,169,194,194,44,58,86,86,86,86,86,86,31,57,57],"floor_reached":57,"playtime":2284,"items_purged":["Strike_G","Strike_G","Strike_G","Strike_G"],"score":3216,"play_id":"31fa7096-4533-4dc5-96b0-8e0b57814dd2","local_time":"20190902232249","is_ascension_mode":true,"campfire_choices":[{"data":"Calculated Gamble","floor":7.0,"key":"SMITH"},{"data":"Neutralize","floor":10.0,"key":"SMITH"},{"data":"Storm of Steel","floor":13.0,"key":"SMITH"},{"data":"Acrobatics","floor":15.0,"key":"SMITH"},{"data":"Terror","floor":24.0,"key":"SMITH"},{"data":"Prepared","floor":27.0,"key":"SMITH"},{"data":"Impatience","floor":32.0,"key":"SMITH"},{"data":"Deep Breath","floor":40.0,"key":"SMITH"},{"data":"Concentrate","floor":42.0,"key":"SMITH"},{"floor":49.0,"key":"RECALL"},{"data":"Purity","floor":53.0,"key":"SMITH"}],"neow_cost":"NONE","seed_source_timestamp":3274413301479,"circlet_count":0,"master_deck":["AscendersBane","Defend_G","Defend_G","Defend_G","Defend_G","Defend_G","Survivor","Neutralize+1","Calculated Gamble+1","Terror+1","Acrobatics+1","Storm of Steel+1","Choke","Grand Finale+1","Prepared+1","Impatience+1","Well Laid Plans+1","Backflip+1","Concentrate+1","Deep Breath+1","Purity+1"],"special_seed":0,"relics":["Ring of the Snake","NeowsBlessing","Du-Vu Doll","Anchor","Meat on the Bone","Runic Dome","Red Mask","Kunai","Lantern","Calling Bell","Blood Vial","Blue Candle","Prayer Wheel","Tingsha","Pear","Bottled Tornado","Orichalcum"],"potions_floor_usage":[56,56],"damage_taken":[{"damage":0.0,"enemies":"Jaw Worm","floor":1.0,"turns":1.0},{"damage":0.0,"enemies":"Small Slimes","floor":2.0,"turns":1.0},{"damage":0.0,"enemies":"3 Sentries","floor":6.0,"turns":1.0},{"damage":5.0,"enemies":"Cultist","floor":11.0,"turns":5.0},{"damage":0.0,"enemies":"Looter","floor":12.0,"turns":4.0},{"damage":8.0,"enemies":"3 Louse","floor":14.0,"turns":3.0},{"damage":27.0,"enemies":"Hexaghost","floor":16.0,"turns":7.0},{"damage":6.0,"enemies":"Spheric Guardian","floor":18.0,"turns":3.0},{"damage":0.0,"enemies":"2 Thieves","floor":19.0,"turns":1.0},{"damage":19.0,"enemies":"Masked Bandits","floor":21.0,"turns":6.0},{"damage":0.0,"enemies":"Book of Stabbing","floor":23.0,"turns":2.0},{"damage":0.0,"enemies":"Centurion and Healer","floor":25.0,"turns":3.0},{"damage":0.0,"enemies":"Cultist and Chosen","floor":29.0,"turns":1.0},{"damage":0.0,"enemies":"Snecko","floor":30.0,"turns":5.0},{"damage":17.0,"enemies":"Champ","floor":33.0,"turns":11.0},{"damage":0.0,"enemies":"3 Shapes","floor":35.0,"turns":4.0},{"damage":0.0,"enemies":"3 Darklings","floor":37.0,"turns":2.0},{"damage":0.0,"enemies":"Sphere and 2 Shapes","floor":38.0,"turns":1.0},{"damage":8.0,"enemies":"Reptomancer","floor":41.0,"turns":3.0},{"damage":0.0,"enemies":"Nemesis","floor":44.0,"turns":1.0},{"damage":0.0,"enemies":"Jaw Worm Horde","floor":47.0,"turns":2.0},{"damage":0.0,"enemies":"Giant Head","floor":48.0,"turns":2.0},{"damage":25.0,"enemies":"Time Eater","floor":50.0,"turns":9.0},{"damage":0.0,"enemies":"Awakened One","floor":51.0,"turns":3.0},{"damage":0.0,"enemies":"Shield and Spear","floor":55.0,"turns":1.0},{"damage":63,"enemies":"The Heart","floor":56,"turns":8}],"seed_played":"8928041032781136910","potions_obtained":[{"floor":1.0,"key":"SteroidPotion"},{"floor":11.0,"key":"Poison Potion"},{"floor":16.0,"key":"AttackPotion"},{"floor":21.0,"key":"PowerPotion"},{"floor":33.0,"key":"Block Potion"}],"is_trial":false,"path_per_floor":["M","M","?","?","$","E","R","$","T","R","M","M","R","M","R","B",null,"M","M","$","?","?","E","R","M","T","R","?","M","M","$","R","B",null,"M","?","M","M","?","R","E","R","T","E","?","$","M","E","R","B","B",null,"R","$","E","B",null],"character_chosen":"THE_SILENT","items_purchased":["Impatience","Energy Potion"],"campfire_rested":0,"item_purchase_floors":[31,54],"current_hp_per_floor":[59,59,52,41,41,41,41,41,41,41,36,36,36,40,40,25,56,50,50,50,43,43,43,43,43,43,43,43,43,43,43,43,38,59,61,61,63,65,55,55,49,49,49,61,57,57,59,61,61,50,52,70,70,70,72,23],"gold":57,"neow_bonus":"THREE_ENEMY_KILL","is_prod":false,"is_daily":false,"chose_seed":false,"campfire_upgraded":10,"win_rate":0,"timestamp":1567434169,"path_taken":["M","M","?","?","?","E","R","$","T","R","M","M","R","M","R","BOSS","M","M","$","?","?","E","R","M","T","R","?","M","M","$","R","BOSS","M","?","?","M","?","R","E","R","T","E","?","$","M","E","R","BOSS","BOSS","R","$","E","BOSS"],"build_version":"2019-07-17","purchased_purges":4,"victory":true,"max_hp_per_floor":[66,66,66,66,66,66,66,66,66,66,66,66,66,66,66,66,66,66,66,66,66,66,66,66,66,66,66,66,66,66,66,66,66,66,66,66,66,66,66,66,66,66,66,76,76,76,76,76,76,76,76,76,76,76,76,76],"card_choices":[{"not_picked":["Blade Dance","Backflip"],"picked":"Calculated Gamble","floor":1.0},{"not_picked":["Flying Knee","Underhanded Strike"],"picked":"Terror","floor":2.0},{"not_picked":["Expertise","Poisoned Stab","Leg Sweep"],"picked":"SKIP","floor":6.0},{"not_picked":["Infinite Blades","Prepared"],"picked":"Acrobatics","floor":11.0},{"not_picked":["Dodge and Roll","Footwork"],"picked":"Storm of Steel","floor":12.0},{"not_picked":["Poisoned Stab","Cloak And Dagger"],"picked":"Choke","floor":14.0},{"not_picked":["Venomology","Night Terror"],"picked":"Grand Finale","floor":16.0},{"not_picked":["Endless Agony","Accuracy","Bane"],"picked":"SKIP","floor":18.0},{"not_picked":["Bouncing Flask","Poisoned Stab","Dagger Spray"],"picked":"SKIP","floor":19.0},{"not_picked":["Slice+1","Quick Slash","Phantasmal Killer"],"picked":"SKIP","floor":23.0},{"not_picked":["Slice+1","Quick Slash","Phantasmal Killer"],"picked":"SKIP","floor":23.0},{"not_picked":["Sucker Punch","Underhanded Strike"],"picked":"Prepared","floor":25.0},{"not_picked":["Leg Sweep","Sucker Punch","Quick Slash"],"picked":"SKIP","floor":29.0},{"not_picked":["Poisoned Stab","Outmaneuver+1","Blade Dance"],"picked":"SKIP","floor":30.0},{"not_picked":["Slice","Reflex"],"picked":"Well Laid Plans+1","floor":35.0},{"not_picked":["Dagger Throw","Slice"],"picked":"Backflip","floor":35.0},{"not_picked":["Expertise","Predator","Blur"],"picked":"SKIP","floor":37.0},{"not_picked":["Riddle With Holes","Outmaneuver+1","Deadly Poison+1"],"picked":"SKIP","floor":37.0},{"not_picked":["Backflip","Expertise"],"picked":"Concentrate","floor":38.0},{"not_picked":["Dagger Spray","Sucker Punch","Well Laid Plans"],"picked":"SKIP","floor":38.0},{"not_picked":["Enlightenment","Sadistic Nature"],"picked":"Deep Breath","floor":39.0},{"not_picked":["Mind Blast","Trip"],"picked":"Purity","floor":39.0},{"not_picked":["Outmaneuver","Deflect","Underhanded Strike"],"picked":"SKIP","floor":41.0},{"not_picked":["Outmaneuver","Quick Slash","Dagger Spray"],"picked":"SKIP","floor":44.0},{"not_picked":["Backflip","Finisher+1","Footwork"],"picked":"SKIP","floor":47.0},{"not_picked":["Blade Dance+1","Cloak And Dagger","Backflip+1"],"picked":"SKIP","floor":47.0},{"not_picked":["Quick Slash","PiercingWail","Infinite Blades"],"picked":"SKIP","floor":48.0},{"not_picked":["Dodge and Roll","Distraction","Tactician"],"picked":"SKIP","floor":55.0}],"player_experience":1000637,"relics_obtained":[{"floor":6.0,"key":"Anchor"},{"floor":9.0,"key":"Meat on the Bone"},{"floor":21.0,"key":"Red Mask"},{"floor":23.0,"key":"Kunai"},{"floor":26.0,"key":"Lantern"},{"floor":34.0,"key":"Blood Vial"},{"floor":34.0,"key":"Blue Candle"},{"floor":34.0,"key":"Prayer Wheel"},{"floor":41.0,"key":"Tingsha"},{"floor":44.0,"key":"Pear"},{"floor":48.0,"key":"Bottled Tornado"},{"floor":55.0,"key":"Orichalcum"}],"event_choices":[{"cards_removed":["Strike_G"],"damage_healed":0.0,"max_hp_gain":0.0,"max_hp_loss":0.0,"gold_gain":0.0,"event_name":"Golden Wing","player_choice":"Card Removal","floor":3.0,"gold_loss":0.0,"damage_taken":7.0},{"damage_healed":0.0,"max_hp_gain":0.0,"max_hp_loss":0.0,"gold_gain":0.0,"event_name":"Scrap Ooze","player_choice":"Success","floor":4.0,"gold_loss":0.0,"damage_taken":11.0,"relics_obtained":["Du-Vu Doll"]},{"damage_healed":0.0,"max_hp_gain":0.0,"max_hp_loss":0.0,"gold_gain":0.0,"event_name":"Masked Bandits","player_choice":"Fought Bandits","floor":21.0,"gold_loss":0.0,"damage_taken":0.0},{"damage_healed":0.0,"max_hp_gain":0.0,"max_hp_loss":0.0,"gold_gain":0.0,"event_name":"The Mausoleum","player_choice":"Ignored","floor":22.0,"gold_loss":0.0,"damage_taken":0.0},{"damage_healed":0.0,"max_hp_gain":0.0,"max_hp_loss":0.0,"gold_gain":0.0,"event_name":"Accursed Blacksmith","player_choice":"Forge","floor":28.0,"gold_loss":0.0,"damage_taken":0.0,"cards_upgraded":["Grand Finale"]},{"damage_healed":0.0,"max_hp_gain":0.0,"max_hp_loss":0.0,"gold_gain":0.0,"event_name":"Upgrade Shrine","player_choice":"Upgraded","floor":36.0,"gold_loss":0.0,"damage_taken":0.0,"cards_upgraded":["Backflip"]},{"damage_healed":0.0,"max_hp_gain":0.0,"max_hp_loss":0.0,"gold_gain":0.0,"event_name":"SensoryStone","player_choice":"Memory 3","floor":39.0,"gold_loss":0.0,"damage_taken":10.0},{"damage_healed":0.0,"max_hp_gain":0.0,"max_hp_loss":0.0,"gold_gain":0.0,"event_name":"The Woman in Blue","player_choice":"Bought 0 Potions","floor":45.0,"gold_loss":0.0,"damage_taken":0.0}],"is_beta":false,"boss_relics":[{"not_picked":["Fusion Hammer","Ectoplasm"],"picked":"Runic Dome"},{"not_picked":["Sozu","Tiny House"],"picked":"Calling Bell"}],"items_purged_floors":[5,20,31,46],"is_endless":false,"potions_floor_spawned":[1,11,16,21,23,30,33,35,41,44],"ascension_level":20}