{"gold_per_floor":[112,37,37,37,56,56,88,105,130,148,163,163,163,183,183,273,273,291,312,312,312,326,326,326],"floor_reached":24,"playtime":645,"items_purged":[],"score":446,"play_id":"184a7298-1b48-457f-8eb2-0b5a15152bb4","local_time":"20190920161828","is_ascension_mode":true,"campfire_choices":[{"data":"Zap","floor":6,"key":"SMITH"},{"data":"Lockon","floor":13,"key":"SMITH"},{"data":"Dualcast","floor":15,"key":"SMITH"},{"data":"Defragment","floor":23,"key":"SMITH"}],"neow_cost":"NONE","seed_source_timestamp":858913906984621,"circlet_count":0,"master_deck":["AscendersBane","Strike_B+1","Defend_B","Defend_B+1","Defend_B","Defend_B","Zap+1","Dualcast+1","Glacier","Coolheaded","Recycle","Coolheaded","Compile Driver","Lockon+1","Conserve Battery","Buffer","CurseOfTheBell","White Noise+1","Hologram","Defragment+1","Sweeping Beam","Ghostly","Ghostly","Ghostly","Coolheaded+1","Heatsinks"],"relics":["Cracked Core","NeowsBlessing","Pen Nib","Potion Belt","Oddly Smooth Stone","Golden Idol","Calling Bell","Bag of Preparation","Mummified Hand","Prayer Wheel"],"potions_floor_usage":[10,16,24,24,24,24],"damage_taken":[{"damage":0,"enemies":"Cultist","floor":1,"turns":1},{"damage":0,"enemies":"Small Slimes","floor":5,"turns":1},{"damage":0,"enemies":"3 Sentries","floor":7,"turns":2},{"damage":7,"enemies":"Jaw Worm","floor":8,"turns":3},{"damage":0,"enemies":"3 Louse","floor":10,"turns":2},{"damage":0,"enemies":"Blue Slaver","floor":11,"turns":4},{"damage":3,"enemies":"Exordium Thugs","floor":14,"turns":3},{"damage":2,"enemies":"Hexaghost","floor":16,"turns":7},{"damage":0,"enemies":"Shell Parasite","floor":18,"turns":7},{"damage":0,"enemies":"Spheric Guardian","floor":19,"turns":6},{"damage":6,"enemies":"Shelled Parasite and Fungi","floor":22,"turns":5},{"damage":32,"enemies":"Gremlin Leader","floor":24,"turns":7}],"seed_played":"-6679776615473800255","potions_obtained":[{"floor":1,"key":"Explosive Potion"},{"floor":5,"key":"SkillPotion"},{"floor":7,"key":"Swift Potion"},{"floor":16,"key":"Strength Potion"},{"floor":19,"key":"Strength Potion"},{"floor":22,"key":"Strength Potion"}],"is_trial":false,"path_per_floor":["M","?","?","?","M","R","E","M","T","M","M","?","R","M","R","B",null,"M","M","?","?","M","R","E"],"character_chosen":"DEFECT","items_purchased":[],"campfire_rested":0,"item_purchase_floors":[],"current_hp_per_floor":[64,64,59,38,38,38,38,31,31,31,31,31,31,28,28,26,55,55,55,55,32,26,26,0],"gold":326,"neow_bonus":"THREE_ENEMY_KILL","is_prod":false,"is_daily":false,"chose_seed":false,"campfire_upgraded":4,"win_rate":0,"timestamp":1568967508,"path_taken":["M","?","?","?","M","R","E","M","T","?","M","?","R","M","R","BOSS","M","M","?","?","M","R","E"],"build_version":"2019-09-19","purchased_purges":0,"victory":false,"max_hp_per_floor":[71,71,71,71,71,71,71,71,71,71,71,64,64,64,64,64,64,64,64,64,32,32,32,32],"card_choices":[{"not_picked":["Consume","Darkness"],"picked":"Glacier","floor":1},{"not_picked":["Redo","Leap"],"picked":"Coolheaded","floor":5},{"not_picked":["Gash","Force Field"],"picked":"Recycle","floor":7},{"not_picked":["Steam Power","Streamline"],"picked":"Coolheaded","floor":8},{"not_picked":["Redo","Rebound"],"picked":"Compile Driver","floor":10},{"not_picked":["Stack","Gash"],"picked":"Lockon","floor":11},{"not_picked":["Stack","Steam"],"picked":"Conserve Battery","floor":14},{"not_picked":["Hyperbeam","Thunder Strike"],"picked":"Buffer","floor":16},{"not_picked":["Hello World","Reprogram","Rip and Tear"],"picked":"SKIP","floor":18},{"not_picked":["Steam","Barrage","Streamline"],"picked":"SKIP","floor":18},{"not_picked":["Amplify","Leap"],"picked":"White Noise+1","floor":19},{"not_picked":["Barrage","Scrape"],"picked":"Hologram","floor":19},{"not_picked":["Darkness","Leap"],"picked":"Coolheaded+1","floor":22},{"not_picked":["Hologram+1","Gash"],"picked":"Heatsinks","floor":22}],"player_experience":887880,"relics_obtained":[{"floor":7,"key":"Potion Belt"},{"floor":9,"key":"Oddly Smooth Stone"},{"floor":17,"key":"Bag of Preparation"},{"floor":17,"key":"Mummified Hand"},{"floor":17,"key":"Prayer Wheel"}],"event_choices":[{"cards_removed":["Strike_B"],"damage_healed":0,"gold_gain":0,"player_choice":"Card Removal","damage_taken":0,"max_hp_gain":0,"max_hp_loss":0,"event_name":"The Cleric","floor":2,"gold_loss":75},{"damage_healed":0,"gold_gain":0,"player_choice":"Success","damage_taken":5,"relics_obtained":["Pen Nib"],"max_hp_gain":0,"max_hp_loss":0,"event_name":"Scrap Ooze","floor":3,"gold_loss":0},{"damage_healed":0,"gold_gain":0,"player_choice":"Entered Light","damage_taken":21,"max_hp_gain":0,"max_hp_loss":0,"event_name":"Shining Light","floor":4,"gold_loss":0,"cards_upgraded":["Defend_B","Strike_B"]},{"damage_healed":0,"gold_gain":0,"player_choice":"Lose Max HP","damage_taken":0,"relics_obtained":["Golden Idol"],"max_hp_gain":0,"max_hp_loss":7,"event_name":"Golden Idol","floor":12,"gold_loss":0},{"damage_healed":0,"gold_gain":0,"cards_transformed":["Strike_B","Strike_B"],"player_choice":"Became Test Subject","damage_taken":0,"max_hp_gain":0,"max_hp_loss":0,"event_name":"Drug Dealer","floor":20,"gold_loss":0,"cards_obtained":["Defragment","Sweeping Beam"]},{"damage_healed":0,"gold_gain":0,"player_choice":"Became a Ghost","damage_taken":0,"max_hp_gain":0,"max_hp_loss":32,"event_name":"Ghosts","floor":21,"gold_loss":0,"cards_obtained":["Ghostly","Ghostly","Ghostly"]}],"is_beta":true,"boss_relics":[{"not_picked":["Inserter","Snecko Eye"],"picked":"Calling Bell"}],"items_purged_floors":[],"is_endless":false,"potions_floor_spawned":[1,5,7,16,19,22],"killed_by":"Gremlin Leader","ascension_level":20}