{"gold_per_floor":[117,192,26,26,41,41,74,74,74,88,126,126,159,173,173,266,266,287,287,304,60,60,95,95,130,153,173,173,173,173],"floor_reached":30,"playtime":793,"items_purged":["Strike_G"],"score":618,"play_id":"6df577bf-42b9-4dc7-b4cc-c2eabb0016a8","local_time":"20190915210715","is_ascension_mode":true,"campfire_choices":[{"data":"Prepared","floor":6.0,"key":"SMITH"},{"data":"Noxious Fumes","floor":8.0,"key":"SMITH"},{"data":"Acrobatics","floor":15.0,"key":"SMITH"},{"floor":24.0,"key":"REST"},{"data":"Calculated Gamble","floor":29.0,"key":"SMITH"}],"neow_cost":"NONE","seed_source_timestamp":0,"circlet_count":0,"master_deck":["AscendersBane","Strike_G","Strike_G","Strike_G","Defend_G","Defend_G","Defend_G","Defend_G","Defend_G","Survivor","Neutralize","Masterful Stab","PiercingWail","Acrobatics+1","Deadly Poison","Prepared+1","Noxious Fumes+1","Flechettes","Acrobatics","Calculated Gamble+1"],"special_seed":0,"relics":["Ring of the Snake","NeowsBlessing","Orrery","Bloody Idol","Juzu Bracelet","Art of War","Bronze Scales","Akabeko","Bag of Preparation","Ice Cream","Mercury Hourglass","Bag of Marbles"],"potions_floor_usage":[],"damage_taken":[{"damage":0.0,"enemies":"Small Slimes","floor":1.0,"turns":1.0},{"damage":0.0,"enemies":"2 Louse","floor":5.0,"turns":1.0},{"damage":0.0,"enemies":"Gremlin Nob","floor":7.0,"turns":1.0},{"damage":2.0,"enemies":"Jaw Worm","floor":10.0,"turns":5.0},{"damage":10.0,"enemies":"Lagavulin","floor":11.0,"turns":6.0},{"damage":21.0,"enemies":"3 Sentries","floor":13.0,"turns":7.0},{"damage":9.0,"enemies":"Blue Slaver","floor":14.0,"turns":3.0},{"damage":18.0,"enemies":"Hexaghost","floor":16.0,"turns":8.0},{"damage":0.0,"enemies":"Chosen","floor":18.0,"turns":2.0},{"damage":1.0,"enemies":"Spheric Guardian","floor":20.0,"turns":3.0},{"damage":46.0,"enemies":"Slavers","floor":23.0,"turns":6.0},{"damage":10.0,"enemies":"Gremlin Leader","floor":25.0,"turns":7.0},{"damage":22.0,"enemies":"Cultist and Chosen","floor":27.0,"turns":5.0},{"damage":10,"enemies":"Centurion and Healer","floor":30,"turns":7}],"seed_played":"5984487659385473919","potions_obtained":[{"floor":5.0,"key":"PowerPotion"},{"floor":10.0,"key":"Regen Potion"}],"is_trial":false,"path_per_floor":["M","?","$","?","M","R","E","R","T","M","E","?","E","M","R","B",null,"M","?","M","$","?","E","R","E","T","M","?","R","M"],"character_chosen":"THE_SILENT","items_purchased":["Orrery","Bag of Preparation"],"campfire_rested":1,"item_purchase_floors":[3,21],"current_hp_per_floor":[59,48,48,48,48,48,48,48,48,46,36,36,15,6,6,3,46,46,46,50,50,50,9,27,22,27,10,10,10,0],"gold":173,"neow_bonus":"THREE_ENEMY_KILL","is_prod":false,"is_daily":false,"chose_seed":false,"campfire_upgraded":4,"win_rate":0,"timestamp":1568549235,"path_taken":["M","?","$","?","M","R","E","R","T","M","E","?","E","M","R","BOSS","M","?","M","$","?","E","R","E","T","M","?","R","M"],"build_version":"2019-09-12","purchased_purges":1,"victory":false,"max_hp_per_floor":[66,66,66,60,60,60,60,60,60,60,60,60,60,60,60,60,60,60,60,60,60,60,60,60,60,60,60,60,60,60],"card_choices":[{"not_picked":["Dagger Throw","Poisoned Stab"],"picked":"Masterful Stab","floor":1.0},{"not_picked":["Dodge and Roll","Quick Slash"],"picked":"PiercingWail","floor":3.0},{"not_picked":["Deflect","Escape Plan"],"picked":"Acrobatics","floor":3.0},{"not_picked":["Backflip","Prepared"],"picked":"Deadly Poison","floor":3.0},{"not_picked":["Blade Dance","Blur"],"picked":"Prepared","floor":3.0},{"not_picked":["Bouncing Flask","Dodge and Roll","Poisoned Stab"],"picked":"SKIP","floor":5.0},{"not_picked":["Blade Dance","Acrobatics"],"picked":"Noxious Fumes","floor":7.0},{"not_picked":["Setup","Acrobatics","Dash"],"picked":"SKIP","floor":10.0},{"not_picked":["Storm of Steel","Slice","Outmaneuver"],"picked":"SKIP","floor":11.0},{"not_picked":["Eviscerate","Poisoned Stab"],"picked":"Flechettes","floor":13.0},{"not_picked":["Dagger Spray","Deadly Poison","Prepared"],"picked":"SKIP","floor":14.0},{"not_picked":["Prepared","Flying Knee","Deflect"],"picked":"SKIP","floor":18.0},{"not_picked":["Dagger Throw","Deadly Poison+1","Underhanded Strike"],"picked":"SKIP","floor":20.0},{"not_picked":["Backflip","Dagger Spray"],"picked":"Acrobatics","floor":23.0},{"not_picked":["Dagger Throw","Dodge and Roll"],"picked":"Calculated Gamble","floor":25.0},{"not_picked":["Flying Knee","Deflect","Eviscerate"],"picked":"SKIP","floor":27.0}],"player_experience":1092366,"relics_obtained":[{"floor":7.0,"key":"Juzu Bracelet"},{"floor":9.0,"key":"Art of War"},{"floor":11.0,"key":"Bronze Scales"},{"floor":13.0,"key":"Akabeko"},{"floor":23.0,"key":"Ice Cream"},{"floor":25.0,"key":"Mercury Hourglass"},{"floor":26.0,"key":"Bag of Marbles"}],"event_choices":[{"damage_healed":0.0,"max_hp_gain":0.0,"max_hp_loss":0.0,"gold_gain":75.0,"event_name":"World of Goop","player_choice":"Gather Gold","floor":2.0,"gold_loss":0.0,"damage_taken":11.0},{"damage_healed":0.0,"max_hp_gain":0.0,"max_hp_loss":6.0,"gold_gain":0.0,"event_name":"Golden Idol","player_choice":"Lose Max HP","floor":4.0,"gold_loss":0.0,"damage_taken":0.0,"relics_obtained":["Golden Idol"]},{"cards_removed":["Strike_G"],"damage_healed":0.0,"max_hp_gain":0.0,"max_hp_loss":0.0,"gold_gain":0.0,"event_name":"Living Wall","player_choice":"Forget","floor":12.0,"gold_loss":0.0,"damage_taken":0.0},{"damage_healed":0.0,"max_hp_gain":0.0,"max_hp_loss":0.0,"gold_gain":0.0,"event_name":"Forgotten Altar","player_choice":"Gave Idol","floor":19.0,"relics_lost":["Golden Idol"],"gold_loss":0.0,"damage_taken":0.0,"relics_obtained":["Bloody Idol"]},{"damage_healed":0.0,"max_hp_gain":0.0,"max_hp_loss":0.0,"gold_gain":0.0,"event_name":"Cursed Tome","player_choice":"Ignored","floor":22.0,"gold_loss":0.0,"damage_taken":0.0},{"damage_healed":0.0,"max_hp_gain":0.0,"max_hp_loss":0.0,"gold_gain":0.0,"event_name":"FaceTrader","player_choice":"Leave","floor":28.0,"gold_loss":0.0,"damage_taken":0.0}],"is_beta":true,"boss_relics":[{"not_picked":["Ring of the Serpent","Sozu","Cursed Key"]}],"items_purged_floors":[21],"is_endless":false,"potions_floor_spawned":[5,10],"killed_by":"Centurion and Healer","ascension_level":20}