{"gold_per_floor":[114,114,33,46,121,121,151,164,190,203,203,223,40,55,55,132,132,151,151,167,178,25,25,59,72,72,107,124,124,135,135,135,212,212,232,232,7,7,57,87,87,98,98,0,28,39,62,81,81,81,81,81,81,31,59,59],"floor_reached":57,"playtime":2358,"items_purged":["Strike_G","Strike_G","Strike_G","Adrenaline"],"score":3384,"play_id":"fe7cd9fc-7e01-4c82-8007-4f5950f897be","local_time":"20190818051438","is_ascension_mode":true,"campfire_choices":[{"floor":6.0,"key":"REST"},{"data":"Flechettes","floor":15.0,"key":"SMITH"},{"data":"Calculated Gamble","floor":23.0,"key":"SMITH"},{"data":"Acrobatics","floor":29.0,"key":"SMITH"},{"data":"Acrobatics","floor":32.0,"key":"SMITH"},{"data":"Deep Breath","floor":41.0,"key":"SMITH"},{"floor":49.0,"key":"RECALL"},{"data":"Prepared","floor":53.0,"key":"SMITH"}],"neow_cost":"PERCENT_DAMAGE","seed_source_timestamp":261381274550564,"circlet_count":0,"master_deck":["AscendersBane","Defend_G","Defend_G+1","Defend_G","Defend_G","Survivor","Neutralize","Tactician+1","Flechettes+1","Deadly Poison+1","Acrobatics+1","Acrobatics+1","Calculated Gamble+1","Well Laid Plans","Calculated Gamble","Prepared+1","Deep Breath+1"],"special_seed":0,"relics":["Ring of the Snake","Matryoshka","War Paint","Bronze Scales","Bottled Lightning","Busted Crown","Blue Candle","Shuriken","Orichalcum","Orrery","Vajra","Du-Vu Doll","Red Mask","Boot","Smiling Mask","Letter Opener"],"potions_floor_usage":[56,56],"damage_taken":[{"damage":6.0,"enemies":"Jaw Worm","floor":1.0,"turns":6.0},{"damage":6.0,"enemies":"Small Slimes","floor":4.0,"turns":2.0},{"damage":0.0,"enemies":"2 Louse","floor":8.0,"turns":3.0},{"damage":0.0,"enemies":"Looter","floor":10.0,"turns":3.0},{"damage":0.0,"enemies":"Blue Slaver","floor":12.0,"turns":3.0},{"damage":0.0,"enemies":"Large Slime","floor":14.0,"turns":4.0},{"damage":3.0,"enemies":"Hexaghost","floor":16.0,"turns":9.0},{"damage":2.0,"enemies":"Shell Parasite","floor":18.0,"turns":3.0},{"damage":5.0,"enemies":"2 Thieves","floor":20.0,"turns":4.0},{"damage":0.0,"enemies":"Chosen and Byrds","floor":21.0,"turns":3.0},{"damage":0.0,"enemies":"Slavers","floor":24.0,"turns":3.0},{"damage":5.0,"enemies":"Snake Plant","floor":25.0,"turns":3.0},{"damage":0.0,"enemies":"Gremlin Leader","floor":27.0,"turns":4.0},{"damage":0.0,"enemies":"Centurion and Healer","floor":28.0,"turns":4.0},{"damage":0.0,"enemies":"Cultist and Chosen","floor":30.0,"turns":3.0},{"damage":1.0,"enemies":"Collector","floor":33.0,"turns":3.0},{"damage":0.0,"enemies":"Orb Walker","floor":35.0,"turns":2.0},{"damage":0.0,"enemies":"Giant Head","floor":40.0,"turns":1.0},{"damage":1.0,"enemies":"3 Darklings","floor":42.0,"turns":1.0},{"damage":1.0,"enemies":"Reptomancer","floor":45.0,"turns":1.0},{"damage":1.0,"enemies":"Maw","floor":46.0,"turns":1.0},{"damage":0.0,"enemies":"Spire Growth","floor":48.0,"turns":1.0},{"damage":1.0,"enemies":"Donu and Deca","floor":50.0,"turns":1.0},{"damage":1.0,"enemies":"Awakened One","floor":51.0,"turns":2.0},{"damage":1.0,"enemies":"Shield and Spear","floor":55.0,"turns":1.0},{"damage":53,"enemies":"The Heart","floor":56,"turns":5}],"seed_played":"-4247043249394022391","potions_obtained":[{"floor":1.0,"key":"SteroidPotion"},{"floor":12.0,"key":"Explosive Potion"},{"floor":14.0,"key":"SneckoOil"},{"floor":16.0,"key":"Energy Potion"},{"floor":25.0,"key":"PowerPotion"},{"floor":27.0,"key":"PowerPotion"},{"floor":48.0,"key":"GhostInAJar"}],"is_trial":false,"path_per_floor":["M","?","$","M","?","R","?","M","T","M","T","M","$","M","R","B",null,"M","?","M","M","$","R","E","M","T","E","M","R","M","?","R","B",null,"M","?","$","?","?","E","R","M","T","?","E","M","T","M","R","B","B",null,"R","$","E","B",null],"character_chosen":"THE_SILENT","items_purchased":["Flechettes","Acrobatics","EssenceOfSteel","PowerPotion","Deep Breath"],"campfire_rested":1,"item_purchase_floors":[3,13,13,22,37],"current_hp_per_floor":[38,18,18,12,1,20,20,20,20,20,20,20,20,20,20,17,54,52,52,47,47,47,47,47,42,42,42,42,42,42,24,24,23,59,59,59,59,59,52,52,52,51,51,51,50,49,49,49,49,48,47,65,65,65,64,11],"gold":59,"neow_bonus":"REMOVE_TWO","is_prod":false,"is_daily":false,"chose_seed":false,"campfire_upgraded":6,"win_rate":0,"timestamp":1566072878,"path_taken":["M","?","$","M","?","R","?","M","T","M","?","M","$","M","R","BOSS","M","?","M","M","$","R","E","M","T","E","M","R","M","?","R","BOSS","M","?","$","?","?","E","R","?","T","?","E","M","?","M","R","BOSS","BOSS","R","$","E","BOSS"],"build_version":"2019-07-17","purchased_purges":4,"victory":true,"max_hp_per_floor":[66,66,66,66,66,66,66,66,66,66,66,66,66,66,66,66,66,66,66,66,66,66,66,66,66,66,66,66,66,66,71,71,71,71,71,71,71,71,71,71,71,71,71,71,71,71,71,71,71,71,71,71,71,71,71,71],"card_choices":[{"not_picked":["Leg Sweep","Choke"],"picked":"Tactician","floor":1.0},{"not_picked":["Flying Knee","Tactician","Bane"],"picked":"SKIP","floor":4.0},{"not_picked":["Blade Dance","Riddle With Holes"],"picked":"Deadly Poison","floor":8.0},{"not_picked":["Underhanded Strike","Tactician"],"picked":"Acrobatics","floor":10.0},{"not_picked":["Distraction","Bane","Backstab"],"picked":"SKIP","floor":12.0},{"not_picked":["Eviscerate","Underhanded Strike"],"picked":"Calculated Gamble","floor":14.0},{"not_picked":["Venomology","Corpse Explosion"],"picked":"Adrenaline","floor":16.0},{"not_picked":["Distraction"],"picked":"SKIP","floor":18.0},{"not_picked":["Leg Sweep"],"picked":"SKIP","floor":20.0},{"not_picked":["Sucker Punch"],"picked":"SKIP","floor":21.0},{"not_picked":["Dagger Throw"],"picked":"SKIP","floor":24.0},{"not_picked":["Eviscerate"],"picked":"SKIP","floor":25.0},{"not_picked":["Night Terror"],"picked":"SKIP","floor":27.0},{"not_picked":["Blade Dance"],"picked":"SKIP","floor":28.0},{"not_picked":["Riddle With Holes"],"picked":"SKIP","floor":30.0},{"not_picked":[],"picked":"Calculated Gamble","floor":34.0},{"not_picked":[],"picked":"Prepared","floor":34.0},{"not_picked":["Underhanded Strike"],"picked":"SKIP","floor":35.0},{"not_picked":["Die Die Die"],"picked":"SKIP","floor":40.0},{"not_picked":["Caltrops"],"picked":"SKIP","floor":42.0},{"not_picked":["Cloak And Dagger"],"picked":"SKIP","floor":45.0},{"not_picked":["Dagger Spray"],"picked":"SKIP","floor":46.0},{"not_picked":["Expertise"],"picked":"SKIP","floor":48.0},{"not_picked":["Eviscerate+1"],"picked":"SKIP","floor":55.0}],"player_experience":920272,"relics_obtained":[{"floor":9.0,"key":"War Paint"},{"floor":11.0,"key":"Bronze Scales"},{"floor":11.0,"key":"Bottled Lightning"},{"floor":24.0,"key":"Blue Candle"},{"floor":26.0,"key":"Shuriken"},{"floor":27.0,"key":"Orichalcum"},{"floor":40.0,"key":"Vajra"},{"floor":43.0,"key":"Du-Vu Doll"},{"floor":45.0,"key":"Boot"},{"floor":47.0,"key":"Smiling Mask"},{"floor":55.0,"key":"Letter Opener"}],"event_choices":[{"damage_healed":0.0,"max_hp_gain":0.0,"max_hp_loss":0.0,"gold_gain":0.0,"event_name":"Shining Light","player_choice":"Entered Light","floor":2.0,"gold_loss":0.0,"damage_taken":20.0,"cards_upgraded":["Strike_G","Defend_G"]},{"damage_healed":0.0,"max_hp_gain":0.0,"max_hp_loss":0.0,"gold_gain":75.0,"event_name":"World of Goop","player_choice":"Gather Gold","floor":5.0,"gold_loss":0.0,"damage_taken":11.0},{"damage_healed":0.0,"max_hp_gain":0.0,"max_hp_loss":0.0,"gold_gain":30.0,"event_name":"Dead Adventurer","player_choice":"Searched \u00273\u0027 times","floor":7.0,"gold_loss":0.0,"damage_taken":0.0,"relics_obtained":["Matryoshka"]},{"damage_healed":0.0,"max_hp_gain":0.0,"max_hp_loss":0.0,"gold_gain":0.0,"event_name":"The Library","player_choice":"Read","floor":19.0,"gold_loss":0.0,"damage_taken":0.0,"cards_obtained":["Well Laid Plans"]},{"damage_healed":0.0,"max_hp_gain":5.0,"max_hp_loss":0.0,"gold_gain":0.0,"event_name":"Forgotten Altar","player_choice":"Shed Blood","floor":31.0,"gold_loss":0.0,"damage_taken":23.0},{"damage_healed":0.0,"max_hp_gain":0.0,"max_hp_loss":0.0,"gold_gain":0.0,"event_name":"SensoryStone","player_choice":"Memory 1","floor":36.0,"gold_loss":0.0,"damage_taken":0.0},{"cards_removed":["Strike_G"],"damage_healed":0.0,"max_hp_gain":0.0,"max_hp_loss":0.0,"gold_gain":0.0,"event_name":"Falling","player_choice":"Removed Attack","floor":38.0,"gold_loss":0.0,"damage_taken":0.0},{"damage_healed":0.0,"max_hp_gain":0.0,"max_hp_loss":0.0,"gold_gain":50.0,"event_name":"FaceTrader","player_choice":"Touch","floor":39.0,"gold_loss":0.0,"damage_taken":7.0},{"damage_healed":0.0,"max_hp_gain":0.0,"max_hp_loss":0.0,"gold_gain":0.0,"event_name":"Tomb of Lord Red Mask","player_choice":"Paid","floor":44.0,"gold_loss":98.0,"damage_taken":0.0,"relics_obtained":["Red Mask"]}],"is_beta":false,"boss_relics":[{"not_picked":["Sozu","Calling Bell"],"picked":"Busted Crown"},{"not_picked":["Velvet Choker","WristBlade"],"picked":"Orrery"}],"items_purged_floors":[13,22,37,54],"is_endless":false,"potions_floor_spawned":[1,12,14,16,25,27,30,46,48],"ascension_level":20}