{"path_per_floor":["M","M","?","$","M","E","R","M","T","M","E","M","R","?","R","B",null,"M","M","?","M","?","R","E","M","T","R","$","R","$","E","R","B",null,"M","M","M","?","$","R","E","M","T","?","$","?","E","?","R","B"],"character_chosen":"DEFECT","items_purchased":["Barrage","Anchor","Barrage","Defragment"],"gold_per_floor":[117,134,134,35,46,75,75,91,91,111,138,158,158,158,158,254,254,269,288,213,232,232,232,267,285,285,285,86,86,86,111,111,208,208,221,239,253,253,83,83,118,138,192,192,67,67,102,102,102,102],"floor_reached":51,"campfire_rested":3,"playtime":2270,"item_purchase_floors":[],"current_hp_per_floor":[66,67,51,51,47,9,33,33,33,21,11,11,35,35,35,30,68,64,59,59,40,40,40,26,24,24,48,48,48,48,33,33,31,68,60,56,51,51,51,51,14,14,14,14,14,80,80,70,70,45],"items_purged":["Strike_B","Strike_B","Defend_B"],"gold":102,"score":1178,"play_id":"a9ab7153-73dc-45d2-9abb-625226154c99","local_time":"20180610143429","is_prod":false,"is_daily":false,"chose_seed":false,"is_ascension_mode":true,"campfire_upgraded":6,"win_rate":0,"timestamp":1528634069,"campfire_choices":[{"floor":7.0,"key":"REST"},{"floor":13,"key":"REST"},{"data":"Defragment","floor":15,"key":"SMITH"},{"data":"Barrage","floor":23,"key":"SMITH"},{"floor":27,"key":"REST"},{"data":"Barrage","floor":29,"key":"SMITH"},{"data":"Loop","floor":32,"key":"SMITH"},{"data":"Defragment","floor":40,"key":"SMITH"},{"data":"Zap","floor":49,"key":"SMITH"}],"path_taken":["M","M","?","$","M","E","R","?","T","M","E","M","R","?","R","BOSS","M","M","?","?","?","R","E","M","T","R","$","R","?","E","R","BOSS","M","M","M","?","$","R","E","M","T","?","$","?","E","?","R","BOSS"],"build_version":"2018-06-07v3","seed_source_timestamp":55872844859621,"purchased_purges":3,"victory":true,"master_deck":["Strike_B+1","Defend_B","Defend_B+1","Defend_B","Zap+1","Dualcast","AscendersBane","Coolheaded","Capacitor","Barrage+1","Sweeping Beam+1","Conserve Battery","Compile Driver+1","Loop+1","Coolheaded","Defragment+1","Electrodynamics","Capacitor","Chill","Barrage+1","Cold Snap+1","Core Surge","Cold Snap","Glacier+1","Defragment+1","Doubt","Barrage+1","Madness","Madness"],"max_hp_per_floor":[75,80,80,80,80,80,80,80,80,80,80,80,80,80,80,80,80,80,80,80,80,80,80,80,80,80,80,80,80,80,80,80,80,80,80,80,80,80,80,80,80,80,80,80,80,80,80,80,80,80],"relics":["Cracked Core","Bag of Preparation","Sundial","Question Card","Symbiotic Virus","Nuclear Battery","Pen Nib","Juzu Bracelet","Anchor","Runic Pyramid","Mercury Hourglass","Whetstone","Bag of Marbles"],"card_choices":[{"not_picked":["Static Discharge","Force Field"],"picked":"Coolheaded","floor":1.0},{"not_picked":["Go for the Eyes","Streamline"],"picked":"Capacitor","floor":2.0},{"not_picked":["Rebound","Ball Lightning"],"picked":"Sweeping Beam","floor":5.0},{"not_picked":["Hello World","Stack"],"picked":"Conserve Battery","floor":6.0},{"not_picked":["Turbo","Coolheaded"],"picked":"Compile Driver","floor":8.0},{"not_picked":["Leap","Rebound","Hologram"],"picked":"Loop","floor":10.0},{"not_picked":["Rebound","Creative AI","Conserve Battery"],"picked":"Coolheaded","floor":11.0},{"not_picked":["Storm","Redo","Go for the Eyes"],"picked":"Defragment","floor":12},{"not_picked":["Machine Learning","Meteor Strike","Core Surge"],"picked":"Electrodynamics","floor":16},{"not_picked":["Tempest","Darkness","Turbo","Sunder"],"picked":"SKIP","floor":18},{"not_picked":["Sweeping Beam","Steam","Chill"],"picked":"Capacitor","floor":19},{"not_picked":["Recycle","Hologram+1","Electrodynamics","Steam"],"picked":"SKIP","floor":21},{"not_picked":["Doom and Gloom+1","Meteor Strike","Force Field","Capacitor+1"],"picked":"SKIP","floor":24},{"not_picked":["Sweeping Beam+1","Undo","Consume"],"picked":"Chill","floor":25},{"not_picked":["Redo","Genetic Algorithm+1","Steam+1"],"picked":"Cold Snap+1","floor":31},{"not_picked":["Multi-Cast","Meteor Strike","Amplify"],"picked":"Core Surge","floor":33},{"not_picked":["Redo+1","Scrape+1","Leap+1"],"picked":"Cold Snap","floor":35},{"not_picked":["Rebound","Go for the Eyes+1","Cold Snap+1"],"picked":"Glacier+1","floor":36},{"not_picked":["Steam","Hologram+1","Coolheaded","Steam Power+1"],"picked":"SKIP","floor":37},{"not_picked":["Redo","Rebound","Echo Form","Fusion"],"picked":"SKIP","floor":41},{"not_picked":["Hologram","Coolheaded+1","Beam Cell+1","Stack"],"picked":"SKIP","floor":42},{"not_picked":["Redo","Hologram+1","Echo Form"],"picked":"Barrage+1","floor":47}],"player_experience":851405,"potions_floor_usage":[24,24,31,33,47],"damage_taken":[{"damage":2.0,"enemies":"Jaw Worm","floor":1.0,"turns":3.0},{"damage":4.0,"enemies":"Cultist","floor":2.0,"turns":4.0},{"damage":4.0,"enemies":"Small Slimes","floor":5.0,"turns":3.0},{"damage":38.0,"enemies":"3 Sentries","floor":6.0,"turns":8.0},{"damage":0.0,"enemies":"2 Fungi Beasts","floor":8.0,"turns":4.0},{"damage":12.0,"enemies":"Exordium Thugs","floor":10.0,"turns":5.0},{"damage":10.0,"enemies":"Gremlin Nob","floor":11.0,"turns":4.0},{"damage":0,"enemies":"Exordium Wildlife","floor":12,"turns":7},{"damage":5,"enemies":"Hexaghost","floor":16,"turns":8},{"damage":4,"enemies":"3 Byrds","floor":18,"turns":4},{"damage":5,"enemies":"Spheric Guardian","floor":19,"turns":5},{"damage":19,"enemies":"Snake Plant","floor":21,"turns":5},{"damage":14,"enemies":"Gremlin Leader","floor":24,"turns":6},{"damage":2,"enemies":"Centurion and Healer","floor":25,"turns":4},{"damage":15,"enemies":"Slavers","floor":31,"turns":4},{"damage":17,"enemies":"Collector","floor":33,"turns":8},{"damage":8,"enemies":"3 Darklings","floor":35,"turns":3},{"damage":4,"enemies":"Orb Walker","floor":36,"turns":3},{"damage":5,"enemies":"4 Shapes","floor":37,"turns":4},{"damage":37,"enemies":"2 Orb Walkers","floor":41,"turns":6},{"damage":0,"enemies":"Maw","floor":42,"turns":6},{"damage":0,"enemies":"Nemesis","floor":47,"turns":7},{"damage":25,"enemies":"Time Eater","floor":50,"turns":12}],"relics_obtained":[{"floor":6.0,"key":"Sundial"},{"floor":9.0,"key":"Question Card"},{"floor":11.0,"key":"Symbiotic Virus"},{"floor":24,"key":"Pen Nib"},{"floor":26,"key":"Juzu Bracelet"},{"floor":41,"key":"Mercury Hourglass"},{"floor":43,"key":"Whetstone"},{"floor":47,"key":"Bag of Marbles"}],"event_choices":[{"event_name":"Shining Light","player_choice":"Entered Light","floor":3.0,"damage_taken":0.0},{"event_name":"Liars Game","player_choice":"disagreed","floor":14,"damage_taken":0},{"event_name":"Beggar","player_choice":"Gave Gold","floor":20,"damage_taken":0},{"event_name":"Vampires","player_choice":"Ignored","floor":22,"damage_taken":0},{"event_name":"Tomb of Lord Red Mask","player_choice":"Ignored","floor":38,"damage_taken":0},{"event_name":"SensoryStone","player_choice":"Memory 1","floor":44,"damage_taken":0},{"event_name":"MindBloom","player_choice":"Heal","floor":46,"damage_taken":0},{"event_name":"Winding Halls","player_choice":"Embrace Madness","floor":48,"damage_taken":0}],"boss_relics":[{"not_picked":["Inserter","Runic Dome"],"picked":"Nuclear Battery"},{"not_picked":["Eternal Feather","Snecko Eye"],"picked":"Runic Pyramid"}],"items_purged_floors":[],"potions_floor_spawned":[1,2,6,10,11,21,24,31,33,37,41,42],"seed_played":"-8098115101276138481","ascension_level":11,"potions_obtained":[{"floor":1.0,"key":"Fruit Juice"},{"floor":2.0,"key":"EssenceOfSteel"},{"floor":6.0,"key":"PowerPotion"},{"floor":10.0,"key":"PowerPotion"},{"floor":11.0,"key":"SpeedPotion"},{"floor":21,"key":"PowerPotion"},{"floor":24,"key":"SpeedPotion"},{"floor":31,"key":"Regen Potion"},{"floor":33,"key":"Weak Potion"},{"floor":37,"key":"SpeedPotion"}],"is_trial":false}