{"gold_per_floor":[112,127,142,60,80,80,91,91,115,115,135,135,153,140,140,244,244,258,241,260,273,1,1,16,16,16,16],"floor_reached":27,"playtime":2313,"items_purged":[],"score":211,"play_id":"c1f30b2c-d3c5-4220-bbf8-95eaf115d7dd","local_time":"20190805140033","is_ascension_mode":false,"campfire_choices":[{"floor":6,"key":"REST"},{"data":"Undo","floor":8,"key":"SMITH"},{"data":"Stack","floor":10,"key":"SMITH"},{"data":"Zap","floor":12,"key":"SMITH"},{"floor":15,"key":"REST"},{"floor":23,"key":"REST"},{"floor":25,"key":"REST"}],"neow_cost":"NONE","seed_source_timestamp":565980004250020,"circlet_count":0,"master_deck":["Strike_B","Strike_B","Strike_B","Strike_B","Defend_B","Defend_B","Defend_B","Defend_B","Zap+1","Dualcast","Leap","Compile Driver","Undo+1","Go for the Eyes","Double Energy","Stack+1","BootSequence","Multi-Cast","White Noise","Core Surge","Compile Driver","Beam Cell","Cold Snap","Conserve Battery","The Bomb","Capacitor","Go for the Eyes"],"relics":["Cracked Core","Vajra","Philosopher\u0027s Stone","Meat on the Bone"],"potions_floor_usage":[14,16,16,20,24,24,24],"damage_taken":[{"damage":0,"enemies":"Cultist","floor":1,"turns":4},{"damage":1,"enemies":"Jaw Worm","floor":2,"turns":4},{"damage":0,"enemies":"2 Louse","floor":3,"turns":2},{"damage":2,"enemies":"2 Fungi Beasts","floor":5,"turns":4},{"damage":0,"enemies":"Looter","floor":7,"turns":3},{"damage":7,"enemies":"3 Louse","floor":11,"turns":4},{"damage":17,"enemies":"Gremlin Gang","floor":13,"turns":6},{"damage":0,"enemies":"Exordium Thugs","floor":14,"turns":4},{"damage":34,"enemies":"The Guardian","floor":16,"turns":14},{"damage":11,"enemies":"Chosen","floor":18,"turns":4},{"damage":4,"enemies":"2 Thieves","floor":19,"turns":4},{"damage":20,"enemies":"Sentry and Sphere","floor":20,"turns":6},{"damage":17,"enemies":"Snecko","floor":21,"turns":7},{"damage":47,"enemies":"Snake Plant","floor":24,"turns":6},{"damage":36,"enemies":"Cultist and Chosen","floor":27,"turns":5}],"seed_played":"8572728355581198955","potions_obtained":[{"floor":1,"key":"Regen Potion"},{"floor":5,"key":"PowerPotion"},{"floor":11,"key":"Fire Potion"},{"floor":14,"key":"SkillPotion"},{"floor":19,"key":"Ancient Potion"},{"floor":20,"key":"EntropicBrew"}],"is_trial":false,"path_per_floor":["M","M","M","$","M","R","M","R","T","R","M","R","M","M","R","B",null,"M","M","M","M","$","R","M","R","T","M"],"character_chosen":"DEFECT","items_purchased":["Go for the Eyes","Double Energy","The Bomb","Capacitor"],"campfire_rested":4,"item_purchase_floors":[4,4,22,22],"current_hp_per_floor":[82,81,81,81,79,82,82,82,82,82,75,75,58,58,82,57,82,71,67,47,30,30,54,7,31,31,0],"gold":16,"neow_bonus":"TEN_PERCENT_HP_BONUS","is_prod":false,"is_daily":false,"chose_seed":false,"campfire_upgraded":3,"win_rate":0.0,"timestamp":1565038833,"path_taken":["M","M","M","$","M","R","M","R","T","R","M","R","M","M","R","BOSS","M","?","M","M","$","R","M","R","T","M"],"build_version":"2019-07-17","purchased_purges":0,"victory":false,"max_hp_per_floor":[82,82,82,82,82,82,82,82,82,82,82,82,82,82,82,82,82,82,82,82,82,82,82,82,82,82,82],"card_choices":[{"not_picked":["Lockon","Hello World"],"picked":"Leap","floor":1},{"not_picked":["Rebound","Skim"],"picked":"Compile Driver","floor":2},{"not_picked":["Fusion","Stack"],"picked":"Undo","floor":3},{"not_picked":["Rebound","Genetic Algorithm"],"picked":"Stack","floor":5},{"not_picked":["Sunder","Hologram"],"picked":"BootSequence","floor":7},{"not_picked":["BootSequence","Heatsinks","Steam Power"],"picked":"SKIP","floor":11},{"not_picked":["Hologram","Barrage"],"picked":"Multi-Cast","floor":13},{"not_picked":["Double Energy","Skim"],"picked":"White Noise","floor":14},{"not_picked":["Biased Cognition","Buffer"],"picked":"Core Surge","floor":16},{"not_picked":["Stack","Genetic Algorithm"],"picked":"Compile Driver","floor":18},{"not_picked":["Genetic Algorithm+1","Compile Driver"],"picked":"Beam Cell","floor":19},{"not_picked":["Doom and Gloom","Beam Cell"],"picked":"Cold Snap","floor":20},{"not_picked":["White Noise","Force Field"],"picked":"Conserve Battery","floor":21},{"not_picked":["Barrage","Rebound+1"],"picked":"Go for the Eyes","floor":24}],"player_experience":329800,"relics_obtained":[{"floor":9,"key":"Vajra"},{"floor":26,"key":"Meat on the Bone"}],"event_choices":[],"is_beta":false,"boss_relics":[{"not_picked":["Busted Crown","Sozu"],"picked":"Philosopher\u0027s Stone"}],"items_purged_floors":[],"is_endless":false,"potions_floor_spawned":[1,5,11,14,19,20],"killed_by":"Cultist and Chosen","ascension_level":0}