{"gold_per_floor":[111,36,48,48,64,94,369,369,369,402,414,431,447,479,479,553,553,565,565,578,435,435,461,477,509,509,540,556,591,269,285,285,364,364,380,1379,1254,1254,1271,1303,1320,1320,1320,1352,1368,1413,1442,1065,1065,1065,1065,1065,1065,40,68,68],"floor_reached":57,"playtime":2872,"items_purged":["Thunderclap","Inflame","Regret","Feed","Deep Breath"],"score":4105,"play_id":"dd97e414-28f8-4619-9fe4-9626117b0638","local_time":"20190408121906","daily_mods":["SealedDeck"],"is_ascension_mode":true,"campfire_choices":[{"data":"Armaments","floor":8.0,"key":"SMITH"},{"data":"Evolve","floor":15.0,"key":"SMITH"},{"floor":32.0,"key":"RECALL"},{"floor":49.0,"key":"REST"},{"floor":53,"key":"REST"}],"neow_cost":"","seed_source_timestamp":2163262407171,"circlet_count":0,"master_deck":["AscendersBane","Armaments+1","True Grit+1","Second Wind","Body Slam","Disarm+1","Power Through+1","Battle Trance+1","Evolve+1","Sentinel","Shockwave","Warcry+1","Flash of Steel","Entrench"],"special_seed":0,"relics":["Burning Blood","Bottled Lightning","Potion Belt","Paper Frog","Fusion Hammer","Pen Nib","Art of War","Torii","Omamori","Happy Flower","Turnip","Runic Dome","Thread and Needle","Letter Opener","Bronze Scales","Mango","Bottled Tornado","Ancient Tea Set","War Paint","TheAbacus","Pantograph","Bag of Marbles"],"potions_floor_usage":[51,51,51,56,56,56],"damage_taken":[{"damage":0.0,"enemies":"Jaw Worm","floor":1.0,"turns":3.0},{"damage":0.0,"enemies":"Small Slimes","floor":3.0,"turns":4.0},{"damage":0.0,"enemies":"Cultist","floor":5.0,"turns":3.0},{"damage":0.0,"enemies":"3 Sentries","floor":6.0,"turns":6.0},{"damage":0.0,"enemies":"Gremlin Nob","floor":10.0,"turns":3.0},{"damage":0.0,"enemies":"2 Fungi Beasts","floor":11.0,"turns":3.0},{"damage":0.0,"enemies":"Exordium Thugs","floor":12.0,"turns":3.0},{"damage":0.0,"enemies":"Blue Slaver","floor":13.0,"turns":3.0},{"damage":0.0,"enemies":"3 Sentries","floor":14.0,"turns":6.0},{"damage":0.0,"enemies":"Slime Boss","floor":16.0,"turns":5.0},{"damage":0.0,"enemies":"Chosen","floor":18.0,"turns":3.0},{"damage":6.0,"enemies":"3 Byrds","floor":20.0,"turns":4.0},{"damage":0.0,"enemies":"Slavers","floor":23.0,"turns":5.0},{"damage":0.0,"enemies":"Snake Plant","floor":24.0,"turns":3.0},{"damage":0.0,"enemies":"Gremlin Leader","floor":25.0,"turns":4.0},{"damage":0.0,"enemies":"Slavers","floor":27.0,"turns":3.0},{"damage":0.0,"enemies":"Snecko","floor":28.0,"turns":5.0},{"damage":0.0,"enemies":"Gremlin Leader","floor":29.0,"turns":6.0},{"damage":8.0,"enemies":"Shelled Parasite and Fungi","floor":31.0,"turns":3.0},{"damage":0.0,"enemies":"Champ","floor":33.0,"turns":9.0},{"damage":0.0,"enemies":"3 Shapes","floor":35.0,"turns":3.0},{"damage":0.0,"enemies":"Orb Walker","floor":39.0,"turns":2.0},{"damage":0.0,"enemies":"Nemesis","floor":40.0,"turns":7.0},{"damage":0.0,"enemies":"Sphere and 2 Shapes","floor":41.0,"turns":4.0},{"damage":0.0,"enemies":"Giant Head","floor":44.0,"turns":5.0},{"damage":0.0,"enemies":"3 Darklings","floor":45.0,"turns":3.0},{"damage":0.0,"enemies":"2 Orb Walkers","floor":46.0,"turns":4.0},{"damage":0.0,"enemies":"Nemesis","floor":47.0,"turns":3.0},{"damage":0.0,"enemies":"Time Eater","floor":50.0,"turns":5.0},{"damage":0,"enemies":"Donu and Deca","floor":51,"turns":5},{"damage":0,"enemies":"Shield and Spear","floor":55,"turns":4},{"damage":0,"enemies":"The Heart","floor":56,"turns":6}],"seed_played":"9146018826608665777","potions_obtained":[{"floor":1.0,"key":"Regen Potion"},{"floor":3.0,"key":"PowerPotion"},{"floor":10.0,"key":"EssenceOfSteel"},{"floor":13.0,"key":"Fire Potion"},{"floor":14.0,"key":"LiquidBronze"},{"floor":18.0,"key":"SneckoOil"},{"floor":19.0,"key":"Regen Potion"},{"floor":20.0,"key":"AttackPotion"},{"floor":25.0,"key":"Swift Potion"},{"floor":27.0,"key":"SkillPotion"},{"floor":31.0,"key":"Explosive Potion"},{"floor":39.0,"key":"Explosive Potion"},{"floor":40.0,"key":"Fire Potion"},{"floor":45.0,"key":"PowerPotion"}],"is_trial":true,"path_per_floor":["M","$","M","?","M","E","?","R","T","E","M","M","M","E","R","B",null,"M","?","M","$","?","E","M","E","T","E","M","E","$","M","R","B",null,"M","?","$","?","M","E","M","?","T","E","M","?","E","$","R","B","B",null,"R","$","E","B",null],"character_chosen":"IRONCLAD","items_purchased":["Shockwave","Turnip","Ancient Tea Set","Energy Potion","War Paint","TheAbacus","Pantograph","Energy Potion","SkillPotion","EssenceOfSteel"],"campfire_rested":2,"item_purchase_floors":[21,30,48,48,54,54,54,54,54,54],"current_hp_per_floor":[74,74,75,52,58,75,75,75,75,75,75,75,75,75,75,75,75,75,75,75,75,75,75,75,79,79,83,87,91,91,89,89,95,95,99,99,99,99,103,107,111,106,106,111,111,125,125,125,125,125,125,125,125,125,125,125],"gold":68,"neow_bonus":"","is_prod":false,"is_daily":false,"chose_seed":false,"campfire_upgraded":2,"win_rate":0,"timestamp":1554697146,"path_taken":["M","$","M","?","M","E","?","R","T","E","M","?","M","E","R","BOSS","M","?","M","?","?","E","M","E","T","E","M","E","$","M","R","BOSS","M","?","$","?","M","E","M","?","T","E","M","?","E","$","R","BOSS","BOSS","R","$","E","BOSS"],"build_version":"2019-04-04","purchased_purges":5,"victory":true,"max_hp_per_floor":[75,75,75,75,75,75,75,75,75,75,75,75,75,75,75,75,75,75,75,75,75,75,75,75,79,79,83,87,91,91,91,91,95,95,99,99,99,99,103,107,111,111,111,111,111,125,125,125,125,125,125,125,125,125,125,125],"card_choices":[{"not_picked":["Clothesline","Rupture"],"picked":"Evolve","floor":1.0},{"not_picked":["Intimidate","Warcry","Power Through"],"picked":"SKIP","floor":3.0},{"not_picked":["Sword Boomerang","Dual Wield"],"picked":"Sentinel","floor":5.0},{"not_picked":["Ghostly Armor","Heavy Blade","Pommel Strike"],"picked":"SKIP","floor":6.0},{"not_picked":["Heavy Blade","True Grit","Barricade"],"picked":"SKIP","floor":10.0},{"not_picked":["Dual Wield","Shrug It Off","Inflame"],"picked":"SKIP","floor":11.0},{"not_picked":["True Grit","Havoc","Ghostly Armor"],"picked":"SKIP","floor":12.0},{"not_picked":["Metallicize","Perfected Strike","Sword Boomerang"],"picked":"SKIP","floor":13.0},{"not_picked":["Berserk","Exhume","Armaments"],"picked":"SKIP","floor":14.0},{"not_picked":["Clash","Iron Wave","Twin Strike"],"picked":"SKIP","floor":18.0},{"not_picked":["Shrug It Off","Fire Breathing","Flex"],"picked":"SKIP","floor":20.0},{"not_picked":["Carnage","True Grit"],"picked":"Warcry+1","floor":23.0},{"not_picked":["Flame Barrier","Perfected Strike"],"picked":"Feed","floor":24.0},{"not_picked":["Pommel Strike","Perfected Strike","Anger"],"picked":"SKIP","floor":25.0},{"not_picked":["Heavy Blade","Cleave","Pummel"],"picked":"SKIP","floor":27.0},{"not_picked":["Body Slam","Barricade","True Grit"],"picked":"SKIP","floor":28.0},{"not_picked":["Rampage","Body Slam","Havoc"],"picked":"SKIP","floor":29.0},{"not_picked":["Flame Barrier","Iron Wave","Cleave"],"picked":"SKIP","floor":31.0},{"not_picked":["Anger","Shrug It Off","Pommel Strike"],"picked":"SKIP","floor":35.0},{"not_picked":["Body Slam","Anger","Metallicize+1"],"picked":"SKIP","floor":39.0},{"not_picked":["Bloodletting","Warcry+1","Hemokinesis"],"picked":"SKIP","floor":40.0},{"not_picked":["Thunderclap","Heavy Blade+1","Headbutt"],"picked":"SKIP","floor":41.0},{"not_picked":["Flash of Steel","Violence"],"picked":"Deep Breath","floor":42.0},{"not_picked":["Master of Strategy","Finesse"],"picked":"Flash of Steel","floor":42.0},{"not_picked":["Sword Boomerang","Havoc+1","Combust"],"picked":"SKIP","floor":44.0},{"not_picked":["Shrug It Off","Body Slam","Twin Strike"],"picked":"SKIP","floor":45.0},{"not_picked":["Cleave","Armaments"],"picked":"Entrench","floor":46.0},{"not_picked":["Battle Trance","Spot Weakness+1","Bludgeon"],"picked":"SKIP","floor":47.0},{"not_picked":["Armaments","Havoc","Twin Strike"],"picked":"SKIP","floor":55}],"player_experience":3020377,"relics_obtained":[{"floor":6.0,"key":"Bottled Lightning"},{"floor":10.0,"key":"Potion Belt"},{"floor":14.0,"key":"Paper Frog"},{"floor":23.0,"key":"Pen Nib"},{"floor":25.0,"key":"Art of War"},{"floor":26.0,"key":"Torii"},{"floor":27.0,"key":"Omamori"},{"floor":29.0,"key":"Happy Flower"},{"floor":40.0,"key":"Thread and Needle"},{"floor":43.0,"key":"Letter Opener"},{"floor":44.0,"key":"Bronze Scales"},{"floor":46.0,"key":"Mango"},{"floor":47.0,"key":"Bottled Tornado"},{"floor":55,"key":"Bag of Marbles"}],"event_choices":[{"damage_healed":0.0,"max_hp_gain":0.0,"max_hp_loss":0.0,"gold_gain":0.0,"event_name":"Shining Light","player_choice":"Entered Light","floor":4.0,"gold_loss":0.0,"damage_taken":23.0,"cards_upgraded":["Battle Trance","True Grit"]},{"damage_healed":0.0,"max_hp_gain":0.0,"max_hp_loss":0.0,"gold_gain":275.0,"event_name":"Golden Shrine","player_choice":"Desecrate","floor":7.0,"gold_loss":0.0,"damage_taken":0.0,"cards_obtained":["Regret"]},{"damage_healed":0.0,"max_hp_gain":0.0,"max_hp_loss":0.0,"gold_gain":0.0,"event_name":"Lab","player_choice":"Got Potions","floor":19.0,"gold_loss":0.0,"damage_taken":0.0},{"cards_removed":["Intimidate"],"damage_healed":0.0,"max_hp_gain":0.0,"max_hp_loss":0.0,"gold_gain":0.0,"event_name":"Back to Basics","player_choice":"Elegance","floor":22.0,"gold_loss":0.0,"damage_taken":0.0},{"damage_healed":0.0,"max_hp_gain":0.0,"max_hp_loss":0.0,"gold_gain":999.0,"event_name":"MindBloom","player_choice":"Gold","floor":36.0,"gold_loss":0.0,"damage_taken":0.0,"cards_obtained":["Normality","Normality"]},{"damage_healed":0.0,"max_hp_gain":0.0,"max_hp_loss":0.0,"gold_gain":0.0,"event_name":"Tomb of Lord Red Mask","player_choice":"Ignored","floor":38.0,"gold_loss":0.0,"damage_taken":0.0},{"damage_healed":0.0,"max_hp_gain":0.0,"max_hp_loss":0.0,"gold_gain":0.0,"event_name":"SensoryStone","player_choice":"Memory 2","floor":42.0,"gold_loss":0.0,"damage_taken":5.0},{"damage_healed":0.0,"max_hp_gain":0.0,"max_hp_loss":0.0,"gold_gain":0.0,"event_name":"Mysterious Sphere","player_choice":"Fight","floor":46.0,"gold_loss":0.0,"damage_taken":0.0}],"is_beta":true,"boss_relics":[{"not_picked":["Runic Pyramid","Eternal Feather"],"picked":"Fusion Hammer"},{"not_picked":["Lizard Tail","Astrolabe"],"picked":"Runic Dome"}],"items_purged_floors":[2,21,37,48,54],"is_endless":false,"potions_floor_spawned":[1,3,10,13,14,18,20,25,27,31,39,40,45],"ascension_level":20}