{"gold_per_floor":[113,113,132,132,132,159,174,174,174,174,19,19,55,79,79,170,170,195,110,35,49,67,67,90,90,113,127,68,101,101,132,132,225,225,243,368,381,381,48,48,86,110,133,164,182,182,195,145,145,145,145,145,145,14,50,50],"floor_reached":57,"playtime":3532,"items_purged":["Defend_P","EmptyBody","ClearTheMind+1"],"score":3541,"play_id":"1c61534d-73d6-42de-8da6-7bcdcdb44c07","local_time":"20190912143429","is_ascension_mode":true,"campfire_choices":[{"data":"Vigilance","floor":12.0,"key":"SMITH"},{"data":"Meditate","floor":15.0,"key":"SMITH"},{"data":"MentalFortress","floor":23.0,"key":"SMITH"},{"data":"Crescendo","floor":25.0,"key":"SMITH"},{"floor":30.0,"key":"RECALL"},{"data":"FearNoEvil","floor":32.0,"key":"SMITH"},{"data":"Eruption","floor":40.0,"key":"SMITH"},{"data":"Adaptation","floor":49,"key":"SMITH"},{"floor":53,"key":"REST"}],"neow_cost":"NONE","seed_source_timestamp":2419807281750100,"circlet_count":0,"master_deck":["AscendersBane","Vigilance+1","Meditate+1","FearNoEvil+1","MentalFortress+1","Crescendo+1","Adaptation+1","EmptyBody+1","EmptyFist"],"special_seed":0,"relics":["PureWater","NeowsBlessing","Bird Faced Urn","Akabeko","White Beast Statue","Golden Idol","Letter Opener","Anchor","Busted Crown","Orichalcum","Lantern","Shuriken","Sundial","Pandora\u0027s Box","Lizard Tail","Calipers","Smiling Mask","InkBottle","Blue Candle"],"potions_floor_usage":[51,56,56,56,56],"damage_taken":[{"damage":0.0,"enemies":"2 Louse","floor":1.0,"turns":1.0},{"damage":0.0,"enemies":"Small Slimes","floor":3.0,"turns":2.0},{"damage":0.0,"enemies":"Lagavulin","floor":6.0,"turns":1.0},{"damage":7.0,"enemies":"Jaw Worm","floor":7.0,"turns":3.0},{"damage":26.0,"enemies":"3 Sentries","floor":13.0,"turns":9.0},{"damage":0.0,"enemies":"Lots of Slimes","floor":14.0,"turns":3.0},{"damage":0.0,"enemies":"Slime Boss","floor":16.0,"turns":6.0},{"damage":7.0,"enemies":"2 Thieves","floor":18.0,"turns":3.0},{"damage":4.0,"enemies":"Shell Parasite","floor":21.0,"turns":5.0},{"damage":12.0,"enemies":"3 Cultists","floor":22.0,"turns":4.0},{"damage":1.0,"enemies":"Cultist and Chosen","floor":24.0,"turns":5.0},{"damage":0.0,"enemies":"Snake Plant","floor":27.0,"turns":4.0},{"damage":0.0,"enemies":"Gremlin Leader","floor":29.0,"turns":2.0},{"damage":22.0,"enemies":"Slavers","floor":31.0,"turns":2.0},{"damage":0.0,"enemies":"Collector","floor":33.0,"turns":5.0},{"damage":0.0,"enemies":"3 Shapes","floor":35.0,"turns":2.0},{"damage":0.0,"enemies":"Mind Bloom Boss Battle","floor":36.0,"turns":2.0},{"damage":0.0,"enemies":"Orb Walker","floor":37.0,"turns":1.0},{"damage":0.0,"enemies":"Nemesis","floor":41.0,"turns":1.0},{"damage":0.0,"enemies":"Jaw Worm Horde","floor":42.0,"turns":2.0},{"damage":0.0,"enemies":"Giant Head","floor":44.0,"turns":2.0},{"damage":0.0,"enemies":"4 Shapes","floor":45.0,"turns":2.0},{"damage":0,"enemies":"Writhing Mass","floor":47,"turns":3},{"damage":0,"enemies":"Donu and Deca","floor":50,"turns":2},{"damage":0,"enemies":"Time Eater","floor":51,"turns":8},{"damage":0,"enemies":"Shield and Spear","floor":55,"turns":1},{"damage":0,"enemies":"The Heart","floor":56,"turns":4}],"seed_played":"-915163699811440635","potions_obtained":[{"floor":1.0,"key":"Dexterity Potion"},{"floor":7.0,"key":"Energy Potion"},{"floor":13.0,"key":"Energy Potion"},{"floor":14.0,"key":"PowerPotion"},{"floor":16.0,"key":"Poison Potion"},{"floor":18.0,"key":"Regen Potion"},{"floor":21.0,"key":"Weak Potion"},{"floor":22.0,"key":"PowerPotion"},{"floor":24.0,"key":"DuplicationPotion"},{"floor":27.0,"key":"FearPotion"},{"floor":29.0,"key":"Poison Potion"},{"floor":31.0,"key":"Block Potion"},{"floor":33.0,"key":"StancePotion"},{"floor":36.0,"key":"Fruit Juice"},{"floor":37.0,"key":"EssenceOfSteel"},{"floor":44.0,"key":"EntropicBrew"}],"is_trial":false,"path_per_floor":["M","?","M","?","?","E","M","?","T","?","$","R","E","M","R","B",null,"M","?","?","M","M","R","M","R","T","M","$","E","R","E","R","B",null,"M","?","M","?","$","R","E","M","T","E","M","?","M","$","R","B","B",null,"R","$","E","B",null],"character_chosen":"WATCHER","items_purchased":["MentalFortress","EmptyBody","Calipers","DuplicationPotion"],"campfire_rested":1,"item_purchase_floors":[11,28,39,54],"current_hp_per_floor":[55,37,37,37,37,37,30,30,30,30,30,30,6,8,8,14,45,42,42,42,55,43,43,48,48,48,52,52,55,55,33,33,37,51,55,60,60,57,57,57,57,57,57,57,57,57,57,57,57,57,57,57,57,57,57,57],"gold":50,"neow_bonus":"THREE_ENEMY_KILL","is_prod":false,"is_daily":false,"chose_seed":false,"campfire_upgraded":7,"win_rate":0,"timestamp":1568270069,"path_taken":["M","?","M","?","?","E","?","?","T","?","$","R","E","M","R","BOSS","M","?","?","M","M","R","M","R","T","M","$","E","R","E","R","BOSS","M","?","M","?","$","R","E","M","T","E","M","?","M","$","R","BOSS","BOSS","R","$","E","BOSS"],"build_version":"2019-09-10","purchased_purges":3,"victory":true,"max_hp_per_floor":[61,61,61,61,61,61,61,55,55,55,55,55,55,55,55,55,55,55,55,55,55,55,55,55,55,55,55,55,55,55,55,55,55,55,55,60,60,57,57,57,57,57,57,57,57,57,57,57,57,57,57,57,57,57,57,57],"card_choices":[{"not_picked":["ForeignInfluence","Conclude"],"picked":"Meditate","floor":1.0},{"not_picked":["WindmillStrike","Protect"],"picked":"FearNoEvil","floor":3.0},{"not_picked":["InnerPeace","Prostrate","Devotion"],"picked":"SKIP","floor":6.0},{"not_picked":["Consecrate","PathToVictory","CutThroughFate"],"picked":"SKIP","floor":7.0},{"not_picked":["Vengeance","FlurryOfBlows"],"picked":"Crescendo","floor":13.0},{"not_picked":["CrushJoints","JustLucky"],"picked":"Adaptation","floor":14.0},{"not_picked":["WindmillStrike"],"picked":"SKIP","floor":18.0},{"not_picked":[],"picked":"ClearTheMind+1","floor":21.0},{"not_picked":["Consecrate"],"picked":"SKIP","floor":22.0},{"not_picked":["Consecrate"],"picked":"SKIP","floor":24.0},{"not_picked":["Sanctity"],"picked":"SKIP","floor":27.0},{"not_picked":["Vault"],"picked":"SKIP","floor":29.0},{"not_picked":["Consecrate"],"picked":"SKIP","floor":31.0},{"not_picked":["WaveOfTheHand+1"],"picked":"SKIP","floor":35.0},{"not_picked":["Prostrate"],"picked":"SKIP","floor":37.0},{"not_picked":["EmptyFist"],"picked":"SKIP","floor":41.0},{"not_picked":["Sanctity"],"picked":"SKIP","floor":42.0},{"not_picked":["FlyingSleeves+1"],"picked":"SKIP","floor":44.0},{"not_picked":["Scrawl"],"picked":"SKIP","floor":45.0},{"not_picked":[],"picked":"EmptyBody+1","floor":47},{"not_picked":[],"picked":"EmptyFist","floor":55}],"player_experience":3293929,"relics_obtained":[{"floor":6.0,"key":"White Beast Statue"},{"floor":9.0,"key":"Letter Opener"},{"floor":13.0,"key":"Anchor"},{"floor":26.0,"key":"Lantern"},{"floor":29.0,"key":"Shuriken"},{"floor":31.0,"key":"Sundial"},{"floor":36.0,"key":"Lizard Tail"},{"floor":41.0,"key":"Smiling Mask"},{"floor":44.0,"key":"InkBottle"},{"floor":55,"key":"Blue Candle"}],"event_choices":[{"damage_healed":0.0,"max_hp_gain":0.0,"max_hp_loss":0.0,"gold_gain":0.0,"event_name":"Scrap Ooze","player_choice":"Success","floor":2.0,"gold_loss":0.0,"damage_taken":18.0,"relics_obtained":["Bird Faced Urn"]},{"cards_removed":["Strike_P"],"damage_healed":0.0,"max_hp_gain":0.0,"max_hp_loss":0.0,"gold_gain":0.0,"event_name":"Living Wall","player_choice":"Forget","floor":4.0,"gold_loss":0.0,"damage_taken":0.0},{"damage_healed":0.0,"max_hp_gain":0.0,"max_hp_loss":0.0,"gold_gain":0.0,"event_name":"WeMeetAgain","player_choice":"Gave Potion","floor":5.0,"gold_loss":0.0,"damage_taken":0.0,"relics_obtained":["Akabeko"]},{"damage_healed":0.0,"max_hp_gain":0.0,"max_hp_loss":6.0,"gold_gain":0.0,"event_name":"Golden Idol","player_choice":"Lose Max HP","floor":8.0,"gold_loss":0.0,"damage_taken":0.0,"relics_obtained":["Golden Idol"]},{"damage_healed":0.0,"max_hp_gain":0.0,"max_hp_loss":0.0,"gold_gain":0.0,"event_name":"Dead Adventurer","player_choice":"Searched \u00270\u0027 times","floor":10.0,"gold_loss":0.0,"damage_taken":0.0},{"damage_healed":0.0,"max_hp_gain":0.0,"max_hp_loss":0.0,"gold_gain":0.0,"event_name":"Addict","player_choice":"Obtained Relic","floor":19.0,"gold_loss":85.0,"damage_taken":0.0,"relics_obtained":["Orichalcum"]},{"cards_removed":["Strike_P"],"damage_healed":0.0,"max_hp_gain":0.0,"max_hp_loss":0.0,"gold_gain":0.0,"event_name":"Beggar","player_choice":"Gave Gold","floor":20.0,"gold_loss":75.0,"damage_taken":0.0},{"damage_healed":0.0,"max_hp_gain":0.0,"max_hp_loss":0.0,"gold_gain":0.0,"event_name":"MindBloom","player_choice":"Fight","floor":36.0,"gold_loss":0.0,"damage_taken":0.0},{"damage_healed":0.0,"max_hp_gain":0.0,"max_hp_loss":3.0,"gold_gain":0.0,"event_name":"Winding Halls","player_choice":"Max HP","floor":38.0,"gold_loss":0.0,"damage_taken":0.0},{"cards_removed":["Eruption"],"damage_healed":0,"gold_gain":0,"player_choice":"Removed Attack","damage_taken":0,"max_hp_gain":0,"max_hp_loss":0,"event_name":"Falling","floor":46,"gold_loss":0}],"is_beta":true,"boss_relics":[{"not_picked":["Cursed Key","SlaversCollar"],"picked":"Busted Crown"},{"not_picked":["HolyWater","Fusion Hammer"],"picked":"Pandora\u0027s Box"}],"items_purged_floors":[11,48,54],"is_endless":false,"potions_floor_spawned":[1,7,13,14,16,18,21,22,24,27,29,31,33,35,36,37,41,42,44,45,47,55],"ascension_level":20}