{"path_per_floor":["M","?","M","$","$","R","E","R","T","M","R","M","R","M","R","B",null,"M","M","M","?","?","R","E","M","T","M","R","$","?","M","R"],"character_chosen":"DEFECT","items_purchased":["Genetic Algorithm","Skim","Loop"],"gold_per_floor":[111,111,131,61,27,27,62,62,62,81,81,96,96,114,114,214,214,225,245,255,255,170,170,204,215,215,226,226,72,72,83,83,83],"floor_reached":33,"campfire_rested":4,"playtime":1183,"item_purchase_floors":[],"current_hp_per_floor":[34,34,30,30,30,30,2,24,24,21,21,16,38,38,38,15,60,39,32,11,36,36,58,34,22,22,22,22,22,22,14,36,0],"items_purged":["Strike_B"],"gold":83,"score":347,"play_id":"0ce0ad7c-2edb-4194-99fd-31a1fc1e9f57","local_time":"20180608195150","is_prod":false,"is_daily":false,"chose_seed":false,"is_ascension_mode":true,"campfire_upgraded":4,"win_rate":0,"timestamp":1528480310,"campfire_choices":[{"data":"Zap","floor":6.0,"key":"SMITH"},{"floor":8.0,"key":"REST"},{"data":"Dualcast","floor":11.0,"key":"SMITH"},{"floor":13.0,"key":"REST"},{"data":"Ball Lightning","floor":15.0,"key":"SMITH"},{"floor":23,"key":"REST"},{"data":"Biased Cognition","floor":28,"key":"SMITH"},{"floor":32,"key":"REST"}],"path_taken":["M","?","M","?","$","R","E","R","T","M","R","M","R","M","R","BOSS","M","?","M","?","?","R","E","M","T","?","R","$","?","M","R","BOSS"],"build_version":"2018-06-07","seed_source_timestamp":10310176630119,"purchased_purges":1,"victory":false,"master_deck":["Strike_B","Strike_B","Strike_B","Defend_B","Defend_B","Defend_B","Defend_B","Zap+1","Dualcast+1","Ball Lightning","Regret","Steam","Genetic Algorithm","Skim","Redo+1","Ball Lightning+1","Biased Cognition+1","Steam+1","Go for the Eyes","Defragment","Steam+1","Injury","Loop","Injury","White Noise+1"],"max_hp_per_floor":[75,75,75,75,75,75,75,75,75,75,75,75,75,75,75,75,75,75,75,75,75,75,75,75,75,75,75,75,75,75,75,75,75],"relics":["Cracked Core","Peace Pipe","Pen Nib","Matryoshka","Orichalcum","Toxic Egg 2","Cursed Key","Mercury Hourglass","Girya","Lantern","Happy Flower"],"card_choices":[{"not_picked":["Skim","Go for the Eyes"],"picked":"Ball Lightning","floor":1.0},{"not_picked":["Conserve Battery","Gash"],"picked":"Steam","floor":3.0},{"not_picked":["Barrage","Echo Form","Streamline"],"picked":"SKIP","floor":7.0},{"not_picked":["Coolheaded+1","Rebound","Double Energy+1"],"picked":"SKIP","floor":10.0},{"not_picked":["Coolheaded+1","Compile Driver"],"picked":"Redo+1","floor":12.0},{"not_picked":["Capacitor","Barrage"],"picked":"Ball Lightning","floor":14.0},{"not_picked":["Creative AI","Rainbow+1"],"picked":"Biased Cognition","floor":16.0},{"not_picked":["Barrage","White Noise+1"],"picked":"Steam+1","floor":18},{"not_picked":["Streamline+1","Conserve Battery+1"],"picked":"Go for the Eyes","floor":19},{"not_picked":["Streamline","Melter","Gash"],"picked":"SKIP","floor":20},{"not_picked":["Fission+1","Fusion+1"],"picked":"Defragment","floor":24},{"not_picked":["Coolheaded+1","Go for the Eyes"],"picked":"Steam+1","floor":25},{"not_picked":["Gash","Fusion+1","Beam Cell+1"],"picked":"SKIP","floor":27},{"not_picked":["Static Discharge","Streamline"],"picked":"White Noise+1","floor":31}],"player_experience":815106,"potions_floor_usage":[24,27,33],"damage_taken":[{"damage":0.0,"enemies":"Small Slimes","floor":1.0,"turns":3.0},{"damage":4.0,"enemies":"2 Louse","floor":3.0,"turns":2.0},{"damage":28.0,"enemies":"Gremlin Nob","floor":7.0,"turns":4.0},{"damage":3.0,"enemies":"Cultist","floor":10.0,"turns":3.0},{"damage":5.0,"enemies":"Lots of Slimes","floor":12.0,"turns":3.0},{"damage":0.0,"enemies":"Exordium Wildlife","floor":14.0,"turns":3.0},{"damage":23.0,"enemies":"Slime Boss","floor":16.0,"turns":8.0},{"damage":21,"enemies":"Shell Parasite","floor":18,"turns":4},{"damage":7,"enemies":"3 Byrds","floor":19,"turns":3},{"damage":21,"enemies":"Cultist and Chosen","floor":20,"turns":6},{"damage":24,"enemies":"Slavers","floor":24,"turns":5},{"damage":12,"enemies":"Snecko","floor":25,"turns":4},{"damage":0,"enemies":"Snake Plant","floor":27,"turns":2},{"damage":8,"enemies":"Cultist and Chosen","floor":31,"turns":5},{"damage":39,"enemies":"Champ","floor":33,"turns":7}],"relics_obtained":[{"floor":7.0,"key":"Matryoshka"},{"floor":9.0,"key":"Orichalcum"},{"floor":9.0,"key":"Toxic Egg 2"},{"floor":24,"key":"Girya"},{"floor":26,"key":"Lantern"},{"floor":26,"key":"Happy Flower"}],"event_choices":[{"event_name":"Big Fish","player_choice":"Box","floor":2.0,"damage_taken":0.0},{"event_name":"The Library","player_choice":"Heal","floor":21,"damage_taken":0},{"event_name":"Addict","player_choice":"Obtained Relic","floor":22,"damage_taken":0},{"event_name":"Match and Keep!","player_choice":"1 cards matched","floor":30,"damage_taken":0}],"boss_relics":[{"not_picked":["Orrery","Snecko Eye"],"picked":"Cursed Key"}],"items_purged_floors":[29],"potions_floor_spawned":[1,7,10,12,18,19,27],"seed_played":"-2412517385646157768","killed_by":"Champ","ascension_level":6,"potions_obtained":[{"floor":1.0,"key":"FocusPotion"},{"floor":7.0,"key":"GamblersBrew"},{"floor":10.0,"key":"FearPotion"},{"floor":12.0,"key":"SneckoOil"},{"floor":18,"key":"SteroidPotion"},{"floor":19,"key":"Poison Potion"},{"floor":27,"key":"Weak Potion"}],"is_trial":false}