{"gold_per_floor":[219,232,243,23,33,33,33,33,33,74,74,74,95,115,115,211,211,230,244,264,244,92,126,141,182,182,203,219,50,50,88,88,182,182,200,200,216,108,108,139,139,172,172,203,203,219,219,233,233,233,233,233,233,25,56,56],"floor_reached":57,"playtime":3146,"items_purged":["Strike_G","Strike_G","Strike_G","Defend_G"],"score":2879,"play_id":"8d6862ee-8a79-477f-961d-e24a90a10196","local_time":"20190913131757","is_ascension_mode":true,"campfire_choices":[{"data":"Deadly Poison","floor":6.0,"key":"SMITH"},{"data":"Bane","floor":11.0,"key":"SMITH"},{"data":"Tactician","floor":15.0,"key":"SMITH"},{"data":"Catalyst","floor":30.0,"key":"SMITH"},{"data":"Cloak And Dagger","floor":32.0,"key":"SMITH"},{"data":"Deep Breath","floor":41.0,"key":"SMITH"},{"data":"Acrobatics","floor":47.0,"key":"SMITH"},{"floor":49.0,"key":"RECALL"},{"data":"Bullet Time","floor":53.0,"key":"SMITH"}],"neow_cost":"NONE","seed_source_timestamp":95915925897113,"circlet_count":0,"master_deck":["AscendersBane","Defend_G","Defend_G","Defend_G","Survivor","Neutralize","Tactician+1","Deadly Poison+1","Acrobatics+1","Glass Knife","Bane+1","Well Laid Plans+1","Escape Plan","Backflip","Corpse Explosion","CurseOfTheBell","Terror+1","Cloak And Dagger+1","Catalyst+1","Well Laid Plans+1","Bullet Time+1","Deep Breath+1","Footwork","After Image","Footwork"],"special_seed":0,"relics":["Ring of the Snake","Golden Idol","Blood Vial","Paper Crane","Calling Bell","Regal Pillow","Ninja Scroll","Dead Branch","Bag of Preparation","Dodecahedron","Eternal Feather","Membership Card","Pantograph","Coffee Dripper","Mercury Hourglass","Bag of Marbles","Potion Belt","TheAbacus","Oddly Smooth Stone"],"potions_floor_usage":[56,56,56,56],"damage_taken":[{"damage":12.0,"enemies":"Cultist","floor":1.0,"turns":6.0},{"damage":1.0,"enemies":"Small Slimes","floor":2.0,"turns":4.0},{"damage":1.0,"enemies":"Jaw Worm","floor":3.0,"turns":3.0},{"damage":6.0,"enemies":"Looter","floor":5.0,"turns":3.0},{"damage":17.0,"enemies":"Lagavulin","floor":10.0,"turns":5.0},{"damage":1.0,"enemies":"3 Louse","floor":13.0,"turns":5.0},{"damage":2.0,"enemies":"Exordium Thugs","floor":14.0,"turns":4.0},{"damage":7.0,"enemies":"Slime Boss","floor":16.0,"turns":9.0},{"damage":5.0,"enemies":"Shell Parasite","floor":18.0,"turns":3.0},{"damage":4.0,"enemies":"Chosen","floor":19.0,"turns":5.0},{"damage":11.0,"enemies":"Snake Plant","floor":20.0,"turns":5.0},{"damage":4.0,"enemies":"Gremlin Leader","floor":23.0,"turns":6.0},{"damage":9.0,"enemies":"Cultist and Chosen","floor":24.0,"turns":5.0},{"damage":15.0,"enemies":"Slavers","floor":25.0,"turns":7.0},{"damage":4.0,"enemies":"Centurion and Healer","floor":27.0,"turns":4.0},{"damage":0.0,"enemies":"Snake Plant","floor":28.0,"turns":4.0},{"damage":21.0,"enemies":"Gremlin Leader","floor":31.0,"turns":6.0},{"damage":17.0,"enemies":"Automaton","floor":33.0,"turns":8.0},{"damage":7.0,"enemies":"3 Darklings","floor":35.0,"turns":2.0},{"damage":0.0,"enemies":"3 Shapes","floor":37.0,"turns":3.0},{"damage":0.0,"enemies":"Giant Head","floor":40.0,"turns":5.0},{"damage":0.0,"enemies":"Nemesis","floor":42.0,"turns":3.0},{"damage":45.0,"enemies":"Reptomancer","floor":44.0,"turns":6.0},{"damage":0.0,"enemies":"Transient","floor":46.0,"turns":6.0},{"damage":8.0,"enemies":"Spire Growth","floor":48.0,"turns":4.0},{"damage":32.0,"enemies":"Time Eater","floor":50.0,"turns":15.0},{"damage":21.0,"enemies":"Awakened One","floor":51.0,"turns":16.0},{"damage":31,"enemies":"Shield and Spear","floor":55,"turns":3},{"damage":49,"enemies":"The Heart","floor":56,"turns":8}],"seed_played":"-2768518944502927611","potions_obtained":[{"floor":1.0,"key":"EssenceOfSteel"},{"floor":13.0,"key":"GhostInAJar"},{"floor":14.0,"key":"GamblersBrew"},{"floor":16.0,"key":"Ancient Potion"},{"floor":21.0,"key":"EntropicBrew"},{"floor":27.0,"key":"Explosive Potion"},{"floor":28.0,"key":"Ancient Potion"},{"floor":31.0,"key":"SkillPotion"},{"floor":33.0,"key":"LiquidBronze"},{"floor":46.0,"key":"Swift Potion"}],"is_trial":false,"path_per_floor":["M","M","M","$","M","R","?","?","T","E","R","?","M","M","R","B",null,"M","M","M","?","$","E","M","E","T","M","M","$","R","E","R","B",null,"M","?","M","$","?","E","R","E","T","E","?","M","R","M","R","B","B",null,"R","$","E","B",null],"character_chosen":"THE_SILENT","items_purchased":["Glass Knife","Fire Potion","Cloak And Dagger","Membership Card","Deep Breath","TheAbacus","Weak Potion","AttackPotion"],"campfire_rested":0,"item_purchase_floors":[4,4,22,29,38,54,54,54],"current_hp_per_floor":[47,46,45,45,39,39,32,32,32,17,17,17,18,18,18,13,48,45,43,34,34,34,32,25,27,27,25,27,27,39,20,32,42,56,51,51,53,53,53,55,60,60,60,15,15,17,32,26,41,28,34,54,60,60,29,7],"gold":56,"neow_bonus":"HUNDRED_GOLD","is_prod":false,"is_daily":false,"chose_seed":false,"campfire_upgraded":8,"win_rate":0,"timestamp":1568348277,"path_taken":["M","M","M","$","M","R","?","?","T","E","R","?","M","M","R","BOSS","M","?","M","?","$","E","?","E","T","M","M","$","R","E","R","BOSS","M","?","?","?","?","E","R","E","T","E","?","M","R","M","R","BOSS","BOSS","R","$","E","BOSS"],"build_version":"2019-09-11v2","purchased_purges":4,"victory":true,"max_hp_per_floor":[66,66,66,66,66,66,66,60,60,60,60,60,60,60,60,60,60,60,60,60,60,60,60,60,60,60,60,60,60,60,60,60,60,60,60,60,60,60,60,60,60,60,60,60,60,60,60,60,60,60,60,60,60,60,60,60],"card_choices":[{"not_picked":["Prepared","Distraction"],"picked":"Tactician","floor":1.0},{"not_picked":["PiercingWail","Flying Knee"],"picked":"Deadly Poison","floor":2.0},{"not_picked":["Tactician","Flying Knee"],"picked":"Acrobatics","floor":3.0},{"not_picked":["Bane","Finisher","Blur"],"picked":"SKIP","floor":5.0},{"not_picked":["Bane","Finisher","Blur"],"picked":"SKIP","floor":5.0},{"not_picked":["Finisher","Blur"],"picked":"Bane","floor":5.0},{"not_picked":["Prepared","Deflect"],"picked":"Well Laid Plans","floor":10.0},{"not_picked":["Malaise","Dodge and Roll"],"picked":"Escape Plan","floor":13.0},{"not_picked":["Bane","Dagger Spray"],"picked":"Backflip","floor":14.0},{"not_picked":["Doppelganger","Unload"],"picked":"Corpse Explosion","floor":16.0},{"not_picked":["Noxious Fumes","Flying Knee","Slice"],"picked":"SKIP","floor":18.0},{"not_picked":["Backflip+1","Dagger Throw"],"picked":"Terror+1","floor":19.0},{"not_picked":["Riddle With Holes","Blur+1","Deflect+1"],"picked":"SKIP","floor":20.0},{"not_picked":["Outmaneuver+1","Deadly Poison"],"picked":"Catalyst","floor":23.0},{"not_picked":["Caltrops","Blade Dance","Dodge and Roll+1"],"picked":"SKIP","floor":24.0},{"not_picked":["Corpse Explosion","Leg Sweep"],"picked":"Well Laid Plans+1","floor":25.0},{"not_picked":["Acrobatics","Finisher","Outmaneuver"],"picked":"SKIP","floor":27.0},{"not_picked":["Acrobatics","Finisher","Outmaneuver"],"picked":"SKIP","floor":27.0},{"not_picked":["Caltrops","Choke","Backflip+1"],"picked":"SKIP","floor":28.0},{"not_picked":["Skewer","Endless Agony+1","Expertise+1"],"picked":"SKIP","floor":31.0},{"not_picked":["Doppelganger","A Thousand Cuts"],"picked":"Bullet Time","floor":33.0},{"not_picked":["Poisoned Stab","Bouncing Flask","Slice"],"picked":"SKIP","floor":35.0},{"not_picked":["Bane","Finisher","Underhanded Strike+1"],"picked":"SKIP","floor":37.0},{"not_picked":["Flying Knee","Dagger Throw"],"picked":"Footwork","floor":40.0},{"not_picked":["Outmaneuver+1","Unload","Deflect+1"],"picked":"SKIP","floor":42.0},{"not_picked":["Prepared","Predator","Quick Slash+1"],"picked":"SKIP","floor":44.0},{"not_picked":["Outmaneuver","Dagger Spray","Dagger Throw"],"picked":"SKIP","floor":46.0},{"not_picked":["Dagger Throw","Deflect","Phantasmal Killer"],"picked":"SKIP","floor":48.0},{"not_picked":["Poisoned Stab+1","Finisher+1","Quick Slash"],"picked":"SKIP","floor":55}],"player_experience":1083110,"relics_obtained":[{"floor":9.0,"key":"Blood Vial"},{"floor":10.0,"key":"Paper Crane"},{"floor":17.0,"key":"Regal Pillow"},{"floor":17.0,"key":"Ninja Scroll"},{"floor":17.0,"key":"Dead Branch"},{"floor":23.0,"key":"Bag of Preparation"},{"floor":25.0,"key":"Dodecahedron"},{"floor":26.0,"key":"Eternal Feather"},{"floor":31.0,"key":"Pantograph"},{"floor":40.0,"key":"Mercury Hourglass"},{"floor":42.0,"key":"Bag of Marbles"},{"floor":44.0,"key":"Potion Belt"},{"floor":55,"key":"Oddly Smooth Stone"}],"event_choices":[{"cards_removed":["Strike_G"],"damage_healed":0.0,"max_hp_gain":0.0,"max_hp_loss":0.0,"gold_gain":0.0,"event_name":"Golden Wing","player_choice":"Card Removal","floor":7.0,"gold_loss":0.0,"damage_taken":7.0},{"damage_healed":0.0,"max_hp_gain":0.0,"max_hp_loss":6.0,"gold_gain":0.0,"event_name":"Golden Idol","player_choice":"Lose Max HP","floor":8.0,"gold_loss":0.0,"damage_taken":0.0,"relics_obtained":["Golden Idol"]},{"damage_healed":0.0,"max_hp_gain":0.0,"max_hp_loss":0.0,"gold_gain":0.0,"event_name":"Accursed Blacksmith","player_choice":"Forge","floor":12.0,"gold_loss":0.0,"damage_taken":0.0,"cards_upgraded":["Well Laid Plans"]},{"damage_healed":0.0,"max_hp_gain":0.0,"max_hp_loss":0.0,"gold_gain":0.0,"event_name":"The Woman in Blue","player_choice":"Bought 1 Potion","floor":21.0,"gold_loss":0.0,"damage_taken":0.0},{"cards_removed":["Strike_G"],"damage_healed":0.0,"max_hp_gain":0.0,"max_hp_loss":0.0,"gold_gain":0.0,"event_name":"Purifier","player_choice":"Purged","floor":36.0,"gold_loss":0.0,"damage_taken":0.0},{"cards_removed":["Defend_G"],"damage_healed":0.0,"max_hp_gain":0.0,"max_hp_loss":0.0,"gold_gain":0.0,"event_name":"Falling","player_choice":"Removed Skill","floor":39.0,"gold_loss":0.0,"damage_taken":0.0},{"damage_healed":0.0,"max_hp_gain":0.0,"max_hp_loss":0.0,"gold_gain":0.0,"event_name":"Match and Keep!","player_choice":"2 cards matched","floor":45.0,"gold_loss":0.0,"damage_taken":0.0,"cards_obtained":["After Image","Footwork"]}],"is_beta":true,"boss_relics":[{"not_picked":["Black Star","Busted Crown"],"picked":"Calling Bell"},{"not_picked":["Fusion Hammer","Cursed Key"],"picked":"Coffee Dripper"}],"items_purged_floors":[4,22,38,54],"is_endless":false,"potions_floor_spawned":[1,13,14,16,24,27,28,31,33,35,46,55],"ascension_level":20}