{"gold_per_floor":[117,117,36,36,46,46,46,46,46,59,71,71,83,4,4,99,99,116,116,101,101,127,127],"floor_reached":23,"playtime":1440,"items_purged":[],"score":179,"play_id":"bd4afddb-0633-41f9-abea-73aab9f7ae50","local_time":"20190124090231","is_ascension_mode":false,"campfire_choices":[{"floor":6,"key":"REST"},{"data":"Go for the Eyes","floor":8,"key":"SMITH"},{"data":"Undo","floor":12,"key":"SMITH"},{"floor":15,"key":"REST"}],"neow_cost":"NONE","seed_source_timestamp":155618915479194,"circlet_count":0,"master_deck":["Strike_B+1","Strike_B","Strike_B","Defend_B","Defend_B","Defend_B","Defend_B","Zap","Dualcast","Redo","Loop+1","Go for the Eyes+1","Ball Lightning","Cold Snap","Streamline","Undo+1","Sweeping Beam","Sunder","Buffer","Static Discharge","Conserve Battery+1"],"relics":["Cracked Core","Juzu Bracelet","Bottled Lightning","Inserter","Red Mask"],"potions_floor_usage":[16,16,16,23],"damage_taken":[{"damage":0,"enemies":"Small Slimes","floor":1,"turns":3},{"damage":4,"enemies":"2 Louse","floor":5,"turns":2},{"damage":4,"enemies":"Jaw Worm","floor":10,"turns":3},{"damage":11,"enemies":"Large Slime","floor":11,"turns":4},{"damage":1,"enemies":"2 Fungi Beasts","floor":13,"turns":3},{"damage":35,"enemies":"Hexaghost","floor":16,"turns":9},{"damage":8,"enemies":"Chosen","floor":18,"turns":5},{"damage":16,"enemies":"2 Thieves","floor":20,"turns":4},{"damage":41,"enemies":"Masked Bandits","floor":22,"turns":5},{"damage":29,"enemies":"Slavers","floor":23,"turns":4}],"seed_played":"-1061796667014507659","potions_obtained":[{"floor":5,"key":"Fire Potion"},{"floor":10,"key":"PowerPotion"},{"floor":13,"key":"FearPotion"},{"floor":16,"key":"Regen Potion"},{"floor":22,"key":"SpeedPotion"}],"is_trial":false,"path_per_floor":["M","?","$","?","M","R","?","R","T","M","M","R","M","$","R","B",null,"M","?","M","?","?","E"],"character_chosen":"DEFECT","items_purchased":["Go for the Eyes","Ball Lightning","Sunder"],"campfire_rested":2,"item_purchase_floors":[3,3,14],"current_hp_per_floor":[75,75,75,60,56,75,80,80,80,76,65,65,64,64,80,45,80,72,72,56,56,15,0],"gold":127,"neow_bonus":"RANDOM_COMMON_RELIC","is_prod":false,"is_daily":false,"chose_seed":false,"campfire_upgraded":2,"win_rate":0.0,"timestamp":1548349351,"path_taken":["M","?","$","?","M","R","?","R","T","M","M","R","M","$","R","BOSS","M","?","M","?","?","E"],"build_version":"2019-01-23","purchased_purges":0,"victory":false,"max_hp_per_floor":[75,75,75,75,75,75,80,80,80,80,80,80,80,80,80,80,80,80,80,80,80,80,80],"card_choices":[{"not_picked":["Streamline","Coolheaded"],"picked":"Redo","floor":1},{"not_picked":["Consume","Reprogram"],"picked":"Cold Snap","floor":5},{"not_picked":["Glacier","Compile Driver"],"picked":"Streamline","floor":10},{"not_picked":["Force Field","Static Discharge"],"picked":"Undo","floor":11},{"not_picked":["Skim","Fusion"],"picked":"Sweeping Beam","floor":13},{"not_picked":["All For One","Hyperbeam"],"picked":"Buffer","floor":16},{"not_picked":["Stack+1","Heatsinks"],"picked":"Static Discharge","floor":18},{"not_picked":["Streamline","Ball Lightning"],"picked":"Conserve Battery+1","floor":20}],"player_experience":279511,"relics_obtained":[{"floor":9,"key":"Bottled Lightning"},{"floor":22,"key":"Red Mask"}],"event_choices":[{"damage_healed":0,"gold_gain":0,"cards_transformed":["Strike_B"],"player_choice":"Change","damage_taken":0,"max_hp_gain":0,"max_hp_loss":0,"event_name":"Living Wall","floor":2,"gold_loss":0,"cards_obtained":["Loop"]},{"damage_healed":0,"gold_gain":0,"player_choice":"Entered Light","damage_taken":15,"max_hp_gain":0,"max_hp_loss":0,"event_name":"Shining Light","floor":4,"gold_loss":0,"cards_upgraded":["Loop","Strike_B"]},{"damage_healed":0,"gold_gain":0,"player_choice":"Donut","damage_taken":0,"max_hp_gain":5,"max_hp_loss":0,"event_name":"Big Fish","floor":7,"gold_loss":0},{"damage_healed":0,"gold_gain":0,"player_choice":"Ignored","damage_taken":0,"max_hp_gain":0,"max_hp_loss":0,"event_name":"Vampires","floor":19,"gold_loss":0},{"damage_healed":0,"gold_gain":0,"player_choice":"Ignored","damage_taken":0,"max_hp_gain":0,"max_hp_loss":0,"event_name":"Ghosts","floor":21,"gold_loss":0},{"damage_healed":0,"gold_gain":0,"player_choice":"Fought Bandits","damage_taken":0,"max_hp_gain":0,"max_hp_loss":0,"event_name":"Masked Bandits","floor":22,"gold_loss":0}],"is_beta":false,"boss_relics":[{"not_picked":["FrozenCore","Ectoplasm"],"picked":"Inserter"}],"items_purged_floors":[],"is_endless":false,"potions_floor_spawned":[5,10,13,16,22],"killed_by":"Slavers","ascension_level":0}