{"gold_per_floor":[209,226,151,76,92,92,120,148,175,175,186,186,186,201,201,273,273,285,285,304,322,322,322,353,370,394,394,394,422,422,22,22,101,101,112,112,112,112,126,126,158,176,202,602,615,210,236,74,74,74,74,74,74,28,54,54],"floor_reached":57,"playtime":2998,"items_purged":["Strike_B","Pain","Strike_B","Strike_B"],"score":3042,"play_id":"8d2ddbdc-4582-4281-b138-6a3d3d91caca","local_time":"20190830105209","is_ascension_mode":true,"campfire_choices":[{"data":"Zap","floor":6,"key":"SMITH"},{"floor":10,"key":"REST"},{"data":"Coolheaded","floor":12,"key":"SMITH"},{"data":"Dualcast","floor":15,"key":"SMITH"},{"data":"Turbo","floor":23,"key":"SMITH"},{"data":"Consume","floor":28,"key":"SMITH"},{"data":"Heatsinks","floor":32,"key":"SMITH"},{"data":"Coolheaded","floor":40,"key":"SMITH"},{"floor":49,"key":"RECALL"},{"data":"Secret Technique","floor":53,"key":"SMITH"}],"neow_cost":"NONE","seed_source_timestamp":0,"circlet_count":0,"master_deck":["AscendersBane","Defend_B","Defend_B","Defend_B","Defend_B","Zap+1","Dualcast+1","Ball Lightning","Coolheaded+1","Conserve Battery","Rip and Tear","Echo Form","Compile Driver","Turbo+1","All For One","Cold Snap+1","Consume+1","Electrodynamics","Turbo","Ghostly+1","Ghostly","Ghostly","Hologram+1","Heatsinks+1","Coolheaded+1","Core Surge","Stack","Master of Strategy","Flash of Steel","BootSequence","Blizzard+1","Glacier+1","Coolheaded+1","Skim","Loop+1","Secret Technique+1","Meteor Strike","White Noise+1","Coolheaded","Enlightenment","Defragment+1"],"relics":["Cracked Core","Odd Mushroom","DataDisk","Dream Catcher","Runic Pyramid","Ornamental Fan","Bottled Tornado","Oddly Smooth Stone","Dodecahedron","WarpedTongs","Membership Card","War Paint","Eternal Feather","Frozen Egg 2","Old Coin","Frozen Eye","Pen Nib","Nunchaku"],"potions_floor_usage":[8,16,20,24,24,56,56,56,56],"damage_taken":[{"damage":7,"enemies":"Jaw Worm","floor":1,"turns":3},{"damage":7,"enemies":"Small Slimes","floor":2,"turns":3},{"damage":0,"enemies":"Cultist","floor":5,"turns":3},{"damage":25,"enemies":"The Mushroom Lair","floor":7,"turns":4},{"damage":9,"enemies":"Lagavulin","floor":8,"turns":6},{"damage":6,"enemies":"Red Slaver","floor":11,"turns":3},{"damage":0,"enemies":"2 Fungi Beasts","floor":14,"turns":3},{"damage":1,"enemies":"The Guardian","floor":16,"turns":10},{"damage":0,"enemies":"Chosen","floor":18,"turns":4},{"damage":1,"enemies":"3 Byrds","floor":20,"turns":3},{"damage":9,"enemies":"Snecko","floor":21,"turns":7},{"damage":18,"enemies":"Book of Stabbing","floor":24,"turns":6},{"damage":0,"enemies":"3 Cultists","floor":25,"turns":3},{"damage":0,"enemies":"Gremlin Leader","floor":29,"turns":6},{"damage":6,"enemies":"Champ","floor":33,"turns":12},{"damage":1,"enemies":"3 Shapes","floor":35,"turns":3},{"damage":0,"enemies":"Orb Walker","floor":39,"turns":3},{"damage":2,"enemies":"Nemesis","floor":41,"turns":11},{"damage":15,"enemies":"3 Darklings","floor":42,"turns":3},{"damage":0,"enemies":"Mind Bloom Boss Battle","floor":44,"turns":9},{"damage":0,"enemies":"Spire Growth","floor":45,"turns":5},{"damage":0,"enemies":"Giant Head","floor":47,"turns":9},{"damage":10,"enemies":"Donu and Deca","floor":50,"turns":10},{"damage":0,"enemies":"Awakened One","floor":51,"turns":11},{"damage":0,"enemies":"Shield and Spear","floor":55,"turns":8},{"damage":31,"enemies":"The Heart","floor":56,"turns":13}],"seed_played":"11038886293786793","potions_obtained":[{"floor":5,"key":"PowerPotion"},{"floor":7,"key":"Strength Potion"},{"floor":8,"key":"Explosive Potion"},{"floor":16,"key":"Swift Potion"},{"floor":20,"key":"PowerPotion"},{"floor":29,"key":"Ancient Potion"},{"floor":39,"key":"SteroidPotion"}],"is_trial":false,"path_per_floor":["M","M","?","$","M","R","?","E","T","R","M","R","?","M","R","B",null,"M","?","M","M","?","R","E","M","T","?","R","E","?","$","R","B",null,"M","?","?","?","M","R","E","M","T","?","M","$","E","$","R","B","B",null,"R","$","E","B",null],"character_chosen":"DEFECT","items_purchased":["Membership Card","Heatsinks","Coolheaded","War Paint","Loop+1","Secret Technique","Frozen Eye","Meteor Strike","EntropicBrew","Coolheaded","Enlightenment"],"campfire_rested":1,"item_purchase_floors":[31,31,31,31,46,46,46,46,48,48,54],"current_hp_per_floor":[57,50,50,50,50,50,25,16,16,37,31,31,31,31,31,30,61,61,61,60,51,31,31,13,13,13,13,13,13,13,13,13,7,30,29,29,19,19,19,37,35,20,20,20,20,20,20,20,38,28,28,36,38,38,38,7],"gold":54,"neow_bonus":"HUNDRED_GOLD","is_prod":false,"is_daily":false,"chose_seed":true,"campfire_upgraded":8,"win_rate":0,"timestamp":1567133529,"path_taken":["M","M","?","$","M","R","?","E","T","R","M","R","?","?","R","BOSS","M","?","?","M","?","R","E","M","T","?","R","E","?","$","R","BOSS","M","?","?","?","M","R","E","?","T","?","M","$","E","$","R","BOSS","BOSS","R","$","E","BOSS"],"build_version":"2019-07-17","purchased_purges":4,"victory":true,"max_hp_per_floor":[71,71,71,71,71,71,71,71,71,71,71,71,71,71,71,71,71,71,71,71,71,76,76,76,76,76,38,38,38,38,38,38,38,38,38,38,38,38,38,38,38,38,38,38,38,38,38,38,38,38,38,38,38,38,38,38],"card_choices":[{"not_picked":["Cold Snap","BootSequence"],"picked":"Ball Lightning","floor":1},{"not_picked":["Go for the Eyes","Sweeping Beam"],"picked":"Coolheaded","floor":2},{"not_picked":["Streamline","Hello World"],"picked":"Conserve Battery","floor":5},{"not_picked":["Conserve Battery","Barrage"],"picked":"Rip and Tear","floor":7},{"not_picked":["Hologram","Chaos"],"picked":"Echo Form","floor":8},{"not_picked":["Sweeping Beam","Gash"],"picked":"Compile Driver","floor":10},{"not_picked":["Hologram","Redo"],"picked":"Cold Snap","floor":11},{"not_picked":["Auto Shields","Go for the Eyes"],"picked":"Turbo","floor":14},{"not_picked":["Seek","Creative AI"],"picked":"All For One","floor":16},{"not_picked":["Stack","Leap"],"picked":"Cold Snap+1","floor":18},{"not_picked":["Aggregate+1","Undo"],"picked":"Consume","floor":20},{"not_picked":["Barrage+1","Steam","Cold Snap"],"picked":"SKIP","floor":21},{"not_picked":["Beam Cell","Reboot"],"picked":"Electrodynamics","floor":24},{"not_picked":["Stack","Sweeping Beam+1"],"picked":"Turbo","floor":25},{"not_picked":["Redo","Go for the Eyes"],"picked":"Hologram","floor":29},{"not_picked":["Hyperbeam","Seek"],"picked":"Core Surge","floor":33},{"not_picked":["Steam","Sweeping Beam"],"picked":"Stack","floor":35},{"not_picked":["Panacea","PanicButton"],"picked":"Master of Strategy","floor":37},{"not_picked":["Metamorphosis","Mind Blast"],"picked":"Flash of Steel","floor":37},{"not_picked":["Hello World+1","Barrage+1"],"picked":"BootSequence","floor":39},{"not_picked":["Redo","Cold Snap"],"picked":"Blizzard+1","floor":41},{"not_picked":["Compile Driver","Barrage"],"picked":"Glacier+1","floor":42},{"not_picked":["Leap","Sweeping Beam"],"picked":"Coolheaded+1","floor":44},{"not_picked":["Coolheaded+1","Leap"],"picked":"Skim","floor":45},{"not_picked":["Core Surge","Streamline"],"picked":"White Noise+1","floor":47},{"not_picked":["Sunder+1","Aggregate+1"],"picked":"Defragment+1","floor":55}],"player_experience":2255585,"relics_obtained":[{"floor":7,"key":"Odd Mushroom"},{"floor":8,"key":"DataDisk"},{"floor":9,"key":"Dream Catcher"},{"floor":24,"key":"Bottled Tornado"},{"floor":26,"key":"Oddly Smooth Stone"},{"floor":29,"key":"Dodecahedron"},{"floor":41,"key":"Frozen Egg 2"},{"floor":44,"key":"Old Coin"},{"floor":47,"key":"Pen Nib"},{"floor":55,"key":"Nunchaku"}],"event_choices":[{"cards_removed":["Strike_B"],"damage_healed":0,"gold_gain":0,"player_choice":"Card Removal","damage_taken":0,"max_hp_gain":0,"max_hp_loss":0,"event_name":"The Cleric","floor":3,"gold_loss":75},{"damage_healed":0,"gold_gain":0,"player_choice":"Fought Mushrooms","damage_taken":0,"max_hp_gain":0,"max_hp_loss":0,"event_name":"Mushrooms","floor":7,"gold_loss":0},{"damage_healed":0,"gold_gain":0,"player_choice":"Ignored","damage_taken":0,"max_hp_gain":0,"max_hp_loss":0,"event_name":"Liars Game","floor":13,"gold_loss":0},{"cards_removed":["Cold Snap"],"damage_healed":0,"gold_gain":0,"player_choice":"Gave Card","damage_taken":0,"relics_obtained":["Ornamental Fan"],"max_hp_gain":0,"max_hp_loss":0,"event_name":"WeMeetAgain","floor":19,"gold_loss":0},{"damage_healed":0,"gold_gain":0,"player_choice":"Shed Blood","damage_taken":25,"max_hp_gain":5,"max_hp_loss":0,"event_name":"Forgotten Altar","floor":22,"gold_loss":0},{"damage_healed":0,"gold_gain":0,"player_choice":"Became a Ghost","damage_taken":0,"max_hp_gain":0,"max_hp_loss":38,"event_name":"Ghosts","floor":27,"gold_loss":0,"cards_obtained":["Ghostly","Ghostly","Ghostly"]},{"damage_healed":0,"gold_gain":0,"player_choice":"Rummage","damage_taken":0,"relics_obtained":["WarpedTongs"],"max_hp_gain":0,"max_hp_loss":0,"event_name":"Accursed Blacksmith","floor":30,"gold_loss":0,"cards_obtained":["Pain"]},{"damage_healed":0,"gold_gain":0,"player_choice":"Ignored","damage_taken":0,"max_hp_gain":0,"max_hp_loss":0,"event_name":"Tomb of Lord Red Mask","floor":36,"gold_loss":0},{"damage_healed":0,"gold_gain":0,"player_choice":"Memory 3","damage_taken":10,"max_hp_gain":0,"max_hp_loss":0,"event_name":"SensoryStone","floor":37,"gold_loss":0},{"damage_healed":0,"gold_gain":0,"player_choice":"Ignored","damage_taken":0,"max_hp_gain":0,"max_hp_loss":0,"event_name":"Mysterious Sphere","floor":38,"gold_loss":0},{"damage_healed":0,"gold_gain":0,"player_choice":"Fight","damage_taken":0,"max_hp_gain":0,"max_hp_loss":0,"event_name":"MindBloom","floor":44,"gold_loss":0}],"is_beta":false,"boss_relics":[{"not_picked":["Cursed Key","Velvet Choker"],"picked":"Runic Pyramid"},{"not_picked":["White Beast Statue","Runic Dome"],"picked":"Eternal Feather"}],"items_purged_floors":[4,31,46,48],"is_endless":false,"potions_floor_spawned":[5,7,8,16,20,21,29,39,45,47,55],"ascension_level":20}