{"gold_per_floor":[118,129,129,147,72,72,83,83,133,133,133,167,187,203,203,279,279,292,310,360,360,360,390,406,433,460,488,413,147,158,29,29,106,106,121,139,159,159,159,190,190,222,267,298,310,345,345,375,375,375,375,375,375,89,117,117],"floor_reached":57,"playtime":1632,"items_purged":["Strike_G","Blade Dance+1","Corpse Explosion+1"],"score":3966,"play_id":"98b0239b-bccd-435f-8f82-0c31f955955e","local_time":"20190913140325","is_ascension_mode":true,"campfire_choices":[{"data":"Corpse Explosion","floor":6.0,"key":"SMITH"},{"data":"Tactician","floor":8.0,"key":"SMITH"},{"data":"Finisher","floor":10.0,"key":"SMITH"},{"data":"Blade Dance","floor":15.0,"key":"SMITH"},{"data":"Reflex","floor":32,"key":"SMITH"},{"floor":41,"key":"RECALL"},{"floor":49,"key":"REST"},{"floor":53,"key":"REST"}],"neow_cost":"PERCENT_DAMAGE","seed_source_timestamp":101366447352794,"circlet_count":0,"master_deck":["AscendersBane","Survivor+1","Neutralize+1","Tactician+1","PiercingWail+1","Acrobatics+1","Reflex+1","Flechettes+1","Prepared+1","Calculated Gamble+1","Terror+1","Caltrops"],"special_seed":0,"relics":["Ring of the Snake","Happy Flower","Smiling Mask","Pandora\u0027s Box","Tough Bandages","Paper Crane","Lantern","Anchor","Boot","Toxic Egg 2","HoveringKite","Mark of the Bloom","Strawberry","Tingsha","White Beast Statue","Dodecahedron","Ice Cream","OrangePellets","War Paint"],"potions_floor_usage":[56,56],"damage_taken":[{"damage":0.0,"enemies":"2 Louse","floor":1.0,"turns":2.0},{"damage":0.0,"enemies":"Small Slimes","floor":2.0,"turns":3.0},{"damage":0.0,"enemies":"Cultist","floor":4.0,"turns":4.0},{"damage":5.0,"enemies":"Gremlin Gang","floor":7.0,"turns":4.0},{"damage":18.0,"enemies":"3 Sentries","floor":12.0,"turns":3.0},{"damage":0.0,"enemies":"Blue Slaver","floor":13.0,"turns":4.0},{"damage":1.0,"enemies":"2 Fungi Beasts","floor":14.0,"turns":4.0},{"damage":5.0,"enemies":"The Guardian","floor":16.0,"turns":8.0},{"damage":0.0,"enemies":"Spheric Guardian","floor":18.0,"turns":3.0},{"damage":0.0,"enemies":"Chosen","floor":19.0,"turns":3.0},{"damage":0,"enemies":"Slavers","floor":23,"turns":1},{"damage":11,"enemies":"Sentry and Sphere","floor":24,"turns":3},{"damage":0,"enemies":"Gremlin Leader","floor":25,"turns":3},{"damage":0,"enemies":"Book of Stabbing","floor":27,"turns":3},{"damage":0,"enemies":"3 Cultists","floor":30,"turns":2},{"damage":0,"enemies":"Automaton","floor":33,"turns":1},{"damage":0,"enemies":"Orb Walker","floor":35,"turns":1},{"damage":0,"enemies":"3 Darklings","floor":36,"turns":1},{"damage":0,"enemies":"Jaw Worm Horde","floor":37,"turns":1},{"damage":0,"enemies":"Nemesis","floor":40,"turns":1},{"damage":0,"enemies":"Giant Head","floor":42,"turns":1},{"damage":0,"enemies":"Nemesis","floor":44,"turns":1},{"damage":0,"enemies":"Writhing Mass","floor":45,"turns":1},{"damage":0,"enemies":"Giant Head","floor":46,"turns":1},{"damage":0,"enemies":"Nemesis","floor":48,"turns":1},{"damage":0,"enemies":"Awakened One","floor":50,"turns":2},{"damage":0,"enemies":"Time Eater","floor":51,"turns":2},{"damage":0,"enemies":"Shield and Spear","floor":55,"turns":1},{"damage":0,"enemies":"The Heart","floor":56,"turns":5}],"seed_played":"123033400112671359","potions_obtained":[{"floor":2.0,"key":"Explosive Potion"},{"floor":14.0,"key":"Strength Potion"},{"floor":16.0,"key":"LiquidBronze"},{"floor":18.0,"key":"Fire Potion"},{"floor":24,"key":"Swift Potion"},{"floor":27,"key":"Ancient Potion"},{"floor":33,"key":"GhostInAJar"}],"is_trial":false,"path_per_floor":["M","M","?","M","$","R","M","R","T","R","?","E","M","M","R","B",null,"M","M","?","?","T","E","M","E","T","E","?","$","M","$","R","B",null,"M","M","M","?","?","E","R","E","T","E","M","E","?","E","R","B","B",null,"R","$","E","B",null],"character_chosen":"THE_SILENT","items_purchased":["Toxic Egg 2","Calculated Gamble+1","OrangePellets","Caltrops"],"campfire_rested":2,"item_purchase_floors":[29,31,54,54],"current_hp_per_floor":[44,44,37,37,37,37,32,32,32,32,32,14,14,13,13,8,52,52,52,52,52,52,52,41,41,41,41,41,41,41,41,41,41,60,60,60,60,60,60,60,60,60,60,60,60,60,60,60,60,60,60,60,60,60,60,60],"gold":117,"neow_bonus":"TRANSFORM_TWO_CARDS","is_prod":false,"is_daily":false,"chose_seed":false,"campfire_upgraded":5,"win_rate":0,"timestamp":1568351005,"path_taken":["M","M","?","M","$","R","M","R","T","R","?","E","M","?","R","BOSS","M","?","?","?","?","E","?","E","T","E","?","$","?","$","R","BOSS","M","M","M","?","?","E","R","E","T","E","?","E","?","E","R","BOSS","BOSS","R","$","E","BOSS"],"build_version":"2019-09-11v2","purchased_purges":3,"victory":true,"max_hp_per_floor":[66,66,66,66,66,66,66,66,66,66,66,66,66,66,66,66,66,66,66,66,66,66,66,66,66,66,66,66,66,66,66,66,66,66,66,66,66,66,66,73,73,73,73,73,73,73,69,69,69,69,69,69,69,69,69,69],"card_choices":[{"not_picked":["Cloak And Dagger","Leg Sweep","Underhanded Strike"],"picked":"SKIP","floor":1.0},{"not_picked":["Acrobatics","Outmaneuver"],"picked":"Tactician","floor":2.0},{"not_picked":["Cloak And Dagger","Blade Dance"],"picked":"PiercingWail","floor":4.0},{"not_picked":["Doppelganger","Bane"],"picked":"Acrobatics","floor":7.0},{"not_picked":["Slice","Finisher","Leg Sweep"],"picked":"SKIP","floor":12.0},{"not_picked":["Dagger Throw","Endless Agony"],"picked":"Blade Dance","floor":13.0},{"not_picked":["Dodge and Roll","Skewer","Deflect"],"picked":"SKIP","floor":14.0},{"not_picked":["Dagger Throw","Backflip"],"picked":"Reflex","floor":18.0},{"not_picked":["Blade Dance","Heel Hook","Quick Slash"],"picked":"SKIP","floor":19.0},{"not_picked":["Cloak And Dagger","Envenom","Dash"],"picked":"SKIP","floor":23},{"not_picked":["Quick Slash","Riddle With Holes","Poisoned Stab"],"picked":"SKIP","floor":24},{"not_picked":["Corpse Explosion","Bane"],"picked":"Flechettes","floor":25},{"not_picked":["Choke","Blur","Noxious Fumes"],"picked":"SKIP","floor":27},{"not_picked":["Riddle With Holes+1","Skewer"],"picked":"Prepared+1","floor":30},{"not_picked":["Deadly Poison+1","Poisoned Stab+1"],"picked":"Terror+1","floor":35},{"not_picked":["Crippling Poison+1","Terror+1","Dagger Throw"],"picked":"SKIP","floor":36},{"not_picked":["Blade Dance+1","Prepared+1","Dagger Throw+1"],"picked":"SKIP","floor":37},{"not_picked":["Flying Knee+1","Leg Sweep+1","Flechettes+1"],"picked":"SKIP","floor":40},{"not_picked":["Sucker Punch+1","PiercingWail+1","Outmaneuver+1"],"picked":"SKIP","floor":42},{"not_picked":["Poisoned Stab","Die Die Die","Blur+1"],"picked":"SKIP","floor":44},{"not_picked":["Masterful Stab+1","Bane","Backstab"],"picked":"SKIP","floor":45},{"not_picked":["Cloak And Dagger+1","Dash+1","Dagger Throw"],"picked":"SKIP","floor":46},{"not_picked":["Sucker Punch","After Image","Backflip+1"],"picked":"SKIP","floor":48},{"not_picked":["PiercingWail+1","Flying Knee","Tools of the Trade"],"picked":"SKIP","floor":55}],"player_experience":1086256,"relics_obtained":[{"floor":9.0,"key":"Happy Flower"},{"floor":12.0,"key":"Smiling Mask"},{"floor":22.0,"key":"Tough Bandages"},{"floor":23,"key":"Paper Crane"},{"floor":25,"key":"Lantern"},{"floor":26,"key":"Anchor"},{"floor":27,"key":"Boot"},{"floor":40,"key":"Strawberry"},{"floor":42,"key":"Tingsha"},{"floor":44,"key":"White Beast Statue"},{"floor":46,"key":"Dodecahedron"},{"floor":48,"key":"Ice Cream"},{"floor":55,"key":"War Paint"}],"event_choices":[{"cards_removed":["Strike_G"],"damage_healed":0.0,"max_hp_gain":0.0,"max_hp_loss":0.0,"gold_gain":0.0,"event_name":"Golden Wing","player_choice":"Card Removal","floor":3.0,"gold_loss":0.0,"damage_taken":7.0},{"damage_healed":0.0,"max_hp_gain":0.0,"max_hp_loss":0.0,"gold_gain":0.0,"event_name":"Upgrade Shrine","player_choice":"Upgraded","floor":11.0,"gold_loss":0.0,"damage_taken":0.0,"cards_upgraded":["Acrobatics"]},{"damage_healed":0.0,"max_hp_gain":0.0,"max_hp_loss":0.0,"gold_gain":50.0,"event_name":"Nest","player_choice":"Stole From Cult","floor":20.0,"gold_loss":0.0,"damage_taken":0.0},{"damage_healed":0.0,"max_hp_gain":0.0,"max_hp_loss":0.0,"gold_gain":0.0,"event_name":"The Mausoleum","player_choice":"Ignored","floor":21.0,"gold_loss":0.0,"damage_taken":0.0},{"cards_removed":["Finisher"],"damage_healed":0,"gold_gain":0,"player_choice":"Single Remove","damage_taken":0,"max_hp_gain":0,"max_hp_loss":0,"event_name":"Designer","floor":28,"gold_loss":75},{"damage_healed":0,"gold_gain":0,"player_choice":"Memory 1","damage_taken":0,"max_hp_gain":0,"max_hp_loss":0,"event_name":"SensoryStone","floor":38,"gold_loss":0},{"damage_healed":0,"gold_gain":0,"player_choice":"Upgrade","damage_taken":0,"relics_obtained":["Mark of the Bloom"],"max_hp_gain":0,"max_hp_loss":0,"event_name":"MindBloom","floor":39,"gold_loss":0,"cards_upgraded":["Survivor","Neutralize","PiercingWail","Flechettes"]},{"damage_healed":0,"gold_gain":0,"player_choice":"Max HP","damage_taken":0,"max_hp_gain":0,"max_hp_loss":4,"event_name":"Winding Halls","floor":47,"gold_loss":0}],"is_beta":true,"boss_relics":[{"not_picked":["Snecko Eye","WristBlade"],"picked":"Pandora\u0027s Box"},{"not_picked":["Runic Dome","Tiny House"],"picked":"HoveringKite"}],"items_purged_floors":[5,31,54],"is_endless":false,"potions_floor_spawned":[2,14,16,18,24,27,33,36,37,40,45,46,48,55],"ascension_level":20}