{"gold_per_floor":[110,110,110,123,135,162,162,173,173,98,13,13,13,27,27,27],"floor_reached":16,"playtime":275,"items_purged":[],"score":200,"play_id":"5c0c6d94-9aff-41a4-9d26-822d9bcd8ebc","local_time":"20190814043854","is_ascension_mode":true,"campfire_choices":[{"data":"Flechettes","floor":7.0,"key":"SMITH"},{"data":"Calculated Gamble","floor":12.0,"key":"SMITH"},{"data":"Tactician","floor":15.0,"key":"SMITH"}],"neow_cost":"NONE","seed_source_timestamp":661629598569926,"circlet_count":0,"master_deck":["AscendersBane","Strike_G","Strike_G","Defend_G","Defend_G","Defend_G","Defend_G","Defend_G","Survivor","Neutralize","Flechettes+1","PiercingWail","Predator","Noxious Fumes","Calculated Gamble+1","Adrenaline","Tactician+1"],"special_seed":0,"relics":["Ring of the Snake","NeowsBlessing","Lantern","Gremlin Horn"],"potions_floor_usage":[],"damage_taken":[{"damage":0.0,"enemies":"Cultist","floor":1.0,"turns":1.0},{"damage":0.0,"enemies":"2 Louse","floor":4.0,"turns":1.0},{"damage":0.0,"enemies":"Jaw Worm","floor":5.0,"turns":1.0},{"damage":15.0,"enemies":"Lagavulin","floor":6.0,"turns":7.0},{"damage":6.0,"enemies":"Lots of Slimes","floor":8.0,"turns":5.0},{"damage":0.0,"enemies":"Exordium Thugs","floor":14.0,"turns":3.0},{"damage":14,"enemies":"Hexaghost","floor":16,"turns":6}],"seed_played":"-2441708324711771261","potions_obtained":[{"floor":4.0,"key":"SteroidPotion"},{"floor":5.0,"key":"FearPotion"},{"floor":8.0,"key":"SpeedPotion"}],"is_trial":false,"path_per_floor":["M","?","?","M","M","E","R","M","T","?","$","R","$","M","R","B"],"character_chosen":"THE_SILENT","items_purchased":["Tactician"],"campfire_rested":0,"item_purchase_floors":[11],"current_hp_per_floor":[59,52,52,52,52,37,37,31,31,31,31,31,31,31,31,17],"gold":27,"neow_bonus":"THREE_ENEMY_KILL","is_prod":false,"is_daily":false,"chose_seed":false,"campfire_upgraded":3,"win_rate":0,"timestamp":1565725134,"path_taken":["M","?","?","?","M","E","R","M","T","?","$","R","?","M","R","BOSS"],"build_version":"2019-07-17","purchased_purges":0,"victory":false,"max_hp_per_floor":[66,66,66,66,66,66,66,66,66,66,66,66,66,66,66,66],"card_choices":[{"not_picked":["Acrobatics","Catalyst"],"picked":"Flechettes","floor":1.0},{"not_picked":["Skewer","Prepared"],"picked":"Predator","floor":4.0},{"not_picked":["Predator","Dodge and Roll","Noxious Fumes"],"picked":"SKIP","floor":5.0},{"not_picked":["Predator","Dodge and Roll"],"picked":"Noxious Fumes","floor":5.0},{"not_picked":["Cloak And Dagger","Acrobatics"],"picked":"Calculated Gamble","floor":6.0},{"not_picked":["Underhanded Strike","Heel Hook"],"picked":"Adrenaline","floor":8.0},{"not_picked":["Cloak And Dagger","Slice","Prepared"],"picked":"SKIP","floor":14.0}],"player_experience":888228,"relics_obtained":[{"floor":6.0,"key":"Lantern"},{"floor":9.0,"key":"Gremlin Horn"}],"event_choices":[{"cards_removed":["Strike_G"],"damage_healed":0.0,"max_hp_gain":0.0,"max_hp_loss":0.0,"gold_gain":0.0,"event_name":"Golden Wing","player_choice":"Card Removal","floor":2.0,"gold_loss":0.0,"damage_taken":7.0},{"damage_healed":0.0,"max_hp_gain":0.0,"max_hp_loss":0.0,"gold_gain":0.0,"cards_transformed":["Strike_G"],"event_name":"Transmorgrifier","player_choice":"Transformed","floor":3.0,"gold_loss":0.0,"damage_taken":0.0,"cards_obtained":["PiercingWail"]},{"cards_removed":["Strike_G"],"damage_healed":0.0,"max_hp_gain":0.0,"max_hp_loss":0.0,"gold_gain":0.0,"event_name":"The Cleric","player_choice":"Card Removal","floor":10.0,"gold_loss":75.0,"damage_taken":0.0}],"is_beta":false,"boss_relics":[],"items_purged_floors":[],"is_endless":false,"potions_floor_spawned":[4,5,8],"killed_by":"Hexaghost","ascension_level":20}