{"gold_per_floor":[112,112,123,134,152,152,163,192,192,192,99,111,126,139,139,242,242,258,271,24,24,44,44,44,44,44,44,44,44,79,95,95,95],"floor_reached":33,"playtime":3123,"items_purged":[],"score":294,"play_id":"e0cc9417-23c9-46ec-bd2a-e7adf9f959fb","local_time":"20190804224938","is_ascension_mode":false,"campfire_choices":[{"data":"Armaments","floor":6.0,"key":"SMITH"},{"floor":10.0,"key":"REST"},{"data":"Reaper","floor":15,"key":"SMITH"},{"floor":23,"key":"REST"},{"floor":29,"key":"REST"},{"floor":32,"key":"REST"}],"neow_cost":"NONE","seed_source_timestamp":0,"circlet_count":0,"master_deck":["Strike_R+1","Strike_R+1","Strike_R+1","Strike_R+1","Strike_R+1","Defend_R+1","Defend_R+1","Defend_R+1","Defend_R+1","Bash","Intimidate","Anger","Pommel Strike","Armaments+1","Barricade","Metallicize","Flex","Iron Wave","Headbutt","Reaper+1","Ghostly Armor","Reaper","Perfected Strike","Armaments","Fire Breathing+1","Entrench+1","Thunderclap+1","Twin Strike","Shockwave","Carnage"],"special_seed":0,"relics":["Burning Blood","Dream Catcher","Red Skull","White Beast Statue","Strawberry","Paper Frog","Oddly Smooth Stone"],"potions_floor_usage":[16,16,18,19,20,22,30,33],"damage_taken":[{"damage":6.0,"enemies":"Cultist","floor":1.0,"turns":3.0},{"damage":13.0,"enemies":"Jaw Worm","floor":3.0,"turns":4.0},{"damage":8.0,"enemies":"2 Louse","floor":4.0,"turns":2.0},{"damage":0.0,"enemies":"Large Slime","floor":5.0,"turns":3.0},{"damage":0.0,"enemies":"2 Fungi Beasts","floor":7.0,"turns":3.0},{"damage":26.0,"enemies":"Gremlin Nob","floor":8.0,"turns":5.0},{"damage":4.0,"enemies":"Blue Slaver","floor":12.0,"turns":4.0},{"damage":12.0,"enemies":"Gremlin Gang","floor":13.0,"turns":6.0},{"damage":15,"enemies":"Exordium Thugs","floor":14,"turns":6},{"damage":32,"enemies":"The Guardian","floor":16,"turns":9},{"damage":32,"enemies":"Spheric Guardian","floor":18,"turns":9},{"damage":58,"enemies":"3 Byrds","floor":19,"turns":8},{"damage":16,"enemies":"Cultist and Chosen","floor":22,"turns":6},{"damage":91,"enemies":"Slavers","floor":30,"turns":7},{"damage":27,"enemies":"3 Cultists","floor":31,"turns":7},{"damage":106,"enemies":"Automaton","floor":33,"turns":10}],"seed_played":"-6892774270380143077","potions_obtained":[{"floor":4.0,"key":"SteroidPotion"},{"floor":5.0,"key":"Dexterity Potion"},{"floor":8.0,"key":"Energy Potion"},{"floor":14,"key":"PowerPotion"},{"floor":18,"key":"Energy Potion"},{"floor":19,"key":"LiquidBronze"},{"floor":22,"key":"SkillPotion"},{"floor":30,"key":"Poison Potion"},{"floor":31,"key":"Ancient Potion"}],"is_trial":false,"path_per_floor":["M","?","M","M","M","R","M","E","T","R","$","M","M","M","R","B",null,"M","M","$","?","M","R","?","?","T","$","?","R","E","M","R","B"],"character_chosen":"IRONCLAD","items_purchased":["Iron Wave","Headbutt","Strawberry","Fruit Juice"],"campfire_rested":4,"item_purchase_floors":[11,11,20,20],"current_hp_per_floor":[88,88,81,79,85,85,88,68,68,88,88,88,82,78,78,57,88,62,28,40,40,37,67,47,47,47,47,82,105,51,56,87,0],"gold":95,"neow_bonus":"TEN_PERCENT_HP_BONUS","is_prod":false,"is_daily":false,"chose_seed":false,"campfire_upgraded":2,"win_rate":0.0,"timestamp":1564984178,"path_taken":["M","?","M","M","M","R","M","E","T","R","?","M","M","M","R","BOSS","M","M","$","?","M","R","?","?","T","$","?","R","E","M","R","BOSS"],"build_version":"2019-07-17","purchased_purges":0,"victory":false,"max_hp_per_floor":[88,88,88,88,88,88,88,88,88,88,88,88,88,88,88,88,88,88,88,100,100,100,100,105,105,105,105,105,105,105,105,105,105],"card_choices":[{"not_picked":["Twin Strike","Flex"],"picked":"Intimidate","floor":1.0},{"not_picked":["Iron Wave","Spot Weakness"],"picked":"Anger","floor":3.0},{"not_picked":["Thunderclap","Hemokinesis"],"picked":"Pommel Strike","floor":4.0},{"not_picked":["Reckless Charge","Sword Boomerang"],"picked":"Armaments","floor":5.0},{"not_picked":["Wild Strike","Clash"],"picked":"Barricade","floor":7.0},{"not_picked":["Second Wind","Seeing Red"],"picked":"Metallicize","floor":8.0},{"not_picked":["Infernal Blade","Clothesline"],"picked":"Flex","floor":10.0},{"not_picked":["True Grit","Clash","Havoc"],"picked":"SKIP","floor":12.0},{"not_picked":["Clothesline","Pommel Strike"],"picked":"Reaper","floor":13},{"not_picked":["Sword Boomerang","Havoc"],"picked":"Ghostly Armor","floor":14},{"not_picked":["Exhume","Juggernaut"],"picked":"Reaper","floor":16},{"not_picked":["Body Slam","Warcry"],"picked":"Perfected Strike","floor":18},{"not_picked":["Headbutt","Blood for Blood"],"picked":"Armaments","floor":19},{"not_picked":["Rampage","Feel No Pain+1"],"picked":"Fire Breathing+1","floor":22},{"not_picked":["Combust","Sentinel"],"picked":"Entrench+1","floor":23},{"not_picked":["Feel No Pain+1","Warcry"],"picked":"Thunderclap+1","floor":29},{"not_picked":["True Grit","Headbutt"],"picked":"Twin Strike","floor":30},{"not_picked":["Limit Break","Clash"],"picked":"Shockwave","floor":31},{"not_picked":["Havoc","Second Wind"],"picked":"Carnage","floor":32}],"player_experience":319093,"relics_obtained":[{"floor":8.0,"key":"Dream Catcher"},{"floor":9.0,"key":"Red Skull"},{"floor":26,"key":"Paper Frog"},{"floor":30,"key":"Oddly Smooth Stone"}],"event_choices":[{"damage_healed":0.0,"max_hp_gain":0.0,"max_hp_loss":0.0,"gold_gain":0.0,"event_name":"Liars Game","player_choice":"Ignored","floor":2.0,"gold_loss":0.0,"damage_taken":0.0},{"damage_healed":0,"gold_gain":0,"player_choice":"Simplicity","damage_taken":0,"max_hp_gain":0,"max_hp_loss":0,"event_name":"Back to Basics","floor":21,"gold_loss":0,"cards_upgraded":["Strike_R","Strike_R","Strike_R","Strike_R","Strike_R","Defend_R","Defend_R","Defend_R","Defend_R"]},{"damage_healed":0,"gold_gain":0,"player_choice":"Shed Blood","damage_taken":25,"max_hp_gain":5,"max_hp_loss":0,"event_name":"Forgotten Altar","floor":24,"gold_loss":0},{"damage_healed":0,"gold_gain":0,"player_choice":"Ignored","damage_taken":0,"max_hp_gain":0,"max_hp_loss":0,"event_name":"Ghosts","floor":25,"gold_loss":0},{"damage_healed":35,"gold_gain":0,"player_choice":"Heal","damage_taken":0,"max_hp_gain":0,"max_hp_loss":0,"event_name":"The Library","floor":28,"gold_loss":0}],"is_beta":false,"boss_relics":[{"not_picked":["Calling Bell","Runic Dome"],"picked":"White Beast Statue"}],"items_purged_floors":[],"is_endless":false,"potions_floor_spawned":[4,5,8,14,18,19,22,30,31],"killed_by":"Automaton","ascension_level":0}