{"gold_per_floor":[113,113,113,113,124,150,162,162,162,162,6,24,56,73,73,145,145,164,182,193,204,14,14,41,41,68,68,83,108,208,208,208,279,279,292,292,167,181,31,56,56,75,98,110,60,71,71,106,106,106,106,106,106,2,27,27],"floor_reached":57,"playtime":3697,"items_purged":["Strike_G","Strike_G","Defend_G","Defend_G","Decay","Bouncing Flask+1"],"score":3420,"play_id":"b15a5954-628b-44fd-a17c-07128d9fa0b8","local_time":"20190419180731","is_ascension_mode":true,"campfire_choices":[{"data":"Bouncing Flask","floor":8.0,"key":"SMITH"},{"data":"Prepared","floor":10.0,"key":"SMITH"},{"data":"Well Laid Plans","floor":15.0,"key":"SMITH"},{"data":"Grand Finale","floor":23.0,"key":"SMITH"},{"floor":25.0,"key":"RECALL"},{"data":"Neutralize","floor":27.0,"key":"SMITH"},{"data":"Survivor","floor":32.0,"key":"SMITH"},{"data":"Defend_G","floor":47.0,"key":"SMITH"},{"data":"Defend_G","floor":49.0,"key":"SMITH"}],"neow_cost":"NONE","seed_source_timestamp":101091891786771,"circlet_count":0,"master_deck":["AscendersBane","Defend_G+1","Defend_G+1","Defend_G+1","Survivor+1","Neutralize+1","Calculated Gamble+1","Prepared+1","Well Laid Plans+1","PiercingWail+1","Grand Finale+1","Tactician+1","Deep Breath+1","Escape Plan+1","Backflip+1","Acrobatics+1","Reflex+1","After Image"],"special_seed":0,"relics":["Ring of the Snake","NeowsBlessing","Question Card","Toxic Egg 2","Bird Faced Urn","Empty Cage","Snake Skull","Dream Catcher","The Specimen","Coffee Dripper","Lantern","Smiling Mask","Incense Burner","Oddly Smooth Stone"],"potions_floor_usage":[51,56,56],"damage_taken":[{"damage":0.0,"enemies":"Small Slimes","floor":1.0,"turns":1.0},{"damage":0.0,"enemies":"2 Louse","floor":5.0,"turns":1.0},{"damage":0.0,"enemies":"Gremlin Nob","floor":6.0,"turns":1.0},{"damage":0.0,"enemies":"Jaw Worm","floor":7.0,"turns":6.0},{"damage":1.0,"enemies":"Blue Slaver","floor":12.0,"turns":3.0},{"damage":12.0,"enemies":"3 Sentries","floor":13.0,"turns":9.0},{"damage":4.0,"enemies":"Lots of Slimes","floor":14.0,"turns":6.0},{"damage":0.0,"enemies":"Hexaghost","floor":16.0,"turns":8.0},{"damage":0.0,"enemies":"3 Byrds","floor":18.0,"turns":3.0},{"damage":22.0,"enemies":"Chosen","floor":19.0,"turns":5.0},{"damage":15.0,"enemies":"Shelled Parasite and Fungi","floor":20.0,"turns":6.0},{"damage":7.0,"enemies":"3 Cultists","floor":21.0,"turns":4.0},{"damage":21.0,"enemies":"Book of Stabbing","floor":24.0,"turns":5.0},{"damage":0.0,"enemies":"Sentry and Sphere","floor":28.0,"turns":5.0},{"damage":0.0,"enemies":"Gremlin Leader","floor":29.0,"turns":3.0},{"damage":0.0,"enemies":"Colosseum Slavers","floor":30.0,"turns":3.0},{"damage":3.0,"enemies":"Colosseum Nobs","floor":30.0,"turns":3.0},{"damage":0.0,"enemies":"Automaton","floor":33.0,"turns":2.0},{"damage":0.0,"enemies":"3 Shapes","floor":35.0,"turns":2.0},{"damage":2.0,"enemies":"3 Darklings","floor":38.0,"turns":2.0},{"damage":0.0,"enemies":"Nemesis","floor":40.0,"turns":3.0},{"damage":0.0,"enemies":"Jaw Worm Horde","floor":42.0,"turns":3.0},{"damage":0.0,"enemies":"Maw","floor":44.0,"turns":1.0},{"damage":0.0,"enemies":"4 Shapes","floor":46.0,"turns":1.0},{"damage":0.0,"enemies":"Reptomancer","floor":48.0,"turns":1.0},{"damage":0.0,"enemies":"Awakened One","floor":50.0,"turns":2.0},{"damage":24,"enemies":"Time Eater","floor":51,"turns":9},{"damage":0,"enemies":"Shield and Spear","floor":55,"turns":1},{"damage":38,"enemies":"The Heart","floor":56,"turns":5}],"seed_played":"-6564634686380789996","potions_obtained":[{"floor":1.0,"key":"Poison Potion"},{"floor":12.0,"key":"Dexterity Potion"},{"floor":14.0,"key":"PowerPotion"},{"floor":16.0,"key":"GhostInAJar"},{"floor":19.0,"key":"FearPotion"},{"floor":20.0,"key":"Energy Potion"},{"floor":38.0,"key":"LiquidBronze"},{"floor":44.0,"key":"Block Potion"},{"floor":55,"key":"LiquidBronze"}],"is_trial":false,"path_per_floor":["M","?","?","?","M","E","M","R","T","R","$","M","E","M","R","B",null,"M","M","M","M","$","R","E","R","T","R","M","E","?","?","R","B",null,"M","?","$","M","$","E","?","M","T","M","$","M","R","E","R","B","B",null,"R","$","E","B",null],"character_chosen":"THE_SILENT","items_purchased":["Well Laid Plans","Deep Breath+1","SpeedPotion"],"campfire_rested":0,"item_purchase_floors":[11,22,54],"current_hp_per_floor":[59,64,57,36,36,36,36,36,36,36,36,35,23,21,21,25,60,62,42,29,24,24,24,5,5,5,5,7,9,10,10,10,12,56,58,58,58,58,58,60,60,62,62,64,64,66,66,68,68,70,47,65,65,65,67,33],"gold":27,"neow_bonus":"THREE_ENEMY_KILL","is_prod":false,"is_daily":false,"chose_seed":true,"campfire_upgraded":8,"win_rate":0,"timestamp":1555668451,"path_taken":["M","?","?","?","M","E","M","R","T","R","?","M","E","?","R","BOSS","M","M","?","M","$","R","E","R","T","R","M","E","?","?","R","BOSS","M","?","$","M","?","E","?","M","T","M","?","M","R","E","R","BOSS","BOSS","R","$","E","BOSS"],"build_version":"2019-04-04","purchased_purges":6,"victory":true,"max_hp_per_floor":[66,71,71,71,71,71,71,71,71,71,71,71,71,71,71,71,71,71,71,71,71,71,71,71,71,71,71,71,71,71,71,71,71,71,71,71,71,71,71,71,71,71,71,71,71,71,71,71,71,71,71,71,71,71,71,71],"card_choices":[{"not_picked":["Escape Plan","Deflect"],"picked":"Calculated Gamble","floor":1.0},{"not_picked":["Infinite Blades","Dagger Throw"],"picked":"Prepared","floor":5.0},{"not_picked":["Flying Knee","Dagger Spray","Distraction"],"picked":"SKIP","floor":6.0},{"not_picked":["Eviscerate","Footwork","Deflect"],"picked":"Bouncing Flask","floor":7.0},{"not_picked":["Deflect+1","Sucker Punch","Dodge and Roll+1"],"picked":"PiercingWail+1","floor":12.0},{"not_picked":["Dash","Flying Knee","Heel Hook","Underhanded Strike"],"picked":"SKIP","floor":13.0},{"not_picked":["Dash","Flying Knee","Heel Hook","Underhanded Strike"],"picked":"SKIP","floor":13.0},{"not_picked":["Quick Slash","Expertise+1","Leg Sweep+1","Accuracy"],"picked":"SKIP","floor":14.0},{"not_picked":["A Thousand Cuts","Malaise+1","After Image"],"picked":"Grand Finale","floor":16.0},{"not_picked":["Dash","Expertise+1","Prepared+1"],"picked":"Tactician+1","floor":18.0},{"not_picked":["Bouncing Flask+1","Poisoned Stab","Deflect+1","Blade Dance+1"],"picked":"SKIP","floor":19.0},{"not_picked":["Infinite Blades","Deflect+1","Setup+1","Catalyst+1"],"picked":"SKIP","floor":20.0},{"not_picked":["PiercingWail+1","Calculated Gamble+1","Cloak And Dagger+1","Wraith Form v2"],"picked":"SKIP","floor":21.0},{"not_picked":["Flying Knee","Leg Sweep+1","Crippling Poison+1"],"picked":"Escape Plan+1","floor":24.0},{"not_picked":["Outmaneuver+1","PiercingWail+1","Noxious Fumes","Quick Slash"],"picked":"SKIP","floor":28.0},{"not_picked":["Dagger Throw+1","Deflect+1","Blade Dance+1","Well Laid Plans"],"picked":"SKIP","floor":29.0},{"not_picked":["Dodge and Roll+1","Quick Slash","Predator"],"picked":"Backflip+1","floor":30.0},{"not_picked":["Dagger Spray+1","Quick Slash+1","Sucker Punch","Tactician+1"],"picked":"SKIP","floor":35.0},{"not_picked":["Dagger Spray","Backflip+1","Dodge and Roll+1","Expertise+1"],"picked":"SKIP","floor":38.0},{"not_picked":["Flying Knee","Poisoned Stab+1","Calculated Gamble+1","Dagger Throw"],"picked":"SKIP","floor":40.0},{"not_picked":["Bane+1","Sucker Punch","Escape Plan+1"],"picked":"Reflex+1","floor":42.0},{"not_picked":["Sucker Punch","Backflip+1","Quick Slash+1","Outmaneuver+1"],"picked":"SKIP","floor":44.0},{"not_picked":["Underhanded Strike+1","A Thousand Cuts","Sucker Punch+1","Crippling Poison+1"],"picked":"SKIP","floor":46.0},{"not_picked":["Underhanded Strike","Cloak And Dagger+1","Prepared+1","Concentrate+1"],"picked":"SKIP","floor":48.0},{"not_picked":["PiercingWail+1","Tools of the Trade","Quick Slash"],"picked":"After Image","floor":55}],"player_experience":3028032,"relics_obtained":[{"floor":6.0,"key":"Question Card"},{"floor":9.0,"key":"Toxic Egg 2"},{"floor":13.0,"key":"Bird Faced Urn"},{"floor":24.0,"key":"Snake Skull"},{"floor":29.0,"key":"Dream Catcher"},{"floor":30.0,"key":"The Specimen"},{"floor":40.0,"key":"Lantern"},{"floor":43.0,"key":"Smiling Mask"},{"floor":48.0,"key":"Incense Burner"},{"floor":55,"key":"Oddly Smooth Stone"}],"event_choices":[{"damage_healed":0.0,"max_hp_gain":5.0,"max_hp_loss":0.0,"gold_gain":0.0,"event_name":"Big Fish","player_choice":"Donut","floor":2.0,"gold_loss":0.0,"damage_taken":0.0},{"cards_removed":["Strike_G"],"damage_healed":0.0,"max_hp_gain":0.0,"max_hp_loss":0.0,"gold_gain":0.0,"event_name":"Golden Wing","player_choice":"Card Removal","floor":3.0,"gold_loss":0.0,"damage_taken":7.0},{"damage_healed":0.0,"max_hp_gain":0.0,"max_hp_loss":0.0,"gold_gain":0.0,"event_name":"Shining Light","player_choice":"Entered Light","floor":4.0,"gold_loss":0.0,"damage_taken":21.0,"cards_upgraded":["Calculated Gamble","Defend_G"]},{"damage_healed":0.0,"max_hp_gain":0.0,"max_hp_loss":0.0,"gold_gain":0.0,"event_name":"Colosseum","player_choice":"Fight","floor":30.0,"gold_loss":0.0,"damage_taken":0.0},{"damage_healed":0.0,"max_hp_gain":0.0,"max_hp_loss":0.0,"gold_gain":0.0,"event_name":"Colosseum","player_choice":"Fought Nobs","floor":30.0,"gold_loss":0.0,"damage_taken":0.0},{"damage_healed":0.0,"max_hp_gain":0.0,"max_hp_loss":0.0,"gold_gain":0.0,"event_name":"The Library","player_choice":"Read","floor":31.0,"gold_loss":0.0,"damage_taken":0.0,"cards_obtained":["Acrobatics"]},{"damage_healed":0.0,"max_hp_gain":0.0,"max_hp_loss":0.0,"gold_gain":0.0,"event_name":"Wheel of Change","player_choice":"Cursed","floor":36.0,"gold_loss":0.0,"damage_taken":0.0,"cards_obtained":["Decay"]},{"damage_healed":0.0,"max_hp_gain":0.0,"max_hp_loss":0.0,"gold_gain":0.0,"event_name":"Tomb of Lord Red Mask","player_choice":"Ignored","floor":41.0,"gold_loss":0.0,"damage_taken":0.0}],"is_beta":true,"boss_relics":[{"not_picked":["White Beast Statue","Eternal Feather"],"picked":"Empty Cage"},{"not_picked":["Busted Crown","Runic Pyramid"],"picked":"Coffee Dripper"}],"items_purged_floors":[11,22,37,39,45,54],"is_endless":false,"potions_floor_spawned":[1,12,14,16,19,20,30,38,40,44,46,55],"ascension_level":20}