{"gold_per_floor":[111,121,121,7,7,40,40,40,40,40,40,59,90,40,40,113,113,130,130,180,191,22,22,22],"floor_reached":24,"playtime":755,"items_purged":["Strike_P","Strike_P"],"score":450,"play_id":"06192693-e06c-4671-9bfa-0f10d394660a","local_time":"20190919121346","is_ascension_mode":true,"campfire_choices":[{"data":"Eruption","floor":7.0,"key":"SMITH"},{"data":"FlowState","floor":11.0,"key":"SMITH"},{"data":"MentalFortress","floor":15.0,"key":"SMITH"},{"data":"SandsOfTime","floor":23.0,"key":"SMITH"}],"neow_cost":"NONE","seed_source_timestamp":3022032650799100,"circlet_count":0,"master_deck":["AscendersBane","Strike_P+1","Defend_P+1","Defend_P","Eruption+1","Vigilance","FearNoEvil","MentalFortress+1","FlowState+1","SandsOfTime+1","Sanctity"],"special_seed":0,"relics":["PureWater","NeowsBlessing","Yang","Sundial","Smiling Mask","Empty Cage","Nilry\u0027s Codex","Medical Kit"],"potions_floor_usage":[24],"damage_taken":[{"damage":0.0,"enemies":"2 Louse","floor":1.0,"turns":1.0},{"damage":0.0,"enemies":"Small Slimes","floor":2.0,"turns":1.0},{"damage":0.0,"enemies":"3 Sentries","floor":6.0,"turns":2.0},{"damage":1.0,"enemies":"Cultist","floor":12.0,"turns":4.0},{"damage":5.0,"enemies":"Lagavulin","floor":13.0,"turns":5.0},{"damage":33.0,"enemies":"The Guardian","floor":16.0,"turns":12.0},{"damage":10.0,"enemies":"3 Byrds","floor":18.0,"turns":5.0},{"damage":0.0,"enemies":"2 Thieves","floor":21.0,"turns":3.0},{"damage":18,"enemies":"Slavers","floor":24,"turns":2}],"seed_played":"-7622780944814728690","potions_obtained":[{"floor":6.0,"key":"SkillPotion"},{"floor":10.0,"key":"EssenceOfSteel"},{"floor":13.0,"key":"Block Potion"},{"floor":16.0,"key":"AttackPotion"},{"floor":18.0,"key":"Swift Potion"},{"floor":21.0,"key":"SpeedPotion"}],"is_trial":false,"path_per_floor":["M","M","?","$","?","E","R","?","T","?","R","M","E","$","R","B",null,"M","?","?","M","$","R","E"],"character_chosen":"WATCHER","items_purchased":["MentalFortress","Medical Kit"],"campfire_rested":0,"item_purchase_floors":[4,22],"current_hp_per_floor":[55,55,37,37,57,57,57,50,50,50,50,49,44,44,44,11,49,39,18,18,18,18,18,0],"gold":22,"neow_bonus":"THREE_ENEMY_KILL","is_prod":false,"is_daily":false,"chose_seed":false,"campfire_upgraded":4,"win_rate":0,"timestamp":1568866426,"path_taken":["M","M","?","$","?","E","R","?","T","?","R","M","E","$","R","BOSS","M","?","?","M","$","R","E"],"build_version":"2019-09-18","purchased_purges":2,"victory":false,"max_hp_per_floor":[61,61,61,61,61,61,61,61,61,61,61,61,61,61,61,61,61,61,61,61,61,61,61,61],"card_choices":[{"not_picked":["FollowUp","CarveReality","Weave"],"picked":"SKIP","floor":1.0},{"not_picked":["Worship","FlyingSleeves"],"picked":"FearNoEvil","floor":2.0},{"not_picked":["FlyingSleeves","Collect"],"picked":"FlowState","floor":6.0},{"not_picked":["CrushJoints","ReachHeaven"],"picked":"SandsOfTime","floor":12.0},{"not_picked":["SashWhip","JustLucky","BowlingBash"],"picked":"SKIP","floor":13.0},{"not_picked":["Weave+1","CrushJoints+1"],"picked":"Sanctity","floor":18.0},{"not_picked":["FlyingSleeves","FollowUp+1","CrushJoints"],"picked":"SKIP","floor":21.0}],"player_experience":3315946,"relics_obtained":[{"floor":6.0,"key":"Yang"},{"floor":9.0,"key":"Sundial"},{"floor":13.0,"key":"Smiling Mask"},{"floor":19.0,"key":"Nilry\u0027s Codex"}],"event_choices":[{"damage_healed":0.0,"max_hp_gain":0.0,"max_hp_loss":0.0,"gold_gain":0.0,"event_name":"Shining Light","player_choice":"Entered Light","floor":3.0,"gold_loss":0.0,"damage_taken":18.0,"cards_upgraded":["Strike_P","Defend_P"]},{"damage_healed":20.0,"max_hp_gain":0.0,"max_hp_loss":0.0,"gold_gain":0.0,"event_name":"Big Fish","player_choice":"Banana","floor":5.0,"gold_loss":0.0,"damage_taken":0.0},{"cards_removed":["Defend_P"],"damage_healed":0.0,"max_hp_gain":0.0,"max_hp_loss":0.0,"gold_gain":0.0,"event_name":"Golden Wing","player_choice":"Card Removal","floor":8.0,"gold_loss":0.0,"damage_taken":7.0},{"damage_healed":0.0,"max_hp_gain":0.0,"max_hp_loss":0.0,"gold_gain":0.0,"event_name":"Lab","player_choice":"Got Potions","floor":10.0,"gold_loss":0.0,"damage_taken":0.0},{"damage_healed":0.0,"max_hp_gain":0.0,"max_hp_loss":0.0,"gold_gain":0.0,"event_name":"Cursed Tome","player_choice":"Obtained Book","floor":19.0,"gold_loss":0.0,"damage_taken":21.0},{"damage_healed":0.0,"max_hp_gain":0.0,"max_hp_loss":0.0,"gold_gain":50.0,"event_name":"Nest","player_choice":"Stole From Cult","floor":20.0,"gold_loss":0.0,"damage_taken":0.0}],"is_beta":true,"boss_relics":[{"not_picked":["Philosopher\u0027s Stone","Runic Pyramid"],"picked":"Empty Cage"}],"items_purged_floors":[4,14],"is_endless":false,"potions_floor_spawned":[6,13,16,18,21],"killed_by":"Slavers","ascension_level":20}