{"gold_per_floor":[118,135,155,230,210,210,237,248,271,288,338,338,338,355,355,434,434,447,447,467,467,467],"floor_reached":22,"playtime":875,"items_purged":[],"score":344,"play_id":"8f8dab50-a0d7-4032-89dc-cc2196991e91","local_time":"20190203101519","is_ascension_mode":true,"campfire_choices":[{"data":"Doom and Gloom","floor":6.0,"key":"SMITH"},{"floor":12,"key":"REST"},{"data":"Zap","floor":15,"key":"SMITH"}],"neow_cost":"NONE","seed_source_timestamp":1516596029944,"circlet_count":0,"master_deck":["AscendersBane","Strike_B","Strike_B","Strike_B","Strike_B","Defend_B","Defend_B","Defend_B","Defend_B","Zap+1","Dualcast","Doom and Gloom+1","Go for the Eyes","Thunder Strike","Sweeping Beam","Compile Driver","Coolheaded","Electrodynamics","Decay","Ball Lightning","Zap+1"],"special_seed":0,"relics":["Cracked Core","Blood Vial","Art of War","Regal Pillow","Dream Catcher","Runic Dome"],"potions_floor_usage":[8,8,8,14,16,16,22],"damage_taken":[{"damage":3.0,"enemies":"2 Louse","floor":1.0,"turns":3.0},{"damage":9.0,"enemies":"Jaw Worm","floor":2.0,"turns":3.0},{"damage":2.0,"enemies":"Cultist","floor":3.0,"turns":4.0},{"damage":20.0,"enemies":"Lagavulin","floor":7.0,"turns":4.0},{"damage":14,"enemies":"Exordium Thugs","floor":8,"turns":4},{"damage":9,"enemies":"Blue Slaver","floor":10,"turns":3},{"damage":0,"enemies":"Large Slime","floor":14,"turns":3},{"damage":24,"enemies":"Hexaghost","floor":16,"turns":9},{"damage":24,"enemies":"Chosen","floor":18,"turns":5},{"damage":31,"enemies":"3 Byrds","floor":20,"turns":3},{"damage":10,"enemies":"Centurion and Healer","floor":22,"turns":3}],"seed_played":"-1944627116275587730","potions_obtained":[{"floor":3.0,"key":"AttackPotion"},{"floor":5.0,"key":"EntropicBrew"},{"floor":7.0,"key":"LiquidBronze"},{"floor":8,"key":"Fire Potion"},{"floor":14,"key":"PowerPotion"},{"floor":18,"key":"Weak Potion"}],"is_trial":false,"path_per_floor":["M","M","M","?","?","R","E","M","T","M","T","R","?","M","R","B",null,"M","?","M","?","M"],"character_chosen":"DEFECT","items_purchased":[],"campfire_rested":1,"item_purchase_floors":[],"current_hp_per_floor":[63,56,56,45,45,45,27,15,15,8,8,44,44,46,46,24,59,37,37,8,8,0],"gold":467,"neow_bonus":"RANDOM_COMMON_RELIC","is_prod":false,"is_daily":false,"chose_seed":false,"campfire_upgraded":2,"win_rate":0,"timestamp":1549185319,"path_taken":["M","M","M","?","?","R","E","?","T","M","?","R","?","M","R","BOSS","M","?","M","?","?"],"build_version":"2019-01-17v2","purchased_purges":0,"victory":false,"max_hp_per_floor":[71,71,71,71,71,71,71,71,71,71,71,71,71,71,71,71,71,71,71,71,71,71],"card_choices":[{"not_picked":["Turbo","Rebound"],"picked":"Doom and Gloom","floor":1.0},{"not_picked":["Steam","Recycle","Gash"],"picked":"SKIP","floor":2.0},{"not_picked":["Gash","Reinforced Body"],"picked":"Go for the Eyes","floor":3.0},{"not_picked":["Streamline","Gash"],"picked":"Thunder Strike","floor":7.0},{"not_picked":["Gash","White Noise","Force Field"],"picked":"SKIP","floor":8},{"not_picked":["Undo","Fusion"],"picked":"Sweeping Beam","floor":10},{"not_picked":["White Noise","Blizzard"],"picked":"Compile Driver","floor":12},{"not_picked":["Gash","Beam Cell"],"picked":"Coolheaded","floor":14},{"not_picked":["Hyperbeam","Biased Cognition"],"picked":"Electrodynamics","floor":16},{"not_picked":["Streamline","Sweeping Beam","Lockon"],"picked":"SKIP","floor":18},{"not_picked":["Barrage","Leap"],"picked":"Ball Lightning","floor":20}],"player_experience":1262991,"relics_obtained":[{"floor":7.0,"key":"Art of War"},{"floor":9,"key":"Regal Pillow"},{"floor":11,"key":"Dream Catcher"}],"event_choices":[{"damage_healed":0.0,"max_hp_gain":0.0,"max_hp_loss":0.0,"gold_gain":75.0,"event_name":"World of Goop","player_choice":"Gather Gold","floor":4.0,"gold_loss":0.0,"damage_taken":11.0},{"damage_healed":0.0,"max_hp_gain":0.0,"max_hp_loss":0.0,"gold_gain":0.0,"event_name":"The Woman in Blue","player_choice":"Bought 1 Potion","floor":5.0,"gold_loss":0.0,"damage_taken":0.0},{"damage_healed":0,"gold_gain":0,"player_choice":"Ignored","damage_taken":0,"max_hp_gain":0,"max_hp_loss":0,"event_name":"Shining Light","floor":13,"gold_loss":0},{"damage_healed":0,"gold_gain":0,"player_choice":"Smashed Altar","damage_taken":0,"max_hp_gain":0,"max_hp_loss":0,"event_name":"Forgotten Altar","floor":19,"gold_loss":0,"cards_obtained":["Decay"]},{"damage_healed":0,"gold_gain":0,"player_choice":"Copied","damage_taken":0,"max_hp_gain":0,"max_hp_loss":0,"event_name":"Duplicator","floor":21,"gold_loss":0,"cards_obtained":["Zap"]}],"is_beta":false,"boss_relics":[{"not_picked":["Runic Pyramid","FrozenCore"],"picked":"Runic Dome"}],"items_purged_floors":[],"is_endless":false,"potions_floor_spawned":[3,7,8,14,18],"killed_by":"Centurion and Healer","ascension_level":17}