{"gold_per_floor":[119,139,45,62,62,97,97,110,110,121,121,46,65,82,82,182,182,198,297,110,120,133,133,133,133,160,179,251,251,176,196,196,196],"floor_reached":33,"playtime":1814,"items_purged":["Strike_R","Strike_R"],"score":249,"play_id":"12a06997-58c9-4d59-aa7e-033aea55f142","local_time":"20190917044819","is_ascension_mode":false,"campfire_choices":[{"data":"Spot Weakness","floor":7,"key":"SMITH"},{"data":"Armaments","floor":11,"key":"SMITH"},{"data":"Heavy Blade","floor":15,"key":"SMITH"},{"floor":23,"key":"REST"},{"floor":25,"key":"REST"},{"floor":29,"key":"REST"},{"floor":32,"key":"REST"}],"neow_cost":"NONE","seed_source_timestamp":1769085215427300,"circlet_count":0,"master_deck":["Strike_R","Strike_R+1","Defend_R","Defend_R","Defend_R","Defend_R","Bash","Spot Weakness+1","Heavy Blade+1","Spot Weakness","Impatience","Thunderclap+1","Fire Breathing","Armaments+1","Heavy Blade+1","Barricade","Metallicize","Iron Wave","Combust+1","Metallicize"],"relics":["Black Blood","Whetstone","Bronze Scales","Bag of Marbles","Shuriken"],"potions_floor_usage":[],"damage_taken":[{"damage":7,"enemies":"Small Slimes","floor":1,"turns":4},{"damage":0,"enemies":"Cultist","floor":2,"turns":4},{"damage":8,"enemies":"Jaw Worm","floor":4,"turns":3},{"damage":22,"enemies":"3 Sentries","floor":6,"turns":6},{"damage":0,"enemies":"Large Slime","floor":8,"turns":4},{"damage":8,"enemies":"3 Louse","floor":10,"turns":3},{"damage":4,"enemies":"Blue Slaver","floor":13,"turns":3},{"damage":15,"enemies":"Red Slaver","floor":14,"turns":6},{"damage":49,"enemies":"Hexaghost","floor":16,"turns":6},{"damage":58,"enemies":"2 Thieves","floor":18,"turns":5},{"damage":19,"enemies":"Spheric Guardian","floor":21,"turns":4},{"damage":21,"enemies":"Chosen and Byrds","floor":22,"turns":6},{"damage":22,"enemies":"Centurion and Healer","floor":27,"turns":6},{"damage":28,"enemies":"Snake Plant","floor":31,"turns":5},{"damage":84,"enemies":"Automaton","floor":33,"turns":8}],"seed_played":"5376859997380176423","potions_obtained":[{"floor":4,"key":"AttackPotion"},{"floor":10,"key":"Energy Potion"},{"floor":13,"key":"SteroidPotion"}],"is_trial":false,"path_per_floor":["M","M","$","M","?","E","R","M","T","M","R","$","M","M","R","B",null,"M","?","$","M","M","R","?","R","T","M","T","R","?","M","R","B"],"character_chosen":"IRONCLAD","items_purchased":["Impatience","Metallicize","Iron Wave"],"campfire_rested":4,"item_purchase_floors":[3,20,20],"current_hp_per_floor":[79,80,80,78,78,62,62,68,68,66,66,66,68,59,59,16,80,32,32,32,23,12,36,36,60,60,48,48,72,72,54,78,0],"gold":196,"neow_bonus":"THREE_CARDS","is_prod":false,"is_daily":false,"chose_seed":false,"campfire_upgraded":3,"win_rate":0.0,"timestamp":1568710099,"path_taken":["M","M","$","M","?","E","R","M","T","M","R","?","M","M","R","BOSS","M","?","$","M","M","R","?","R","T","M","?","R","?","M","R","BOSS"],"build_version":"2019-07-17","purchased_purges":2,"victory":false,"max_hp_per_floor":[80,80,80,80,80,80,80,80,80,80,80,80,80,80,80,80,80,80,80,80,80,80,80,80,80,80,80,80,80,80,80,80,80],"card_choices":[{"not_picked":["Sword Boomerang","Pommel Strike"],"picked":"Spot Weakness","floor":0},{"not_picked":["Pommel Strike","Sword Boomerang"],"picked":"Heavy Blade","floor":1},{"not_picked":["Rupture","Second Wind"],"picked":"Spot Weakness","floor":2},{"not_picked":["Sword Boomerang","Body Slam"],"picked":"Thunderclap","floor":4},{"not_picked":["Body Slam","Hemokinesis"],"picked":"Evolve","floor":6},{"not_picked":["Twin Strike","Second Wind"],"picked":"Fire Breathing","floor":8},{"not_picked":["Searing Blow","Rupture"],"picked":"Armaments","floor":10},{"not_picked":["Infernal Blade","Corruption","Flex"],"picked":"SKIP","floor":13},{"not_picked":["Body Slam","Rupture"],"picked":"Heavy Blade","floor":14},{"not_picked":["Feed","Berserk"],"picked":"Barricade","floor":16},{"not_picked":["Sever Soul","Body Slam","Evolve+1"],"picked":"SKIP","floor":18},{"not_picked":["Body Slam","Infernal Blade"],"picked":"Combust+1","floor":21},{"not_picked":["Wild Strike","Clash","Body Slam"],"picked":"SKIP","floor":22},{"not_picked":["Seeing Red","True Grit+1"],"picked":"Metallicize","floor":27},{"not_picked":["Clash","Rupture","Flex"],"picked":"SKIP","floor":31}],"player_experience":22849,"relics_obtained":[{"floor":6,"key":"Whetstone"},{"floor":9,"key":"Bronze Scales"},{"floor":26,"key":"Bag of Marbles"},{"floor":28,"key":"Shuriken"}],"event_choices":[{"damage_healed":0,"gold_gain":0,"player_choice":"Forge","damage_taken":0,"max_hp_gain":0,"max_hp_loss":0,"event_name":"Accursed Blacksmith","floor":5,"gold_loss":0,"cards_upgraded":["Heavy Blade"]},{"damage_healed":0,"gold_gain":99,"player_choice":"Stole From Cult","damage_taken":0,"max_hp_gain":0,"max_hp_loss":0,"event_name":"Nest","floor":19,"gold_loss":0},{"cards_removed":["Strike_R"],"damage_healed":0,"gold_gain":0,"player_choice":"Elegance","damage_taken":0,"max_hp_gain":0,"max_hp_loss":0,"event_name":"Back to Basics","floor":24,"gold_loss":0},{"cards_removed":["Evolve"],"damage_healed":0,"gold_gain":0,"player_choice":"Gave Gold","damage_taken":0,"max_hp_gain":0,"max_hp_loss":0,"event_name":"Beggar","floor":30,"gold_loss":75}],"is_beta":false,"boss_relics":[{"not_picked":["Calling Bell","Mark of Pain"],"picked":"Black Blood"}],"items_purged_floors":[12,20],"is_endless":false,"potions_floor_spawned":[4,10,13,21,22],"killed_by":"Automaton","ascension_level":0}