{"gold_per_floor":[113,126,126,13,13,24,43,43,115,44,63,83,113,127,127,223,223,243,158,178,178,189,189,216,216,271,271,281,24,72,172,172,277,277,296,296,315,327,51,78,90,90,117,117,137,137,98,98,98,98],"floor_reached":51,"playtime":3902,"items_purged":["Decay","Strike_G","Strike_G"],"score":697,"play_id":"7054807a-3691-47c4-b1c8-985ff28279a0","local_time":"20190918101448","is_ascension_mode":false,"campfire_choices":[{"data":"Neutralize","floor":8,"key":"SMITH"},{"data":"Distraction","floor":15,"key":"SMITH"},{"floor":23,"key":"REST"},{"floor":25,"key":"REST"},{"floor":27,"key":"REST"},{"floor":32,"key":"REST"},{"floor":42,"key":"REST"},{"floor":44,"key":"REST"},{"floor":49,"key":"REST"}],"neow_cost":"CURSE","seed_source_timestamp":1872968689114300,"circlet_count":0,"master_deck":["Defend_G","Defend_G","Defend_G","Defend_G","Defend_G","Survivor","Neutralize+1","Cloak And Dagger","Backflip","Noxious Fumes","Iron Wave","Distraction+1","Corpse Explosion","Dodge and Roll","Cloak And Dagger","Cloak And Dagger","Adrenaline","Bouncing Flask+1","Dash","Footwork+1","Dagger Spray+1","Terror"],"relics":["Ring of the Snake","Gambling Chip","Letter Opener","Juzu Bracelet","Fusion Hammer","Sundial","Centennial Puzzle","Bag of Preparation","Orichalcum","Oddly Smooth Stone","PreservedInsect","Pear","Pocketwatch","Empty Cage","Bronze Scales","Omamori","Snake Skull"],"potions_floor_usage":[13,22,33,33,50,50,50],"damage_taken":[{"damage":7,"enemies":"Cultist","floor":1,"turns":4},{"damage":2,"enemies":"2 Louse","floor":2,"turns":3},{"damage":5,"enemies":"Jaw Worm","floor":6,"turns":5},{"damage":2,"enemies":"Looter","floor":7,"turns":4},{"damage":9,"enemies":"3 Louse","floor":11,"turns":3},{"damage":0,"enemies":"Blue Slaver","floor":12,"turns":5},{"damage":2,"enemies":"Lagavulin","floor":13,"turns":8},{"damage":0,"enemies":"2 Fungi Beasts","floor":14,"turns":2},{"damage":13,"enemies":"Hexaghost","floor":16,"turns":11},{"damage":4,"enemies":"2 Thieves","floor":18,"turns":3},{"damage":7,"enemies":"Spheric Guardian","floor":20,"turns":4},{"damage":5,"enemies":"3 Cultists","floor":22,"turns":4},{"damage":17,"enemies":"Slavers","floor":24,"turns":4},{"damage":10,"enemies":"Chosen and Byrds","floor":28,"turns":5},{"damage":0,"enemies":"Colosseum Slavers","floor":31,"turns":3},{"damage":0,"enemies":"Colosseum Nobs","floor":31,"turns":2},{"damage":55,"enemies":"Automaton","floor":33,"turns":15},{"damage":13,"enemies":"3 Darklings","floor":35,"turns":3},{"damage":0,"enemies":"Orb Walker","floor":37,"turns":5},{"damage":0,"enemies":"4 Shapes","floor":38,"turns":4},{"damage":0,"enemies":"Giant Head","floor":40,"turns":9},{"damage":5,"enemies":"Transient","floor":41,"turns":5},{"damage":12,"enemies":"Jaw Worm Horde","floor":45,"turns":3},{"damage":54,"enemies":"Time Eater","floor":50,"turns":14}],"seed_played":"1772095120447030996","potions_obtained":[{"floor":1,"key":"GamblersBrew"},{"floor":7,"key":"Regen Potion"},{"floor":11,"key":"FearPotion"},{"floor":14,"key":"Dexterity Potion"},{"floor":28,"key":"Regen Potion"},{"floor":37,"key":"Fruit Juice"},{"floor":38,"key":"EssenceOfSteel"}],"is_trial":false,"path_per_floor":["M","M","?","$","?","M","M","R","T","$","M","M","E","M","R","B",null,"M","?","M","?","M","R","E","R","T","R","M","$","T","?","R","B",null,"M","?","M","M","$","E","M","R","T","R","M","?","$","?","R","B",null],"character_chosen":"THE_SILENT","items_purchased":["Noxious Fumes","Corpse Explosion","Oddly Smooth Stone","Bronze Scales","Terror"],"campfire_rested":7,"item_purchase_floors":[4,10,29,39,47],"current_hp_per_floor":[63,61,61,61,61,56,54,54,54,54,45,45,58,58,58,45,70,66,66,59,59,54,70,53,70,70,70,60,60,60,70,80,39,80,67,67,67,67,67,67,62,80,80,80,68,68,68,68,80,31],"gold":98,"neow_bonus":"ONE_RARE_RELIC","is_prod":false,"is_daily":false,"chose_seed":false,"campfire_upgraded":2,"win_rate":0,"timestamp":1568816088,"path_taken":["M","M","?","$","?","M","?","R","T","?","M","M","E","M","R","BOSS","M","?","M","?","M","R","E","R","T","R","M","$","?","?","R","BOSS","M","?","M","M","$","E","M","R","T","R","M","?","$","?","R","BOSS"],"build_version":"2019-07-17","purchased_purges":3,"victory":true,"max_hp_per_floor":[70,70,70,70,70,70,70,70,70,70,70,70,70,70,70,70,70,70,70,70,70,70,70,70,70,70,70,70,70,70,80,80,80,80,80,80,80,80,80,80,80,80,80,80,80,80,80,80,80,85],"card_choices":[{"not_picked":["Sucker Punch","Deadly Poison"],"picked":"Cloak And Dagger","floor":1},{"not_picked":["Catalyst","Masterful Stab"],"picked":"Backflip","floor":2},{"not_picked":["Deflect","Flechettes"],"picked":"Distraction","floor":6},{"not_picked":["Underhanded Strike","Endless Agony","PiercingWail"],"picked":"SKIP","floor":7},{"not_picked":["Tactician","Night Terror"],"picked":"Dodge and Roll","floor":11},{"not_picked":["Prepared","Bane"],"picked":"Cloak And Dagger","floor":12},{"not_picked":["Blade Dance","Bullet Time"],"picked":"Dagger Throw","floor":13},{"not_picked":["Endless Agony","Deadly Poison"],"picked":"Cloak And Dagger","floor":14},{"not_picked":["Envenom","Doppelganger"],"picked":"Adrenaline","floor":16},{"not_picked":["Prepared","Catalyst"],"picked":"Bouncing Flask+1","floor":18},{"not_picked":["Tactician+1","Underhanded Strike"],"picked":"Dash","floor":20},{"not_picked":["Calculated Gamble","Choke+1","Crippling Poison"],"picked":"SKIP","floor":22},{"not_picked":["Prepared","Bullet Time","Bane"],"picked":"SKIP","floor":24},{"not_picked":["PiercingWail","Blade Dance","Bane+1"],"picked":"SKIP","floor":28},{"not_picked":["Leg Sweep","Dash+1"],"picked":"Footwork+1","floor":35},{"not_picked":["Acrobatics+1","Backstab","Outmaneuver+1"],"picked":"SKIP","floor":37},{"not_picked":["Escape Plan","Underhanded Strike+1","Dodge and Roll+1"],"picked":"SKIP","floor":38},{"not_picked":["Catalyst","Noxious Fumes","Tactician"],"picked":"SKIP","floor":40},{"not_picked":["Backflip","Expertise+1"],"picked":"Dagger Spray+1","floor":41},{"not_picked":["Prepared+1","Slice+1","Backflip"],"picked":"SKIP","floor":45}],"player_experience":80074,"relics_obtained":[{"floor":9,"key":"Letter Opener"},{"floor":13,"key":"Juzu Bracelet"},{"floor":24,"key":"Bag of Preparation"},{"floor":26,"key":"Orichalcum"},{"floor":30,"key":"PreservedInsect"},{"floor":31,"key":"Pear"},{"floor":31,"key":"Pocketwatch"},{"floor":40,"key":"Omamori"},{"floor":43,"key":"Snake Skull"}],"event_choices":[{"damage_healed":0,"gold_gain":0,"cards_transformed":["Pain"],"player_choice":"Transformed","damage_taken":0,"max_hp_gain":0,"max_hp_loss":0,"event_name":"Transmorgrifier","floor":3,"gold_loss":0,"cards_obtained":["Decay"]},{"cards_removed":["Strike_G"],"damage_healed":0,"gold_gain":0,"player_choice":"Took Card","damage_taken":0,"max_hp_gain":0,"max_hp_loss":0,"event_name":"NoteForYourself","floor":5,"gold_loss":0,"cards_obtained":["Iron Wave"]},{"damage_healed":0,"gold_gain":0,"player_choice":"Obtained Relic","damage_taken":0,"relics_obtained":["Sundial"],"max_hp_gain":0,"max_hp_loss":0,"event_name":"Addict","floor":19,"gold_loss":85},{"damage_healed":0,"gold_gain":0,"player_choice":"Opened","damage_taken":0,"relics_obtained":["Centennial Puzzle"],"max_hp_gain":0,"max_hp_loss":0,"event_name":"The Mausoleum","floor":21,"gold_loss":0},{"damage_healed":0,"gold_gain":0,"player_choice":"Fight","damage_taken":0,"max_hp_gain":0,"max_hp_loss":0,"event_name":"Colosseum","floor":31,"gold_loss":0},{"damage_healed":0,"gold_gain":0,"player_choice":"Fought Nobs","damage_taken":0,"max_hp_gain":0,"max_hp_loss":0,"event_name":"Colosseum","floor":31,"gold_loss":0},{"damage_healed":0,"gold_gain":0,"player_choice":"Ignored","damage_taken":0,"max_hp_gain":0,"max_hp_loss":0,"event_name":"Tomb of Lord Red Mask","floor":36,"gold_loss":0},{"cards_removed":["Dagger Throw"],"damage_healed":0,"gold_gain":0,"player_choice":"Removed Attack","damage_taken":0,"max_hp_gain":0,"max_hp_loss":0,"event_name":"Falling","floor":46,"gold_loss":0},{"damage_healed":0,"gold_gain":0,"player_choice":"Ignored","damage_taken":0,"max_hp_gain":0,"max_hp_loss":0,"event_name":"Mysterious Sphere","floor":48,"gold_loss":0}],"is_beta":false,"boss_relics":[{"not_picked":["Runic Dome","White Beast Statue"],"picked":"Fusion Hammer"},{"not_picked":["Sozu","Philosopher\u0027s Stone"],"picked":"Empty Cage"}],"items_purged_floors":[4,29,39],"is_endless":false,"potions_floor_spawned":[1,7,11,14,20,28,31,37,38],"ascension_level":0}