{"gold_per_floor":[125,62,91,134,159,171,211,241,277,289,335,347,379,43,43,43],"floor_reached":16,"playtime":501,"items_purged":["Strike_G"],"score":204,"play_id":"609125f3-1850-4244-8459-a7cf682d67d5","local_time":"20190817115106","is_ascension_mode":true,"campfire_choices":[{"data":"Flechettes","floor":6.0,"key":"SMITH"},{"data":"Acrobatics","floor":12.0,"key":"SMITH"},{"floor":15.0,"key":"REST"}],"neow_cost":"NONE","seed_source_timestamp":196030404928607,"circlet_count":0,"master_deck":["AscendersBane","Strike_G","Strike_G","Strike_G","Strike_G","Defend_G","Defend_G","Defend_G","Defend_G","Defend_G","Survivor","Neutralize","Tactician","Footwork","Flechettes+1","PiercingWail","Acrobatics+1","Doppelganger","Predator"],"special_seed":0,"relics":["Ring of the Snake","MawBank","Anchor","Odd Mushroom","Art of War","Juzu Bracelet","Sundial"],"potions_floor_usage":[],"damage_taken":[{"damage":1.0,"enemies":"Small Slimes","floor":1.0,"turns":4.0},{"damage":11.0,"enemies":"Cultist","floor":3.0,"turns":5.0},{"damage":6.0,"enemies":"Jaw Worm","floor":4.0,"turns":6.0},{"damage":0.0,"enemies":"Blue Slaver","floor":5.0,"turns":7.0},{"damage":16.0,"enemies":"The Mushroom Lair","floor":7.0,"turns":6.0},{"damage":0.0,"enemies":"Lots of Slimes","floor":8.0,"turns":6.0},{"damage":23.0,"enemies":"3 Sentries","floor":11.0,"turns":11.0},{"damage":0.0,"enemies":"Exordium Wildlife","floor":13.0,"turns":5.0},{"damage":0,"enemies":"Slime Boss","floor":16,"turns":1}],"seed_played":"-5180673374126298268","potions_obtained":[{"floor":5.0,"key":"Poison Potion"},{"floor":7.0,"key":"EntropicBrew"},{"floor":13.0,"key":"Dexterity Potion"}],"is_trial":false,"path_per_floor":["M","?","M","M","M","R","?","M","T","?","E","R","M","$","R","B"],"character_chosen":"THE_SILENT","items_purchased":["Sundial"],"campfire_rested":1,"item_purchase_floors":[14],"current_hp_per_floor":[58,58,47,41,41,41,25,25,25,25,2,2,2,2,21,21],"gold":43,"neow_bonus":"RANDOM_COMMON_RELIC","is_prod":false,"is_daily":false,"chose_seed":false,"campfire_upgraded":2,"win_rate":0,"timestamp":1566010266,"path_taken":["M","?","?","M","M","R","?","M","T","?","E","R","M","$","R","BOSS"],"build_version":"2019-07-17","purchased_purges":1,"victory":false,"max_hp_per_floor":[66,66,66,66,66,66,66,66,66,66,66,66,66,66,66,66],"card_choices":[{"not_picked":["Slice","Bane"],"picked":"Tactician","floor":1.0},{"not_picked":["Backstab","Quick Slash","Cloak And Dagger"],"picked":"SKIP","floor":3.0},{"not_picked":["Concentrate","PiercingWail"],"picked":"Footwork","floor":4.0},{"not_picked":["Sucker Punch","Accuracy"],"picked":"Flechettes","floor":5.0},{"not_picked":["Bane","Finisher"],"picked":"PiercingWail","floor":7.0},{"not_picked":["Slice","Flechettes"],"picked":"Acrobatics","floor":8.0},{"not_picked":["Backstab","Crippling Poison"],"picked":"Doppelganger","floor":11.0},{"not_picked":["PiercingWail","Tactician"],"picked":"Predator","floor":13.0}],"player_experience":914065,"relics_obtained":[{"floor":7.0,"key":"Odd Mushroom"},{"floor":9.0,"key":"Art of War"},{"floor":11.0,"key":"Juzu Bracelet"}],"event_choices":[{"damage_healed":0.0,"max_hp_gain":0.0,"max_hp_loss":0.0,"gold_gain":0.0,"event_name":"WeMeetAgain","player_choice":"Paid Gold","floor":2.0,"gold_loss":75.0,"damage_taken":0.0,"relics_obtained":["Anchor"]},{"damage_healed":0.0,"max_hp_gain":0.0,"max_hp_loss":0.0,"gold_gain":0.0,"event_name":"Mushrooms","player_choice":"Fought Mushrooms","floor":7.0,"gold_loss":0.0,"damage_taken":0.0},{"damage_healed":0.0,"max_hp_gain":0.0,"max_hp_loss":0.0,"gold_gain":0.0,"event_name":"Liars Game","player_choice":"Ignored","floor":10.0,"gold_loss":0.0,"damage_taken":0.0}],"is_beta":false,"boss_relics":[],"items_purged_floors":[14],"is_endless":false,"potions_floor_spawned":[5,7,8,13],"killed_by":"Slime Boss","ascension_level":20}