{"gold_per_floor":[110,126,201,201,166,166,3,14,67,79,112,132,144,154,154,257,257,273,290,310,155,175,175,175,175,227,257,27,126,144,40,40,40],"floor_reached":33,"playtime":4418,"items_purged":[],"score":294,"play_id":"8cc7d2a1-d406-444a-b83f-8878adcd034f","local_time":"20181229121925","is_ascension_mode":false,"campfire_choices":[{"floor":15,"key":"REST"},{"floor":23,"key":"REST"},{"floor":25,"key":"REST"},{"floor":32,"key":"REST"}],"neow_cost":"NONE","seed_source_timestamp":0,"circlet_count":0,"master_deck":["Defend_G","Defend_G","Defend_G","Defend_G","Defend_G","Strike_G+1","Strike_G","Strike_G","Strike_G","Strike_G","Survivor","Neutralize","Sucker Punch","Leg Sweep","Bouncing Flask","Caltrops","Flying Knee","Skewer","Dodge and Roll","Backstab","Quick Slash","Deflect","Flying Knee","Doppelganger","Backflip+1","Deadly Poison+1","Deadly Poison","Crippling Poison","Sucker Punch","Dagger Throw+1","Blade Dance+1","Caltrops","Dash+1","All Out Attack","Dagger Spray","Dagger Spray","Backstab"],"special_seed":0,"relics":["Ring of the Snake","PreservedInsect","Centennial Puzzle","Anchor","Lantern","Whetstone","Dream Catcher"],"potions_floor_usage":[8,11,16,22,33,33],"damage_taken":[{"damage":0.0,"enemies":"Jaw Worm","floor":1.0,"turns":8.0},{"damage":2.0,"enemies":"Small Slimes","floor":2.0,"turns":4.0},{"damage":5.0,"enemies":"2 Louse","floor":8.0,"turns":4.0},{"damage":11,"enemies":"Large Slime","floor":10,"turns":6},{"damage":7,"enemies":"Gremlin Nob","floor":11,"turns":4},{"damage":0,"enemies":"Looter","floor":12,"turns":3},{"damage":0,"enemies":"3 Louse","floor":13,"turns":5},{"damage":1,"enemies":"Large Slime","floor":14,"turns":6},{"damage":20,"enemies":"The Guardian","floor":16,"turns":11},{"damage":8,"enemies":"3 Byrds","floor":18,"turns":4},{"damage":0,"enemies":"Chosen","floor":19,"turns":5},{"damage":11,"enemies":"Snecko","floor":20,"turns":7},{"damage":21,"enemies":"Cultist and Chosen","floor":22,"turns":8},{"damage":38,"enemies":"Slavers","floor":27,"turns":6},{"damage":25,"enemies":"3 Cultists","floor":30,"turns":5},{"damage":66,"enemies":"Collector","floor":33,"turns":5}],"seed_played":"7346829745281369578","potions_obtained":[{"floor":2.0,"key":"Block Potion"},{"floor":8,"key":"Fruit Juice"},{"floor":10,"key":"Strength Potion"},{"floor":13,"key":"SteroidPotion"},{"floor":14,"key":"Swift Potion"},{"floor":22,"key":"Strength Potion"},{"floor":30,"key":"Strength Potion"}],"is_trial":false,"path_per_floor":["M","M","?","?","?","?","$","M","M","T","M","E","M","M","M","R","B",null,"M","M","M","$","M","R","?","R","T","E","$","?","M","$","R","B"],"character_chosen":"THE_SILENT","items_purchased":["Bouncing Flask","Caltrops","Flying Knee","Crippling Poison","Sucker Punch","Dagger Throw","All Out Attack","Dream Catcher","Dagger Spray","Regen Potion"],"campfire_rested":4,"item_purchase_floors":[7,7,7,21,21,21,28,28,31,31],"current_hp_per_floor":[70,68,57,57,70,70,70,70,70,59,52,52,52,51,73,53,75,67,67,56,56,35,57,57,75,75,37,37,37,12,12,34,0],"gold":40,"neow_bonus":"RANDOM_COMMON_RELIC","is_prod":false,"is_daily":false,"chose_seed":false,"campfire_upgraded":0,"win_rate":0.0,"timestamp":1546114765,"path_taken":["M","M","?","?","?","?","?","M","T","M","E","M","M","M","R","BOSS","M","M","M","$","M","R","?","R","T","E","$","?","M","$","R","BOSS"],"build_version":"2018-12-20","purchased_purges":0,"victory":false,"max_hp_per_floor":[70,70,70,70,70,70,70,75,75,75,75,75,75,75,75,75,75,75,75,75,75,75,75,75,75,75,75,75,75,75,75,75,75],"card_choices":[{"not_picked":["Quick Slash","Masterful Stab"],"picked":"Sucker Punch","floor":1.0},{"not_picked":["Heel Hook","Predator"],"picked":"Leg Sweep","floor":2.0},{"not_picked":["Quick Slash","Infinite Blades"],"picked":"Skewer","floor":8},{"not_picked":["Underhanded Strike","Backflip"],"picked":"Dodge and Roll","floor":10},{"not_picked":["Outmaneuver","Escape Plan"],"picked":"Backstab","floor":11},{"not_picked":["Reflex","Well Laid Plans"],"picked":"Quick Slash","floor":12},{"not_picked":["Poisoned Stab","Slice"],"picked":"Deflect","floor":13},{"not_picked":["Catalyst","Slice"],"picked":"Flying Knee","floor":14},{"not_picked":["Malaise","Envenom"],"picked":"Doppelganger","floor":16},{"not_picked":["Bane","Dagger Throw"],"picked":"Backflip+1","floor":18},{"not_picked":["Dash","Bane"],"picked":"Deadly Poison+1","floor":19},{"not_picked":["Expertise+1","Prepared"],"picked":"Deadly Poison","floor":20},{"not_picked":["Backflip","Slice+1"],"picked":"Blade Dance+1","floor":22},{"not_picked":["Flying Knee+1","Leg Sweep"],"picked":"Dash+1","floor":27},{"not_picked":["Venomology","Heel Hook+1"],"picked":"Dagger Spray","floor":30},{"not_picked":["Reflex","Blade Dance"],"picked":"Backstab","floor":32}],"player_experience":58746,"relics_obtained":[{"floor":9,"key":"Centennial Puzzle"},{"floor":11,"key":"Anchor"},{"floor":26,"key":"Lantern"},{"floor":27,"key":"Whetstone"}],"event_choices":[{"damage_healed":0.0,"max_hp_gain":0.0,"max_hp_loss":0.0,"gold_gain":75.0,"event_name":"World of Goop","player_choice":"Gather Gold","floor":3.0,"gold_loss":0.0,"damage_taken":11.0},{"damage_healed":0.0,"max_hp_gain":0.0,"max_hp_loss":0.0,"gold_gain":0.0,"event_name":"Shining Light","player_choice":"Ignored","floor":4.0,"gold_loss":0.0,"damage_taken":0.0},{"damage_healed":17.0,"max_hp_gain":0.0,"max_hp_loss":0.0,"gold_gain":0.0,"event_name":"The Cleric","player_choice":"Healed","floor":5.0,"gold_loss":35.0,"damage_taken":0.0},{"damage_healed":0.0,"max_hp_gain":0.0,"max_hp_loss":0.0,"gold_gain":0.0,"event_name":"Golden Idol","player_choice":"Ignored","floor":6.0,"gold_loss":0.0,"damage_taken":0.0},{"damage_healed":0,"gold_gain":0,"player_choice":"Read","damage_taken":0,"max_hp_gain":0,"max_hp_loss":0,"event_name":"The Library","floor":24,"gold_loss":0,"cards_obtained":["Caltrops"]},{"damage_healed":0,"gold_gain":99,"player_choice":"Stole From Cult","damage_taken":0,"max_hp_gain":0,"max_hp_loss":0,"event_name":"Nest","floor":29,"gold_loss":0}],"is_beta":false,"boss_relics":[{"not_picked":["Empty Cage","Runic Dome","Coffee Dripper"]}],"items_purged_floors":[],"is_endless":false,"potions_floor_spawned":[2,8,10,13,14,22,30],"killed_by":"Collector","ascension_level":0}