{"gold_per_floor":[117,87,107,182,196,196,196,196,196,214,289,27,41,52,52,124,124,142,142,67,80,80,80,115,115,115,129,29,57,71,88,88,162,162,181,181,181,199,28,56,56,69,69,19,19],"floor_reached":45,"playtime":1761,"items_purged":["Strike_R","Strike_R","Bash"],"score":996,"play_id":"7e025f24-ec36-4524-bda6-2a37fc186f01","local_time":"20190918232035","is_ascension_mode":true,"campfire_choices":[{"data":"Armaments","floor":6.0,"key":"SMITH"},{"data":"Battle Trance","floor":15.0,"key":"SMITH"},{"data":"Burning Pact","floor":23.0,"key":"SMITH"},{"data":"Barricade","floor":25.0,"key":"SMITH"},{"data":"Juggernaut","floor":32.0,"key":"SMITH"}],"neow_cost":"PERCENT_DAMAGE","seed_source_timestamp":710128733888346,"circlet_count":0,"master_deck":["AscendersBane","Defend_R","Defend_R","Defend_R","Defend_R","Pommel Strike","Armaments+1","Disarm","Burning Pact+1","Juggernaut+1","Battle Trance+1","Barricade+1","Power Through","CurseOfTheBell","Warcry+1","Shockwave+1","Burning Pact+1"],"special_seed":0,"relics":["Burning Blood","Nunchaku","Dodecahedron","Medical Kit","Coffee Dripper","Torii","Meat on the Bone","Vajra","Calling Bell","Smiling Mask","StrikeDummy","WingedGreaves","Bag of Preparation","Lantern","Bottled Lightning"],"potions_floor_usage":[45],"damage_taken":[{"damage":6.0,"enemies":"Jaw Worm","floor":1.0,"turns":6.0},{"damage":8.0,"enemies":"Cultist","floor":3.0,"turns":5.0},{"damage":6.0,"enemies":"Small Slimes","floor":5.0,"turns":5.0},{"damage":4.0,"enemies":"Looter","floor":10.0,"turns":5.0},{"damage":16.0,"enemies":"Lots of Slimes","floor":13.0,"turns":5.0},{"damage":9.0,"enemies":"Blue Slaver","floor":14.0,"turns":4.0},{"damage":21.0,"enemies":"Hexaghost","floor":16.0,"turns":11.0},{"damage":0.0,"enemies":"Chosen","floor":18.0,"turns":6.0},{"damage":27.0,"enemies":"Spheric Guardian","floor":21.0,"turns":5.0},{"damage":35.0,"enemies":"Slavers","floor":24.0,"turns":7.0},{"damage":0.0,"enemies":"3 Cultists","floor":27.0,"turns":5.0},{"damage":7.0,"enemies":"Gremlin Leader","floor":29.0,"turns":7.0},{"damage":30.0,"enemies":"Chosen and Byrds","floor":30.0,"turns":8.0},{"damage":24.0,"enemies":"Snake Plant","floor":31.0,"turns":4.0},{"damage":11.0,"enemies":"Champ","floor":33.0,"turns":8.0},{"damage":11.0,"enemies":"3 Shapes","floor":35.0,"turns":6.0},{"damage":51,"enemies":"3 Darklings","floor":38,"turns":11},{"damage":15,"enemies":"Nemesis","floor":40,"turns":23},{"damage":1,"enemies":"Writhing Mass","floor":42,"turns":13},{"damage":0,"enemies":"Giant Head","floor":45,"turns":5}],"seed_played":"3878052083298828629","potions_obtained":[{"floor":2.0,"key":"EssenceOfSteel"},{"floor":2.0,"key":"Ancient Potion"},{"floor":16.0,"key":"Dexterity Potion"},{"floor":33.0,"key":"AttackPotion"},{"floor":38,"key":"Fire Potion"},{"floor":40,"key":"PowerPotion"}],"is_trial":false,"path_per_floor":["M","?","M","?","M","R","?","?","T","M","T","$","M","M","R","B",null,"M","?","$","M","?","R","E","R","T","M","$","E","M","M","R","B",null,"M","?","?","M","$","E","?","M","T","$","E"],"character_chosen":"IRONCLAD","items_purchased":["Burning Pact","Medical Kit","Bag of Preparation"],"campfire_rested":0,"item_purchase_floors":[12,12,39],"current_hp_per_floor":[50,50,48,37,37,37,62,62,62,64,64,64,54,51,51,36,65,71,71,71,50,50,50,21,21,21,39,39,50,38,32,32,39,66,61,61,61,28,28,31,31,48,48,48,48],"gold":19,"neow_bonus":"TRANSFORM_TWO_CARDS","is_prod":false,"is_daily":false,"chose_seed":false,"campfire_upgraded":5,"win_rate":0,"timestamp":1568820035,"path_taken":["M","?","?","?","M","R","?","?","T","?","?","$","M","M","R","BOSS","M","?","$","M","?","R","E","R","T","M","?","E","M","M","R","BOSS","M","?","?","M","$","E","?","?","T","$","E"],"build_version":"2019-09-17","purchased_purges":3,"victory":false,"max_hp_per_floor":[75,75,75,75,75,75,75,75,75,75,75,75,75,75,75,75,75,75,75,75,75,75,75,75,75,75,75,75,75,75,75,75,75,75,75,75,75,75,75,75,75,75,75,75,75],"card_choices":[{"not_picked":["Thunderclap","Pommel Strike"],"picked":"Armaments","floor":1.0},{"not_picked":["Body Slam","Pommel Strike","Havoc"],"picked":"SKIP","floor":3.0},{"not_picked":["Heavy Blade","Warcry"],"picked":"Disarm","floor":5.0},{"not_picked":["Whirlwind","Clash","Body Slam"],"picked":"SKIP","floor":10.0},{"not_picked":["Dropkick","Heavy Blade"],"picked":"Juggernaut","floor":13.0},{"not_picked":["Clothesline","Whirlwind"],"picked":"Battle Trance","floor":14.0},{"not_picked":["Demon Form","Reaper"],"picked":"Barricade","floor":16.0},{"not_picked":["Pommel Strike","True Grit","Heavy Blade"],"picked":"SKIP","floor":18.0},{"not_picked":["Clash","Hemokinesis","Pummel"],"picked":"SKIP","floor":21.0},{"not_picked":["Spot Weakness","Infernal Blade"],"picked":"Power Through","floor":24.0},{"not_picked":["Battle Trance","Dropkick+1","Clothesline"],"picked":"SKIP","floor":27.0},{"not_picked":["Armaments","Headbutt","Whirlwind"],"picked":"SKIP","floor":29.0},{"not_picked":["True Grit","Inflame","Rupture"],"picked":"SKIP","floor":30.0},{"not_picked":["Pommel Strike","Heavy Blade","Disarm"],"picked":"SKIP","floor":31.0},{"not_picked":["Whirlwind","Sentinel","Twin Strike+1"],"picked":"SKIP","floor":35.0},{"not_picked":["Searing Blow","Rage+1"],"picked":"Warcry+1","floor":38},{"not_picked":["Sentinel","Cleave"],"picked":"Shockwave+1","floor":40},{"not_picked":["Double Tap","Seeing Red"],"picked":"Burning Pact+1","floor":42}],"player_experience":849416,"relics_obtained":[{"floor":11.0,"key":"Dodecahedron"},{"floor":24.0,"key":"Torii"},{"floor":26.0,"key":"Meat on the Bone"},{"floor":29.0,"key":"Vajra"},{"floor":34.0,"key":"Smiling Mask"},{"floor":34.0,"key":"StrikeDummy"},{"floor":34.0,"key":"WingedGreaves"},{"floor":40,"key":"Lantern"},{"floor":43,"key":"Bottled Lightning"}],"event_choices":[{"damage_healed":0.0,"max_hp_gain":0.0,"max_hp_loss":0.0,"gold_gain":0.0,"event_name":"The Woman in Blue","player_choice":"Bought 2 Potions","floor":2.0,"gold_loss":0.0,"damage_taken":0.0},{"damage_healed":0.0,"max_hp_gain":0.0,"max_hp_loss":0.0,"gold_gain":75.0,"event_name":"World of Goop","player_choice":"Gather Gold","floor":4.0,"gold_loss":0.0,"damage_taken":11.0},{"damage_healed":25.0,"max_hp_gain":0.0,"max_hp_loss":0.0,"gold_gain":0.0,"event_name":"Big Fish","player_choice":"Banana","floor":7.0,"gold_loss":0.0,"damage_taken":0.0},{"damage_healed":0.0,"max_hp_gain":0.0,"max_hp_loss":0.0,"gold_gain":0.0,"event_name":"WeMeetAgain","player_choice":"Gave Potion","floor":8.0,"gold_loss":0.0,"damage_taken":0.0,"relics_obtained":["Nunchaku"]},{"damage_healed":0.0,"max_hp_gain":0.0,"max_hp_loss":0.0,"gold_gain":0.0,"event_name":"Ghosts","player_choice":"Ignored","floor":19.0,"gold_loss":0.0,"damage_taken":0.0},{"cards_removed":["Strike_R"],"damage_healed":0.0,"max_hp_gain":0.0,"max_hp_loss":0.0,"gold_gain":0.0,"event_name":"Back to Basics","player_choice":"Elegance","floor":22.0,"gold_loss":0.0,"damage_taken":0.0},{"cards_removed":["Body Slam"],"damage_healed":0.0,"max_hp_gain":0.0,"max_hp_loss":0.0,"gold_gain":0.0,"event_name":"Falling","player_choice":"Removed Attack","floor":36.0,"gold_loss":0.0,"damage_taken":0.0},{"damage_healed":0.0,"max_hp_gain":0.0,"max_hp_loss":0.0,"gold_gain":0.0,"event_name":"Tomb of Lord Red Mask","player_choice":"Ignored","floor":37.0,"gold_loss":0.0,"damage_taken":0.0},{"damage_healed":0,"gold_gain":0,"player_choice":"Got Potions","damage_taken":0,"max_hp_gain":0,"max_hp_loss":0,"event_name":"Lab","floor":41,"gold_loss":0}],"is_beta":true,"boss_relics":[{"not_picked":["Fusion Hammer","Runic Dome"],"picked":"Coffee Dripper"},{"not_picked":["Cursed Key","Black Star"],"picked":"Calling Bell"}],"items_purged_floors":[20,28,44],"is_endless":false,"potions_floor_spawned":[16,21,30,33,38,40],"killed_by":"Giant Head","ascension_level":20}