{"gold_per_floor":[111,111,111,124,137,137,165,165,165,165,178,212,212,245,245,319,319,337,27,38,38,53,53,85,148,148,148,198,48,79,94,94,166,166,185,235,91,105,117,117,150,200,253,253,267,294,359,378,378,378,378,378,378,77,110,110],"floor_reached":56,"playtime":3045,"items_purged":["Strike_B","Strike_B","Strike_B"],"score":2180,"play_id":"7ec0e398-09ed-4065-b6fc-ceb56c05aaae","local_time":"20190419163812","is_ascension_mode":true,"campfire_choices":[{"data":"Dualcast","floor":6.0,"key":"SMITH"},{"data":"Zap","floor":8.0,"key":"SMITH"},{"data":"Turbo","floor":13.0,"key":"SMITH"},{"data":"Go for the Eyes","floor":15.0,"key":"SMITH"},{"data":"Fission","floor":23.0,"key":"SMITH"},{"data":"Consume","floor":27.0,"key":"SMITH"},{"data":"Hologram","floor":32.0,"key":"SMITH"},{"data":"Recycle","floor":40.0,"key":"SMITH"},{"data":"Loop","floor":44.0,"key":"SMITH"},{"floor":49.0,"key":"RECALL"},{"data":"Buffer","floor":53.0,"key":"SMITH"}],"neow_cost":"NONE","seed_source_timestamp":96895622032572,"circlet_count":0,"master_deck":["AscendersBane","Defend_B","Defend_B","Defend_B","Defend_B","Zap+1","Dualcast+1","White Noise","Ball Lightning","Electrodynamics","White Noise","Go for the Eyes+1","Turbo+1","Fission+1","Recycle+1","Consume+1","Reinforced Body","Force Field","Buffer+1","Loop+1","Hologram+1","Skim+1","Storm","Leap+1","Seek+1","Hologram+1","Echo Form","Glacier+1","Undo+1","Deep Breath+1","Discovery+1","Compile Driver","Recycle+1"],"special_seed":0,"relics":["Cracked Core","NeowsBlessing","Thread and Needle","Boot","The Courier","Centennial Puzzle","Kunai","Orrery","Mummified Hand","SsserpentHead","Darkstone Periapt","Toxic Egg 2","Dodecahedron","Inserter","Omamori","Cables","Bag of Preparation","Symbiotic Virus"],"potions_floor_usage":[56],"damage_taken":[{"damage":0.0,"enemies":"Jaw Worm","floor":1.0,"turns":1.0},{"damage":0.0,"enemies":"Cultist","floor":4.0,"turns":1.0},{"damage":0.0,"enemies":"2 Louse","floor":5.0,"turns":1.0},{"damage":18.0,"enemies":"Lagavulin","floor":7.0,"turns":6.0},{"damage":5.0,"enemies":"Exordium Wildlife","floor":11.0,"turns":2.0},{"damage":1.0,"enemies":"3 Sentries","floor":12.0,"turns":2.0},{"damage":11.0,"enemies":"Lagavulin","floor":14.0,"turns":5.0},{"damage":17.0,"enemies":"Hexaghost","floor":16.0,"turns":9.0},{"damage":0.0,"enemies":"Chosen","floor":18.0,"turns":3.0},{"damage":10.0,"enemies":"2 Thieves","floor":20.0,"turns":3.0},{"damage":9.0,"enemies":"Snecko","floor":22.0,"turns":6.0},{"damage":25.0,"enemies":"Slavers","floor":24.0,"turns":2.0},{"damage":4.0,"enemies":"Centurion and Healer","floor":25.0,"turns":7.0},{"damage":8.0,"enemies":"Gremlin Leader","floor":30.0,"turns":5.0},{"damage":0.0,"enemies":"3 Cultists","floor":31.0,"turns":3.0},{"damage":0.0,"enemies":"Automaton","floor":33.0,"turns":7.0},{"damage":0.0,"enemies":"3 Shapes","floor":35.0,"turns":3.0},{"damage":0.0,"enemies":"3 Darklings","floor":38.0,"turns":1.0},{"damage":0.0,"enemies":"Jaw Worm Horde","floor":39.0,"turns":3.0},{"damage":11.0,"enemies":"Reptomancer","floor":41.0,"turns":5.0},{"damage":0.0,"enemies":"Sphere and 2 Shapes","floor":45.0,"turns":6.0},{"damage":0.0,"enemies":"Giant Head","floor":46.0,"turns":6.0},{"damage":23.0,"enemies":"4 Shapes","floor":47.0,"turns":3.0},{"damage":0.0,"enemies":"Maw","floor":48.0,"turns":6.0},{"damage":1.0,"enemies":"Awakened One","floor":50.0,"turns":17.0},{"damage":0.0,"enemies":"Time Eater","floor":51.0,"turns":20.0},{"damage":21.0,"enemies":"Shield and Spear","floor":55.0,"turns":5.0},{"damage":42,"enemies":"The Heart","floor":56,"turns":8}],"seed_played":"8254537059696062148","potions_obtained":[{"floor":5.0,"key":"Fire Potion"},{"floor":11.0,"key":"Block Potion"},{"floor":18.0,"key":"Swift Potion"},{"floor":20.0,"key":"Regen Potion"},{"floor":22.0,"key":"Poison Potion"},{"floor":33.0,"key":"Weak Potion"},{"floor":38.0,"key":"Dexterity Potion"},{"floor":47.0,"key":"Block Potion"},{"floor":48.0,"key":"Energy Potion"}],"is_trial":false,"path_per_floor":["M","?","?","M","M","R","E","R","T","?","M","E","R","E","R","B",null,"M","$","M","?","M","R","E","M","T","R","?","$","E","M","R","B",null,"M","?","$","M","M","R","E","?","T","R","M","E","M","M","R","B","B",null,"R","$","E","B"],"character_chosen":"DEFECT","items_purchased":["Mummified Hand","Reinforced Body","Skim+1","Hologram+1","Bag of Preparation","Deep Breath+1","Discovery+1","Compile Driver"],"campfire_rested":0,"item_purchase_floors":[19,19,29,37,54,54,54,54],"current_hp_per_floor":[64,64,64,64,64,64,46,46,46,46,41,40,40,29,29,12,56,56,56,46,46,52,52,27,23,23,23,23,23,15,15,15,15,57,57,57,57,57,57,57,46,71,71,71,71,71,48,48,48,47,47,65,65,65,44,2],"gold":110,"neow_bonus":"THREE_ENEMY_KILL","is_prod":false,"is_daily":false,"chose_seed":false,"campfire_upgraded":10,"win_rate":0,"timestamp":1555663092,"path_taken":["M","?","?","M","?","R","E","R","T","?","M","E","R","E","R","BOSS","M","$","M","?","M","R","E","?","T","R","?","$","E","M","R","BOSS","M","?","$","M","M","R","E","?","T","R","M","E","?","M","R","BOSS","BOSS","R","$","E","BOSS"],"build_version":"2019-04-04","purchased_purges":3,"victory":false,"max_hp_per_floor":[71,71,71,71,71,71,71,71,71,71,71,71,71,71,71,71,71,71,71,71,71,71,71,71,71,71,71,71,71,71,71,71,71,71,71,71,71,71,71,71,71,71,71,71,71,71,71,71,71,71,71,71,71,71,71,71],"card_choices":[{"not_picked":["Stack","Scrape"],"picked":"White Noise","floor":1.0},{"not_picked":["Redo","Steam Power","Beam Cell"],"picked":"SKIP","floor":4.0},{"not_picked":["Compile Driver","Turbo"],"picked":"Ball Lightning","floor":5.0},{"not_picked":["Chaos","Buffer"],"picked":"Electrodynamics","floor":7.0},{"not_picked":["Fusion","Leap"],"picked":"Go for the Eyes","floor":11.0},{"not_picked":["Gash","Barrage"],"picked":"Turbo","floor":12.0},{"not_picked":["Electrodynamics","Streamline","Compile Driver"],"picked":"SKIP","floor":14.0},{"not_picked":["Seek","Machine Learning"],"picked":"Fission","floor":16.0},{"not_picked":["Cold Snap","Beam Cell"],"picked":"Recycle","floor":17.0},{"not_picked":["Cold Snap","Thunder Strike"],"picked":"Consume","floor":17.0},{"not_picked":["Reprogram","Barrage","Steam"],"picked":"SKIP","floor":18.0},{"not_picked":["Barrage","Steam"],"picked":"Reprogram","floor":18.0},{"not_picked":["Cold Snap","Conserve Battery"],"picked":"Force Field","floor":20.0},{"not_picked":["Force Field","Beam Cell"],"picked":"Buffer","floor":22.0},{"not_picked":["Leap","Sweeping Beam"],"picked":"Loop","floor":24.0},{"not_picked":["Compile Driver","Gash"],"picked":"Hologram","floor":25.0},{"not_picked":["Reprogram+1","Leap+1"],"picked":"Storm","floor":30.0},{"not_picked":["FTL","Gash"],"picked":"Leap+1","floor":31.0},{"not_picked":["Amplify+1","All For One"],"picked":"Seek+1","floor":33.0},{"not_picked":["Scrape","Barrage","Turbo+1"],"picked":"SKIP","floor":35.0},{"not_picked":["Chill+1","Cold Snap","Gash+1"],"picked":"SKIP","floor":38.0},{"not_picked":["Conserve Battery+1","Redo+1","Rebound+1"],"picked":"SKIP","floor":39.0},{"not_picked":["Cold Snap","Turbo+1"],"picked":"Echo Form","floor":41.0},{"not_picked":["Skim+1","Redo+1","Rebound"],"picked":"SKIP","floor":45.0},{"not_picked":["Skim+1","Redo+1","Rebound"],"picked":"SKIP","floor":45.0},{"not_picked":["Reboot+1","Capacitor"],"picked":"Glacier+1","floor":46.0},{"not_picked":["Loop","Compile Driver"],"picked":"Undo+1","floor":47.0},{"not_picked":["Ball Lightning","Go for the Eyes+1","Leap+1"],"picked":"SKIP","floor":48.0},{"not_picked":["Scrape","Sweeping Beam"],"picked":"Recycle+1","floor":55.0}],"player_experience":3024745,"relics_obtained":[{"floor":7.0,"key":"Boot"},{"floor":9.0,"key":"The Courier"},{"floor":12.0,"key":"Centennial Puzzle"},{"floor":14.0,"key":"Kunai"},{"floor":24.0,"key":"Darkstone Periapt"},{"floor":26.0,"key":"Toxic Egg 2"},{"floor":30.0,"key":"Dodecahedron"},{"floor":41.0,"key":"Omamori"},{"floor":46.0,"key":"Cables"},{"floor":55.0,"key":"Symbiotic Virus"}],"event_choices":[{"damage_healed":0.0,"max_hp_gain":0.0,"max_hp_loss":0.0,"gold_gain":0.0,"event_name":"Big Fish","player_choice":"Box","floor":2.0,"gold_loss":0.0,"damage_taken":0.0,"relics_obtained":["Thread and Needle"],"cards_obtained":["Regret"]},{"cards_removed":["Regret"],"damage_healed":0.0,"max_hp_gain":0.0,"max_hp_loss":0.0,"gold_gain":0.0,"event_name":"Fountain of Cleansing","player_choice":"Removed Curses","floor":3.0,"gold_loss":0.0,"damage_taken":0.0},{"damage_healed":0.0,"max_hp_gain":0.0,"max_hp_loss":0.0,"gold_gain":0.0,"cards_transformed":["Strike_B"],"event_name":"Living Wall","player_choice":"Change","floor":10.0,"gold_loss":0.0,"damage_taken":0.0,"cards_obtained":["White Noise"]},{"damage_healed":0.0,"max_hp_gain":0.0,"max_hp_loss":0.0,"gold_gain":0.0,"event_name":"FaceTrader","player_choice":"Trade","floor":21.0,"gold_loss":0.0,"damage_taken":0.0,"relics_obtained":["SsserpentHead"]},{"damage_healed":0.0,"max_hp_gain":0.0,"max_hp_loss":0.0,"gold_gain":0.0,"event_name":"The Mausoleum","player_choice":"Ignored","floor":28.0,"gold_loss":0.0,"damage_taken":0.0},{"damage_healed":0.0,"max_hp_gain":0.0,"max_hp_loss":0.0,"gold_gain":0.0,"event_name":"Tomb of Lord Red Mask","player_choice":"Ignored","floor":36.0,"gold_loss":0.0,"damage_taken":0.0},{"cards_removed":["Reprogram"],"damage_healed":25.0,"max_hp_gain":0.0,"max_hp_loss":0.0,"gold_gain":0.0,"event_name":"Bonfire Elementals","player_choice":"Offered Uncommon","floor":42.0,"gold_loss":0.0,"damage_taken":0.0}],"is_beta":true,"boss_relics":[{"not_picked":["Fusion Hammer","White Beast Statue"],"picked":"Orrery"},{"not_picked":["FrozenCore","Runic Dome"],"picked":"Inserter"}],"items_purged_floors":[19,29,37],"is_endless":false,"potions_floor_spawned":[5,11,12,18,20,22,33,38,41,47,48],"killed_by":"The Heart","ascension_level":20}