{"gold_per_floor":[118,137,137,62,62,62,36,50,121,121,148,160,194,207,207,278,278,291,291,191,207,44,44,61,61,61,96,146,180,200,227,227,306,306,322,60,78,78,90,121,121,121,147,197,72,86,114,130,130,130,130,130,130,24,58,58],"floor_reached":57,"playtime":2585,"items_purged":["Strike_R","Strike_R","Bash+1"],"score":3406,"play_id":"cd7a4da2-8108-4a92-aea8-7e6cdffc5cd9","local_time":"20190626120711","is_ascension_mode":true,"campfire_choices":[{"data":"Bash","floor":6.0,"key":"SMITH"},{"data":"Evolve","floor":10.0,"key":"SMITH"},{"data":"Second Wind","floor":15.0,"key":"SMITH"},{"data":"Feel No Pain","floor":23.0,"key":"SMITH"},{"data":"Immolate","floor":25.0,"key":"SMITH"},{"data":"Shockwave","floor":32.0,"key":"SMITH"},{"data":"Dark Embrace","floor":41.0,"key":"SMITH"},{"floor":49.0,"key":"RECALL"},{"data":"Defend_R","floor":53.0,"key":"SMITH"}],"neow_cost":"TEN_PERCENT_HP_LOSS","seed_source_timestamp":71481756625207,"circlet_count":0,"master_deck":["AscendersBane","Strike_R+1","Defend_R+1","Defend_R+1","Defend_R+1","Evolve+1","Shrug It Off+1","Second Wind+1","Shockwave+1","Immolate+1","Feel No Pain+1","Reckless Charge+1","Body Slam+1","Dark Embrace+1","Warcry+1","Flash of Steel"],"special_seed":0,"relics":["Black Blood","Mercury Hourglass","Meat on the Bone","Potion Belt","Bag of Preparation","Centennial Puzzle","Kunai","Dream Catcher","Mark of Pain","Sundial","Frozen Egg 2","War Paint","Anchor","FossilizedHelix"],"potions_floor_usage":[],"damage_taken":[{"damage":4.0,"enemies":"2 Louse","floor":1.0,"turns":3.0},{"damage":0.0,"enemies":"Small Slimes","floor":2.0,"turns":4.0},{"damage":0.0,"enemies":"Jaw Worm","floor":8.0,"turns":3.0},{"damage":17.0,"enemies":"Lagavulin","floor":11.0,"turns":6.0},{"damage":2.0,"enemies":"Looter","floor":12.0,"turns":4.0},{"damage":44.0,"enemies":"Gremlin Nob","floor":13.0,"turns":5.0},{"damage":1.0,"enemies":"Large Slime","floor":14.0,"turns":6.0},{"damage":0.0,"enemies":"Slime Boss","floor":16.0,"turns":15.0},{"damage":4.0,"enemies":"Chosen","floor":18.0,"turns":5.0},{"damage":7.0,"enemies":"3 Byrds","floor":21.0,"turns":3.0},{"damage":5.0,"enemies":"Cultist and Chosen","floor":24.0,"turns":7.0},{"damage":14.0,"enemies":"Slavers","floor":27.0,"turns":3.0},{"damage":0.0,"enemies":"Gremlin Leader","floor":29.0,"turns":8.0},{"damage":1.0,"enemies":"Centurion and Healer","floor":30.0,"turns":4.0},{"damage":27.0,"enemies":"Slavers","floor":31.0,"turns":6.0},{"damage":61.0,"enemies":"Automaton","floor":33.0,"turns":9.0},{"damage":8.0,"enemies":"Orb Walker","floor":35.0,"turns":4.0},{"damage":5.0,"enemies":"3 Darklings","floor":37.0,"turns":3.0},{"damage":37.0,"enemies":"Spire Growth","floor":39.0,"turns":3.0},{"damage":4.0,"enemies":"Nemesis","floor":40.0,"turns":5.0},{"damage":2.0,"enemies":"Transient","floor":46.0,"turns":5.0},{"damage":0.0,"enemies":"Reptomancer","floor":47.0,"turns":3.0},{"damage":17.0,"enemies":"3 Darklings","floor":48.0,"turns":3.0},{"damage":0.0,"enemies":"Donu and Deca","floor":50.0,"turns":5.0},{"damage":0.0,"enemies":"Time Eater","floor":51.0,"turns":6.0},{"damage":8,"enemies":"Shield and Spear","floor":55,"turns":4},{"damage":0,"enemies":"The Heart","floor":56,"turns":6}],"seed_played":"-2818650913095264720","potions_obtained":[{"floor":1.0,"key":"SteroidPotion"},{"floor":2.0,"key":"LiquidBronze"},{"floor":12.0,"key":"SkillPotion"},{"floor":14.0,"key":"EssenceOfSteel"},{"floor":16.0,"key":"AttackPotion"},{"floor":21.0,"key":"SkillPotion"},{"floor":24.0,"key":"FearPotion"},{"floor":29.0,"key":"Regen Potion"},{"floor":30.0,"key":"BloodPotion"},{"floor":35.0,"key":"FearPotion"},{"floor":46.0,"key":"AttackPotion"}],"is_trial":false,"path_per_floor":["M","M","?","$","?","R","$","M","T","R","E","M","E","M","R","B",null,"M","?","$","M","$","R","M","R","T","E","?","E","M","E","R","B",null,"M","$","M","?","M","E","R","?","T","?","$","M","E","M","R","B","B",null,"R","$","E","B",null],"character_chosen":"IRONCLAD","items_purchased":["Shrug It Off","Bag of Preparation","Sundial","Flash of Steel"],"campfire_rested":0,"item_purchase_floors":[7,22,36,54],"current_hp_per_floor":[68,68,48,48,48,48,48,54,54,54,43,47,21,38,38,44,62,68,68,68,68,68,68,68,68,68,64,64,68,68,65,65,36,60,62,62,67,67,52,58,58,58,58,52,52,60,65,58,58,65,65,65,65,65,65,65],"gold":58,"neow_bonus":"REMOVE_TWO","is_prod":false,"is_daily":false,"chose_seed":false,"campfire_upgraded":8,"win_rate":0,"timestamp":1561522031,"path_taken":["M","M","?","$","?","R","?","M","T","R","E","M","E","M","R","BOSS","M","?","$","M","$","R","M","R","T","E","?","E","?","E","R","BOSS","M","$","M","?","?","E","R","?","T","?","$","?","E","M","R","BOSS","BOSS","R","$","E","BOSS"],"build_version":"2019-06-24","purchased_purges":3,"victory":true,"max_hp_per_floor":[68,68,68,68,68,68,68,68,68,68,68,68,68,68,68,68,68,68,68,68,68,68,68,68,68,68,68,68,68,68,68,68,68,68,68,68,68,68,68,68,68,65,65,65,65,65,65,65,65,65,65,65,65,65,65,65],"card_choices":[{"not_picked":["Battle Trance","Carnage"],"picked":"Evolve","floor":1.0},{"not_picked":["Combust","Ghostly Armor","Cleave"],"picked":"SKIP","floor":2.0},{"not_picked":["Body Slam","Sword Boomerang"],"picked":"Second Wind","floor":8.0},{"not_picked":["Limit Break","Iron Wave","Warcry"],"picked":"SKIP","floor":11.0},{"not_picked":["Dropkick","Warcry","Cleave"],"picked":"SKIP","floor":12.0},{"not_picked":["Corruption","True Grit"],"picked":"Shockwave","floor":13.0},{"not_picked":["Whirlwind","Hemokinesis","Clothesline"],"picked":"SKIP","floor":14.0},{"not_picked":["Berserk","Reaper"],"picked":"Immolate","floor":16.0},{"not_picked":["Warcry","Clothesline+1"],"picked":"Feel No Pain","floor":18.0},{"not_picked":["Warcry","Twin Strike","Armaments"],"picked":"SKIP","floor":21.0},{"not_picked":["Thunderclap+1","Iron Wave","Anger"],"picked":"SKIP","floor":24.0},{"not_picked":["Thunderclap+1","Iron Wave","Anger"],"picked":"SKIP","floor":24.0},{"not_picked":["Dropkick","Perfected Strike","Iron Wave"],"picked":"SKIP","floor":27.0},{"not_picked":["Fire Breathing","Demon Form","Twin Strike"],"picked":"SKIP","floor":29.0},{"not_picked":["Clash","Heavy Blade"],"picked":"Reckless Charge+1","floor":30.0},{"not_picked":["Rage+1","Thunderclap"],"picked":"Body Slam+1","floor":31.0},{"not_picked":["Juggernaut","Impervious"],"picked":"Dark Embrace","floor":33.0},{"not_picked":["Thunderclap+1","Havoc","Wild Strike"],"picked":"SKIP","floor":35.0},{"not_picked":["Shrug It Off","Flex","Armaments"],"picked":"SKIP","floor":37.0},{"not_picked":["Flex+1","Sword Boomerang","Warcry"],"picked":"SKIP","floor":39.0},{"not_picked":["Dark Embrace","Exhume","Anger"],"picked":"SKIP","floor":40.0},{"not_picked":["Perfected Strike","Metallicize+1","Shrug It Off"],"picked":"SKIP","floor":46.0},{"not_picked":["Wild Strike","Shrug It Off","Metallicize+1"],"picked":"SKIP","floor":47.0},{"not_picked":["Wild Strike","Iron Wave"],"picked":"Warcry+1","floor":48.0},{"not_picked":["Heavy Blade","Flex","Headbutt"],"picked":"SKIP","floor":55}],"player_experience":3069486,"relics_obtained":[{"floor":9.0,"key":"Mercury Hourglass"},{"floor":11.0,"key":"Meat on the Bone"},{"floor":13.0,"key":"Potion Belt"},{"floor":27.0,"key":"Centennial Puzzle"},{"floor":29.0,"key":"Kunai"},{"floor":31.0,"key":"Dream Catcher"},{"floor":40.0,"key":"Frozen Egg 2"},{"floor":43.0,"key":"War Paint"},{"floor":47.0,"key":"Anchor"},{"floor":55,"key":"FossilizedHelix"}],"event_choices":[{"damage_healed":0.0,"max_hp_gain":0.0,"max_hp_loss":0.0,"gold_gain":0.0,"event_name":"Shining Light","player_choice":"Entered Light","floor":3.0,"gold_loss":0.0,"damage_taken":20.0,"cards_upgraded":["Strike_R","Defend_R"]},{"cards_removed":["Strike_R"],"damage_healed":0.0,"max_hp_gain":0.0,"max_hp_loss":0.0,"gold_gain":0.0,"event_name":"Living Wall","player_choice":"Forget","floor":5.0,"gold_loss":0.0,"damage_taken":0.0},{"damage_healed":0.0,"max_hp_gain":0.0,"max_hp_loss":0.0,"gold_gain":0.0,"event_name":"Vampires","player_choice":"Ignored","floor":19.0,"gold_loss":0.0,"damage_taken":0.0},{"damage_healed":0.0,"max_hp_gain":0.0,"max_hp_loss":0.0,"gold_gain":50.0,"event_name":"Nest","player_choice":"Stole From Cult","floor":28.0,"gold_loss":0.0,"damage_taken":0.0},{"damage_healed":0.0,"max_hp_gain":0.0,"max_hp_loss":0.0,"gold_gain":0.0,"event_name":"Match and Keep!","player_choice":"0 cards matched","floor":38.0,"gold_loss":0.0,"damage_taken":0.0,"cards_obtained":[]},{"damage_healed":0.0,"max_hp_gain":0.0,"max_hp_loss":3.0,"gold_gain":0.0,"event_name":"Winding Halls","player_choice":"Max HP","floor":42.0,"gold_loss":0.0,"damage_taken":0.0},{"damage_healed":0.0,"max_hp_gain":0.0,"max_hp_loss":0.0,"gold_gain":50.0,"event_name":"FaceTrader","player_choice":"Touch","floor":44.0,"gold_loss":0.0,"damage_taken":6.0}],"is_beta":true,"boss_relics":[{"not_picked":["Orrery","Sozu"],"picked":"Black Blood"},{"not_picked":["Fusion Hammer","Calling Bell"],"picked":"Mark of Pain"}],"items_purged_floors":[4,20,45],"is_endless":false,"potions_floor_spawned":[1,2,12,14,16,21,24,29,30,35,46],"ascension_level":20}