{"gold_per_floor":[116,16,27,27,27,27,62,62,62,62,62,74,88,117,117,189,189,209,134,134,34,49,49,83,106,118,55,92,104,116,144,156,242,254,285,308,97,97,113,113,138,138,138,138,148,177,27,37,37,37,37],"floor_reached":52,"playtime":2262,"items_purged":["Strike_G","Strike_G","Defend_G","Survivor"],"score":2562,"play_id":"ec3aa14b-9070-4b4d-8019-811301f130eb","local_time":"20190902112438","is_ascension_mode":true,"campfire_choices":[{"data":"Deadly Poison","floor":6.0,"key":"SMITH"},{"data":"Well Laid Plans","floor":8.0,"key":"SMITH"},{"data":"Neutralize","floor":10.0,"key":"SMITH"},{"data":"Masterful Stab","floor":15.0,"key":"SMITH"},{"data":"Calculated Gamble","floor":23.0,"key":"SMITH"},{"data":"Acrobatics","floor":29,"key":"SMITH"},{"data":"Catalyst","floor":32,"key":"SMITH"},{"data":"Deep Breath","floor":40,"key":"SMITH"},{"data":"Tactician","floor":42,"key":"SMITH"},{"data":"Backflip","floor":49,"key":"SMITH"}],"neow_cost":"TEN_PERCENT_HP_LOSS","seed_source_timestamp":1548028378003500,"circlet_count":0,"master_deck":["AscendersBane","Defend_G","Defend_G","Defend_G","Neutralize+1","Well Laid Plans+1","Deadly Poison+1","PiercingWail","Backflip+1","Corpse Explosion","Calculated Gamble+1","Ghostly","Ghostly","Ghostly","Acrobatics+1","Catalyst+1","After Image","Tactician+1","Deep Breath+1"],"special_seed":0,"relics":["Ring of the Snake","Mercury Hourglass","Blood Vial","Girya","Sozu","MawBank","Sundial","Matryoshka","Orrery","Regal Pillow","Ornamental Fan","Pen Nib","Dodecahedron"],"potions_floor_usage":[50,50],"damage_taken":[{"damage":4.0,"enemies":"Small Slimes","floor":1.0,"turns":5.0},{"damage":1.0,"enemies":"Jaw Worm","floor":3.0,"turns":5.0},{"damage":31.0,"enemies":"3 Sentries","floor":7.0,"turns":11.0},{"damage":0.0,"enemies":"2 Louse","floor":12.0,"turns":2.0},{"damage":0.0,"enemies":"2 Fungi Beasts","floor":13.0,"turns":4.0},{"damage":15.0,"enemies":"Gremlin Nob","floor":14.0,"turns":4.0},{"damage":0.0,"enemies":"The Guardian","floor":16.0,"turns":8.0},{"damage":8.0,"enemies":"Shell Parasite","floor":18.0,"turns":5.0},{"damage":0.0,"enemies":"Chosen","floor":22.0,"turns":6.0},{"damage":0.0,"enemies":"Slavers","floor":24.0,"turns":3.0},{"damage":0.0,"enemies":"Sentry and Sphere","floor":25.0,"turns":3.0},{"damage":0,"enemies":"Gremlin Leader","floor":28,"turns":6},{"damage":0,"enemies":"Centurion and Healer","floor":31,"turns":3},{"damage":20,"enemies":"Automaton","floor":33,"turns":8},{"damage":8,"enemies":"3 Shapes","floor":35,"turns":4},{"damage":0,"enemies":"Orb Walker","floor":36,"turns":4},{"damage":7,"enemies":"Transient","floor":39,"turns":6},{"damage":0,"enemies":"Reptomancer","floor":41,"turns":4},{"damage":3,"enemies":"3 Darklings","floor":45,"turns":3},{"damage":0,"enemies":"Nemesis","floor":46,"turns":3},{"damage":0,"enemies":"Sphere and 2 Shapes","floor":48,"turns":3},{"damage":0,"enemies":"Time Eater","floor":50,"turns":6},{"damage":0,"enemies":"Donu and Deca","floor":51,"turns":3}],"seed_played":"-6902600800985758408","potions_obtained":[{"floor":7.0,"key":"LiquidBronze"},{"floor":13.0,"key":"Ancient Potion"},{"floor":14.0,"key":"Dexterity Potion"}],"is_trial":false,"path_per_floor":["M","$","M","?","?","R","E","R","T","R","?","M","M","E","R","B",null,"M","$","?","$","M","R","E","M","T","?","E","R","?","M","R","B",null,"M","M","$","?","M","R","E","R","T","$","M","E","$","M","R","B","B",null],"character_chosen":"THE_SILENT","items_purchased":["Well Laid Plans","Deadly Poison","Deep Breath"],"campfire_rested":0,"item_purchase_floors":[2,2,37],"current_hp_per_floor":[55,55,54,54,47,47,16,16,16,16,16,18,20,7,7,9,47,41,41,30,30,30,30,30,30,30,30,30,30,28,30,30,10,25,19,21,21,21,16,16,18,18,18,18,17,19,19,21,21,23,25],"gold":37,"neow_bonus":"REMOVE_TWO","is_prod":false,"is_daily":false,"chose_seed":false,"campfire_upgraded":10,"win_rate":0,"timestamp":1567394678,"path_taken":["M","$","M","?","?","R","E","R","T","R","?","M","M","E","R","BOSS","M","$","?","$","M","R","E","M","T","?","E","R","?","M","R","BOSS","M","M","$","?","M","R","E","R","T","$","M","E","$","M","R","BOSS","BOSS"],"build_version":"2019-08-26","purchased_purges":4,"victory":true,"max_hp_per_floor":[60,60,60,60,60,60,60,60,60,60,60,60,60,60,60,60,60,60,60,30,30,30,30,30,30,30,30,30,30,30,30,30,30,30,30,30,30,30,30,30,30,30,30,30,30,30,30,30,30,30,30],"card_choices":[{"not_picked":["Prepared","Bane","Sucker Punch"],"picked":"SKIP","floor":1.0},{"not_picked":["Underhanded Strike","Dagger Spray"],"picked":"PiercingWail","floor":3.0},{"not_picked":["Poisoned Stab","Bane","Dagger Spray"],"picked":"SKIP","floor":7.0},{"not_picked":["Poisoned Stab","Well Laid Plans"],"picked":"Backflip","floor":12.0},{"not_picked":["PiercingWail","Dagger Throw"],"picked":"Masterful Stab","floor":13.0},{"not_picked":["Doppelganger","Deadly Poison","Bouncing Flask"],"picked":"SKIP","floor":14.0},{"not_picked":["Bullet Time","Burst"],"picked":"Corpse Explosion","floor":16.0},{"not_picked":["Backflip","PiercingWail"],"picked":"Calculated Gamble","floor":18.0},{"not_picked":["Terror","Cloak And Dagger+1","Blade Dance+1"],"picked":"SKIP","floor":22.0},{"not_picked":["Underhanded Strike","Infinite Blades"],"picked":"Acrobatics","floor":24.0},{"not_picked":["PiercingWail","Backstab","Endless Agony"],"picked":"SKIP","floor":25.0},{"not_picked":["Doppelganger","Flying Knee","Dagger Spray+1"],"picked":"SKIP","floor":28},{"not_picked":["Predator","Well Laid Plans"],"picked":"Catalyst","floor":31},{"not_picked":["Night Terror","Die Die Die"],"picked":"After Image","floor":33},{"not_picked":["Accuracy","Slice"],"picked":"Tactician","floor":34},{"not_picked":["Caltrops","Blade Dance","Deflect"],"picked":"SKIP","floor":35},{"not_picked":["Expertise","Endless Agony","Flying Knee"],"picked":"SKIP","floor":36},{"not_picked":["Skewer","Acrobatics","Dash+1"],"picked":"SKIP","floor":39},{"not_picked":["Concentrate+1","Endless Agony","Finisher"],"picked":"SKIP","floor":41},{"not_picked":["Deflect","Terror","Skewer"],"picked":"SKIP","floor":45},{"not_picked":["Die Die Die","Sucker Punch","Slice"],"picked":"SKIP","floor":46},{"not_picked":["Deflect","Blur+1","PiercingWail+1"],"picked":"SKIP","floor":48}],"player_experience":3154828,"relics_obtained":[{"floor":7.0,"key":"Mercury Hourglass"},{"floor":9.0,"key":"Blood Vial"},{"floor":14.0,"key":"Girya"},{"floor":24.0,"key":"MawBank"},{"floor":26.0,"key":"Sundial"},{"floor":28,"key":"Matryoshka"},{"floor":41,"key":"Regal Pillow"},{"floor":43,"key":"Ornamental Fan"},{"floor":43,"key":"Pen Nib"},{"floor":46,"key":"Dodecahedron"}],"event_choices":[{"damage_healed":0.0,"max_hp_gain":0.0,"max_hp_loss":0.0,"gold_gain":0.0,"event_name":"Liars Game","player_choice":"Ignored","floor":4.0,"gold_loss":0.0,"damage_taken":0.0},{"cards_removed":["Strike_G"],"damage_healed":0.0,"max_hp_gain":0.0,"max_hp_loss":0.0,"gold_gain":0.0,"event_name":"Golden Wing","player_choice":"Card Removal","floor":5.0,"gold_loss":0.0,"damage_taken":7.0},{"damage_healed":0.0,"max_hp_gain":0.0,"max_hp_loss":0.0,"gold_gain":0.0,"event_name":"Scrap Ooze","player_choice":"Fled","floor":11.0,"gold_loss":0.0,"damage_taken":0.0},{"damage_healed":0.0,"max_hp_gain":0.0,"max_hp_loss":30.0,"gold_gain":0.0,"event_name":"Ghosts","player_choice":"Became a Ghost","floor":20.0,"gold_loss":0.0,"damage_taken":0.0,"cards_obtained":["Ghostly","Ghostly","Ghostly"]},{"cards_removed":["Strike_G"],"damage_healed":0.0,"max_hp_gain":0.0,"max_hp_loss":0.0,"gold_gain":0.0,"event_name":"Beggar","player_choice":"Gave Gold","floor":27.0,"gold_loss":75.0,"damage_taken":0.0},{"damage_healed":0,"gold_gain":0,"player_choice":"Bought 0 Potions","damage_taken":0,"max_hp_gain":0,"max_hp_loss":0,"event_name":"The Woman in Blue","floor":30,"gold_loss":0},{"cards_removed":["Masterful Stab"],"damage_healed":0,"gold_gain":0,"player_choice":"Removed Attack","damage_taken":0,"max_hp_gain":0,"max_hp_loss":0,"event_name":"Falling","floor":38,"gold_loss":0}],"is_beta":true,"boss_relics":[{"not_picked":["White Beast Statue","Ring of the Serpent"],"picked":"Sozu"},{"not_picked":["Snecko Eye","Fusion Hammer"],"picked":"Orrery"}],"items_purged_floors":[19,21,37,47],"is_endless":false,"potions_floor_spawned":[7,13,14,22,24,33,35,41,46,48],"ascension_level":20}