{"gold_per_floor":[110,110,110,180,190,190,2,22,22,22,22,39,39,56,56,159,159,171,171,189,189],"floor_reached":21,"playtime":1938,"items_purged":[],"score":169,"play_id":"691263a0-1ab3-45c5-aed8-6a8402132316","local_time":"20181227212622","is_ascension_mode":false,"campfire_choices":[{"data":"Conserve Battery","floor":6.0,"key":"SMITH"},{"data":"Rip and Tear","floor":15.0,"key":"SMITH"}],"neow_cost":"NONE","seed_source_timestamp":0,"circlet_count":0,"master_deck":["Strike_B","Strike_B","Strike_B","Strike_B+1","Defend_B+1","Defend_B","Defend_B","Defend_B","Zap","Dualcast","Conserve Battery+1","Sweeping Beam","Chaos","Self Repair","Rip and Tear+1","Sweeping Beam","Chaos","Streamline","Multi-Cast","Ball Lightning","Reprogram","Amplify","Static Discharge","Undo","Leap","Bandage Up","Consume","Biased Cognition"],"special_seed":0,"relics":["Cracked Core","Letter Opener","Gremlin Horn","Orrery"],"potions_floor_usage":[],"damage_taken":[{"damage":1.0,"enemies":"Cultist","floor":1.0,"turns":4.0},{"damage":2.0,"enemies":"Small Slimes","floor":5.0,"turns":4.0},{"damage":1.0,"enemies":"Jaw Worm","floor":8.0,"turns":2.0},{"damage":0.0,"enemies":"Exordium Thugs","floor":12.0,"turns":4.0},{"damage":2.0,"enemies":"Large Slime","floor":14.0,"turns":5.0},{"damage":48.0,"enemies":"The Guardian","floor":16.0,"turns":9.0},{"damage":22,"enemies":"Spheric Guardian","floor":18,"turns":4},{"damage":40,"enemies":"2 Thieves","floor":20,"turns":4},{"damage":23,"enemies":"Chosen and Byrds","floor":21,"turns":4}],"seed_played":"-1548232714288781194","potions_obtained":[{"floor":0.0,"key":"Weak Potion"},{"floor":0.0,"key":"Swift Potion"},{"floor":0.0,"key":"FocusPotion"},{"floor":16.0,"key":"PowerPotion"}],"is_trial":false,"path_per_floor":["M","?","?","T","M","R","$","M","T","?","?","M","$","M","R","B",null,"M","?","M","M"],"character_chosen":"DEFECT","items_purchased":["Chaos","Self Repair","Rip and Tear"],"campfire_rested":0,"item_purchase_floors":[7,7,7],"current_hp_per_floor":[74,74,74,74,72,72,72,71,71,56,56,63,63,68,68,20,75,53,53,13,0],"gold":189,"neow_bonus":"THREE_SMALL_POTIONS","is_prod":false,"is_daily":false,"chose_seed":false,"campfire_upgraded":2,"win_rate":0.0,"timestamp":1545974782,"path_taken":["M","?","?","?","?","R","$","M","T","?","?","?","?","M","R","BOSS","M","?","?","M"],"build_version":"2018-12-20","purchased_purges":0,"victory":false,"max_hp_per_floor":[75,75,75,75,75,75,75,75,75,75,75,75,75,75,75,75,75,75,75,75,75],"card_choices":[{"not_picked":["Go for the Eyes","Steam"],"picked":"Conserve Battery","floor":1.0},{"not_picked":["Hologram","Stack"],"picked":"Sweeping Beam","floor":5.0},{"not_picked":["Rebound","Double Energy"],"picked":"Sweeping Beam","floor":8.0},{"not_picked":["Go for the Eyes","Gash"],"picked":"Chaos","floor":12.0},{"not_picked":["Steam","Stack"],"picked":"Streamline","floor":14.0},{"not_picked":["Seek","Echo Form"],"picked":"Multi-Cast","floor":16.0},{"not_picked":["Rebound","Redo"],"picked":"Ball Lightning","floor":17.0},{"not_picked":["Sweeping Beam","Beam Cell"],"picked":"Reprogram","floor":17.0},{"not_picked":["Beam Cell","Hologram"],"picked":"Amplify","floor":17.0},{"not_picked":["Sweeping Beam","Compile Driver"],"picked":"Static Discharge","floor":17.0},{"not_picked":["Sweeping Beam","Compile Driver"],"picked":"Undo","floor":17.0},{"not_picked":["Cold Snap","Blizzard"],"picked":"Leap","floor":18},{"not_picked":["Streamline","Consume"],"picked":"Biased Cognition","floor":20}],"player_experience":40473,"relics_obtained":[{"floor":4.0,"key":"Letter Opener"},{"floor":9.0,"key":"Gremlin Horn"}],"event_choices":[{"damage_healed":0.0,"max_hp_gain":0.0,"max_hp_loss":0.0,"gold_gain":0.0,"event_name":"Golden Wing","player_choice":"Ignored","floor":2.0,"gold_loss":0.0,"damage_taken":0.0},{"damage_healed":0.0,"max_hp_gain":0.0,"max_hp_loss":0.0,"gold_gain":0.0,"event_name":"The Cleric","player_choice":"Leave","floor":3.0,"gold_loss":0.0,"damage_taken":0.0},{"damage_healed":0.0,"max_hp_gain":0.0,"max_hp_loss":0.0,"gold_gain":0.0,"event_name":"Shining Light","player_choice":"Entered Light","floor":10.0,"gold_loss":0.0,"damage_taken":15.0,"cards_upgraded":["Strike_B","Defend_B"]},{"damage_healed":0.0,"max_hp_gain":0.0,"max_hp_loss":0.0,"gold_gain":0.0,"event_name":"NoteForYourself","player_choice":"Ignored","floor":11.0,"gold_loss":0.0,"damage_taken":0.0},{"damage_healed":0,"gold_gain":0,"player_choice":"2 cards matched","damage_taken":0,"max_hp_gain":0,"max_hp_loss":0,"event_name":"Match and Keep!","floor":19,"gold_loss":0,"cards_obtained":["Bandage Up","Consume"]}],"is_beta":false,"boss_relics":[{"not_picked":["Black Star","Sozu"],"picked":"Orrery"}],"items_purged_floors":[],"is_endless":false,"potions_floor_spawned":[5,16],"killed_by":"Chosen and Byrds","ascension_level":0}