{"gold_per_floor":[111,127,145,165,20,20,20,20,20,20,31,31,31,41,41,146,196,209,193,193,267,36,36,54,64,146,176,186,202,216,251,251,251],"floor_reached":33,"playtime":3328,"items_purged":[],"score":261,"play_id":"806b7dd7-2035-41a8-8b21-5e456946a42f","local_time":"20190912090424","is_ascension_mode":false,"campfire_choices":[{"data":"Redo","floor":6.0,"key":"SMITH"},{"data":"Leap","floor":10.0,"key":"SMITH"},{"data":"Zap","floor":12.0,"key":"SMITH"},{"floor":15.0,"key":"REST"},{"data":"Loop","floor":23.0,"key":"SMITH"},{"floor":32,"key":"REST"}],"neow_cost":"NONE","seed_source_timestamp":0,"circlet_count":0,"master_deck":["Strike_B","Strike_B","Strike_B","Strike_B","Defend_B","Defend_B","Defend_B","Defend_B","Zap+1","Dualcast","Stack","Conserve Battery","Redo+1","BootSequence","Leap+1","Chill","Conserve Battery","Beam Cell","Go for the Eyes+1","Ball Lightning","Barrage+1","Loop+1","Loop","Cold Snap","Compile Driver","Compile Driver+1","Genetic Algorithm","Redo+1","Glacier+1","Stack","Self Repair"],"special_seed":0,"relics":["Cracked Core","Orrery","Gremlin Horn","Pocketwatch","Tiny House","Question Card","Darkstone Periapt","Happy Flower","Mercury Hourglass","Dream Catcher","Red Mask"],"potions_floor_usage":[25,25,27,28,31],"damage_taken":[{"damage":1.0,"enemies":"Cultist","floor":1.0,"turns":4.0},{"damage":6.0,"enemies":"Jaw Worm","floor":2.0,"turns":3.0},{"damage":0.0,"enemies":"2 Louse","floor":3.0,"turns":3.0},{"damage":1.0,"enemies":"Red Slaver","floor":4.0,"turns":3.0},{"damage":0.0,"enemies":"Exordium Thugs","floor":11.0,"turns":6.0},{"damage":0.0,"enemies":"Looter","floor":14.0,"turns":3.0},{"damage":51.0,"enemies":"Slime Boss","floor":16.0,"turns":14.0},{"damage":0.0,"enemies":"Shell Parasite","floor":18.0,"turns":7.0},{"damage":2.0,"enemies":"2 Thieves","floor":19.0,"turns":4.0},{"damage":1.0,"enemies":"Snecko","floor":24.0,"turns":6.0},{"damage":8,"enemies":"Cultist and Chosen","floor":25,"turns":6},{"damage":15,"enemies":"Book of Stabbing","floor":27,"turns":7},{"damage":13,"enemies":"3 Cultists","floor":28,"turns":7},{"damage":1,"enemies":"Chosen and Byrds","floor":29,"turns":5},{"damage":5,"enemies":"Snake Plant","floor":30,"turns":4},{"damage":1,"enemies":"Masked Bandits","floor":31,"turns":5},{"damage":72,"enemies":"Collector","floor":33,"turns":13}],"seed_played":"371208015764439810","potions_obtained":[{"floor":0.0,"key":"Weak Potion"},{"floor":0.0,"key":"SteroidPotion"},{"floor":0.0,"key":"Fruit Juice"},{"floor":4.0,"key":"EssenceOfSteel"},{"floor":13.0,"key":"AttackPotion"},{"floor":14.0,"key":"LiquidBronze"},{"floor":17.0,"key":"Ancient Potion"},{"floor":18.0,"key":"Weak Potion"},{"floor":19.0,"key":"EssenceOfSteel"},{"floor":25,"key":"Weak Potion"},{"floor":29,"key":"SteroidPotion"},{"floor":30,"key":"FearPotion"}],"is_trial":false,"path_per_floor":["M","M","M","M","$","R","?","?","T","R","M","R","?","M","R","B",null,"M","M","T","T","$","R","M","M","T","E","M","M","M","?","R","B"],"character_chosen":"DEFECT","items_purchased":["Orrery","Happy Flower","Loop"],"campfire_rested":2,"item_purchase_floors":[5,22,22],"current_hp_per_floor":[79,73,73,72,72,72,72,72,72,72,72,72,72,72,80,29,85,85,83,83,83,83,83,82,74,74,59,46,45,40,39,64,0],"gold":251,"neow_bonus":"THREE_SMALL_POTIONS","is_prod":false,"is_daily":false,"chose_seed":false,"campfire_upgraded":4,"win_rate":0.0,"timestamp":1568304264,"path_taken":["M","M","M","M","$","R","?","?","T","R","?","R","?","M","R","BOSS","M","M","?","?","$","R","M","M","T","E","M","M","M","?","R","BOSS"],"build_version":"2019-09-11v2","purchased_purges":0,"victory":false,"max_hp_per_floor":[80,80,80,80,80,80,80,80,80,80,80,80,80,80,80,80,85,85,85,85,85,85,85,85,85,85,85,85,85,85,85,85,85],"card_choices":[{"not_picked":["Beam Cell","Storm"],"picked":"Stack","floor":1.0},{"not_picked":["Gash","Double Energy"],"picked":"Conserve Battery","floor":2.0},{"not_picked":["Sweeping Beam","Steam","Heatsinks"],"picked":"SKIP","floor":3.0},{"not_picked":["Sweeping Beam","Conserve Battery"],"picked":"Redo","floor":4.0},{"not_picked":["FTL","Beam Cell"],"picked":"BootSequence","floor":5.0},{"not_picked":["Stack","Barrage"],"picked":"Leap","floor":5.0},{"not_picked":["Force Field","Sweeping Beam"],"picked":"Chill","floor":5.0},{"not_picked":["Go for the Eyes","Machine Learning"],"picked":"Conserve Battery","floor":5.0},{"not_picked":["Consume","Scrape"],"picked":"Beam Cell","floor":11.0},{"not_picked":["Gash","Rebound"],"picked":"Go for the Eyes","floor":14.0},{"not_picked":["Cold Snap","Double Energy"],"picked":"Ball Lightning","floor":17.0},{"not_picked":["Streamline","Gash"],"picked":"Barrage+1","floor":18.0},{"not_picked":["Beam Cell","Hologram"],"picked":"Loop","floor":19.0},{"not_picked":["Rainbow","Compile Driver","Redo"],"picked":"Cold Snap","floor":24},{"not_picked":["Scrape","Beam Cell","Reprogram"],"picked":"Compile Driver","floor":25},{"not_picked":["Amplify","Beam Cell+1","Rebound"],"picked":"Compile Driver+1","floor":27},{"not_picked":["Heatsinks+1","Conserve Battery","Cold Snap"],"picked":"Genetic Algorithm","floor":28},{"not_picked":["Reboot","FTL","Lockon"],"picked":"Redo+1","floor":29},{"not_picked":["Heatsinks","Rip and Tear","Darkness"],"picked":"Glacier+1","floor":30},{"not_picked":["Steam","Hologram","Cold Snap+1"],"picked":"Stack","floor":31},{"not_picked":["Hello World","Lockon","Gash"],"picked":"Self Repair","floor":32}],"player_experience":11260,"relics_obtained":[{"floor":9.0,"key":"Pocketwatch"},{"floor":20.0,"key":"Question Card"},{"floor":21.0,"key":"Darkstone Periapt"},{"floor":26,"key":"Mercury Hourglass"},{"floor":27,"key":"Dream Catcher"},{"floor":31,"key":"Red Mask"}],"event_choices":[{"damage_healed":0.0,"max_hp_gain":0.0,"max_hp_loss":0.0,"gold_gain":0.0,"event_name":"Golden Wing","player_choice":"Ignored","floor":7.0,"gold_loss":0.0,"damage_taken":0.0},{"damage_healed":0.0,"max_hp_gain":0.0,"max_hp_loss":0.0,"gold_gain":0.0,"event_name":"WeMeetAgain","player_choice":"Gave Potion","floor":8.0,"gold_loss":0.0,"damage_taken":0.0,"relics_obtained":["Gremlin Horn"]},{"damage_healed":0.0,"max_hp_gain":0.0,"max_hp_loss":0.0,"gold_gain":0.0,"event_name":"Lab","player_choice":"Got Potions","floor":13.0,"gold_loss":0.0,"damage_taken":0.0},{"damage_healed":0,"gold_gain":0,"player_choice":"Fought Bandits","damage_taken":0,"max_hp_gain":0,"max_hp_loss":0,"event_name":"Masked Bandits","floor":31,"gold_loss":0}],"is_beta":true,"boss_relics":[{"not_picked":["Fusion Hammer","Nuclear Battery"],"picked":"Tiny House"}],"items_purged_floors":[],"is_endless":false,"potions_floor_spawned":[4,14,18,19,25,29,30],"killed_by":"Collector","ascension_level":0}