{"gold_per_floor":[110,110,110,36,56,56,56,67,67,96,112,147,159,139,139,212,212,222,222],"floor_reached":19,"playtime":583,"items_purged":[],"score":454,"play_id":"8f306138-f5e2-4cf5-b840-7594b7574bc7","local_time":"20190918222206","is_ascension_mode":true,"campfire_choices":[{"data":"Armaments","floor":6.0,"key":"SMITH"},{"data":"Evolve","floor":15.0,"key":"SMITH"}],"neow_cost":"NONE","seed_source_timestamp":707959399046993,"circlet_count":0,"master_deck":["AscendersBane","Strike_R","Strike_R","Strike_R","Defend_R+1","Defend_R+1","Defend_R","Defend_R","Bash","Armaments+1","Feel No Pain","Evolve+1","Body Slam","Spot Weakness","True Grit","Seeing Red"],"special_seed":0,"relics":["Burning Blood","NeowsBlessing","Thread and Needle","Art of War","Red Skull","Empty Cage"],"potions_floor_usage":[],"damage_taken":[{"damage":0.0,"enemies":"Cultist","floor":1.0,"turns":1.0},{"damage":0.0,"enemies":"2 Louse","floor":5.0,"turns":1.0},{"damage":0.0,"enemies":"Jaw Worm","floor":8.0,"turns":1.0},{"damage":5.0,"enemies":"3 Sentries","floor":10.0,"turns":10.0},{"damage":8.0,"enemies":"Lots of Slimes","floor":11.0,"turns":6.0},{"damage":58.0,"enemies":"Gremlin Nob","floor":12.0,"turns":5.0},{"damage":4.0,"enemies":"Blue Slaver","floor":13.0,"turns":3.0},{"damage":0.0,"enemies":"Slime Boss","floor":16.0,"turns":5.0},{"damage":9.0,"enemies":"Shell Parasite","floor":18.0,"turns":9.0},{"damage":64,"enemies":"3 Byrds","floor":19,"turns":7}],"seed_played":"-3012101888791453914","potions_obtained":[{"floor":3.0,"key":"SkillPotion"},{"floor":3.0,"key":"EntropicBrew"},{"floor":11.0,"key":"SkillPotion"},{"floor":13.0,"key":"PowerPotion"}],"is_trial":false,"path_per_floor":["M","?","?","$","M","R","$","M","T","E","M","E","M","?","R","B",null,"M","M"],"character_chosen":"IRONCLAD","items_purchased":["Feel No Pain"],"campfire_rested":0,"item_purchase_floors":[4],"current_hp_per_floor":[74,51,51,51,57,57,57,63,63,64,62,10,12,12,12,18,61,58,0],"gold":222,"neow_bonus":"THREE_ENEMY_KILL","is_prod":false,"is_daily":false,"chose_seed":false,"campfire_upgraded":2,"win_rate":0,"timestamp":1568816526,"path_taken":["M","?","?","$","?","R","?","?","T","E","M","E","M","?","R","BOSS","M","M"],"build_version":"2019-09-17","purchased_purges":0,"victory":false,"max_hp_per_floor":[75,75,75,75,75,75,75,75,75,75,75,75,75,75,75,75,75,75,75],"card_choices":[{"not_picked":["Clash","Heavy Blade"],"picked":"Armaments","floor":1.0},{"not_picked":["Warcry","Twin Strike"],"picked":"Evolve","floor":5.0},{"not_picked":["Wild Strike","Evolve","Cleave"],"picked":"SKIP","floor":8.0},{"not_picked":["Inflame","Clash"],"picked":"Body Slam","floor":10.0},{"not_picked":["Twin Strike","Evolve"],"picked":"Spot Weakness","floor":11.0},{"not_picked":["Disarm","Blood for Blood"],"picked":"True Grit","floor":12.0},{"not_picked":["Warcry","Disarm"],"picked":"Seeing Red","floor":13.0},{"not_picked":["Corruption","Armaments","True Grit"],"picked":"SKIP","floor":18.0}],"player_experience":847414,"relics_obtained":[{"floor":9.0,"key":"Thread and Needle"},{"floor":10.0,"key":"Art of War"},{"floor":12.0,"key":"Red Skull"}],"event_choices":[{"damage_healed":0.0,"max_hp_gain":0.0,"max_hp_loss":0.0,"gold_gain":0.0,"event_name":"Shining Light","player_choice":"Entered Light","floor":2.0,"gold_loss":0.0,"damage_taken":23.0,"cards_upgraded":["Defend_R","Defend_R"]},{"damage_healed":0.0,"max_hp_gain":0.0,"max_hp_loss":0.0,"gold_gain":0.0,"event_name":"Lab","player_choice":"Got Potions","floor":3.0,"gold_loss":0.0,"damage_taken":0.0},{"damage_healed":0.0,"max_hp_gain":0.0,"max_hp_loss":0.0,"gold_gain":0.0,"event_name":"The Woman in Blue","player_choice":"Bought 1 Potion","floor":14.0,"gold_loss":0.0,"damage_taken":0.0}],"is_beta":true,"boss_relics":[{"not_picked":["Velvet Choker","Philosopher\u0027s Stone"],"picked":"Empty Cage"}],"items_purged_floors":[],"is_endless":false,"potions_floor_spawned":[5,11,13],"killed_by":"3 Byrds","ascension_level":20}