{"gold_per_floor":[364,364,364,29,29,29,42,42,95,95,11,23,38,38,38,113,113,130,145,145,145,70,70,96,96,96,96,46,77,88,98,98,171,471,484,484,266,284,304,329,340,370,370,396,413,413,465,76,76,76,76,76,76,22,54,54],"floor_reached":57,"playtime":1888,"items_purged":["Strike_R","Bash","Strike_R"],"score":3332,"play_id":"26ad4dc5-e729-4e62-b6c6-f1a8d509337f","local_time":"20190920223651","is_ascension_mode":true,"campfire_choices":[{"data":"Armaments","floor":6.0,"key":"SMITH"},{"data":"Dark Embrace","floor":8.0,"key":"SMITH"},{"data":"Battle Trance","floor":10.0,"key":"SMITH"},{"data":"Fire Breathing","floor":15.0,"key":"SMITH"},{"data":"Evolve","floor":23.0,"key":"SMITH"},{"data":"Barricade","floor":27.0,"key":"SMITH"},{"data":"Power Through","floor":32.0,"key":"SMITH"},{"floor":49,"key":"RECALL"},{"data":"Body Slam","floor":53,"key":"SMITH"}],"neow_cost":"TEN_PERCENT_HP_LOSS","seed_source_timestamp":880243728706520,"circlet_count":0,"master_deck":["AscendersBane","Defend_R+1","Defend_R+1","Defend_R","Defend_R","Body Slam+1","Power Through+1","Fire Breathing+1","Reckless Charge","Dark Embrace+1","Armaments+1","Seeing Red","Seeing Red","Battle Trance+1","Evolve+1","Barricade+1","True Grit","Necronomicurse","Ghostly","Ghostly","Ghostly","Warcry+1","Offering+1","CurseOfTheBell","Entrench+1","Disarm","Corruption+1","Sentinel+1"],"special_seed":0,"relics":["Burning Blood","PreservedInsect","Orrery","Oddly Smooth Stone","Runic Dome","Necronomicon","Mercury Hourglass","Smiling Mask","Pantograph","Calling Bell","Ancient Tea Set","Kunai","Old Coin","Pen Nib","Red Skull","Potion Belt","Strawberry","Bird Faced Urn","FossilizedHelix","Shuriken"],"potions_floor_usage":[41,47,56,56,56],"damage_taken":[{"damage":9.0,"enemies":"2 Louse","floor":1.0,"turns":3.0},{"damage":1.0,"enemies":"Small Slimes","floor":7.0,"turns":3.0},{"damage":3.0,"enemies":"Jaw Worm","floor":12.0,"turns":4.0},{"damage":5.0,"enemies":"3 Louse","floor":13.0,"turns":4.0},{"damage":0.0,"enemies":"Slime Boss","floor":16.0,"turns":4.0},{"damage":18.0,"enemies":"3 Byrds","floor":18.0,"turns":4.0},{"damage":12.0,"enemies":"2 Thieves","floor":19.0,"turns":4.0},{"damage":3.0,"enemies":"Book of Stabbing","floor":24.0,"turns":6.0},{"damage":5.0,"enemies":"Gremlin Leader","floor":29.0,"turns":6.0},{"damage":3.0,"enemies":"Centurion and Healer","floor":30.0,"turns":6.0},{"damage":1.0,"enemies":"Chosen and Byrds","floor":31.0,"turns":4.0},{"damage":0.0,"enemies":"Collector","floor":33.0,"turns":6.0},{"damage":16.0,"enemies":"3 Darklings","floor":35.0,"turns":4.0},{"damage":1,"enemies":"3 Shapes","floor":38,"turns":4},{"damage":1,"enemies":"Jaw Worm Horde","floor":39,"turns":2},{"damage":2,"enemies":"Giant Head","floor":40,"turns":4},{"damage":29,"enemies":"3 Darklings","floor":41,"turns":3},{"damage":4,"enemies":"Nemesis","floor":42,"turns":7},{"damage":0,"enemies":"Giant Head","floor":44,"turns":6},{"damage":15,"enemies":"4 Shapes","floor":45,"turns":3},{"damage":2,"enemies":"2 Orb Walkers","floor":47,"turns":4},{"damage":0,"enemies":"Awakened One","floor":50,"turns":5},{"damage":0,"enemies":"Donu and Deca","floor":51,"turns":6},{"damage":0,"enemies":"Shield and Spear","floor":55,"turns":2},{"damage":22,"enemies":"The Heart","floor":56,"turns":10}],"seed_played":"7019595911513528559","potions_obtained":[{"floor":13.0,"key":"SpeedPotion"},{"floor":16.0,"key":"SteroidPotion"},{"floor":29.0,"key":"PowerPotion"},{"floor":45,"key":"EssenceOfSteel"},{"floor":55,"key":"Strength Potion"}],"is_trial":false,"path_per_floor":["M","?","?","$","?","R","M","R","T","R","$","M","M","?","R","B",null,"M","M","?","?","?","R","E","?","T","R","$","E","M","M","R","B",null,"M","?","$","M","M","E","M","E","T","E","M","?","?","$","R","B","B",null,"R","$","E","B",null],"character_chosen":"IRONCLAD","items_purchased":["Fire Breathing","Orrery","Battle Trance","Evolve","Pen Nib","FossilizedHelix","Swift Potion"],"campfire_rested":0,"item_purchase_floors":[4,4,4,11,37,48,54],"current_hp_per_floor":[65,65,54,54,34,34,39,39,39,39,39,42,43,36,36,42,62,50,44,23,23,23,23,26,26,26,26,26,27,30,34,34,34,34,24,24,24,29,34,34,11,13,13,26,17,34,34,34,34,34,34,34,34,34,34,19],"gold":54,"neow_bonus":"TWO_FIFTY_GOLD","is_prod":false,"is_daily":false,"chose_seed":false,"campfire_upgraded":8,"win_rate":0,"timestamp":1568990211,"path_taken":["M","?","?","$","?","R","M","R","T","R","$","M","?","?","R","BOSS","M","M","?","?","?","R","E","?","T","R","?","E","M","?","R","BOSS","M","?","$","?","M","E","M","E","T","E","M","?","?","$","R","BOSS","BOSS","R","$","E","BOSS"],"build_version":"2019-09-19","purchased_purges":3,"victory":true,"max_hp_per_floor":[68,68,68,68,68,68,68,68,68,68,68,68,68,68,68,68,68,68,68,68,34,34,34,34,34,34,34,34,34,34,34,34,34,34,34,34,34,34,34,34,34,34,34,41,41,34,34,34,34,34,34,34,34,34,34,34],"card_choices":[{"not_picked":["Warcry","Shrug It Off"],"picked":"Body Slam","floor":1.0},{"not_picked":["Heavy Blade","Iron Wave"],"picked":"Reckless Charge","floor":4.0},{"not_picked":["Intimidate","Twin Strike"],"picked":"Dark Embrace","floor":4.0},{"not_picked":["Iron Wave","Perfected Strike"],"picked":"Armaments","floor":4.0},{"not_picked":["Searing Blow","Armaments"],"picked":"Seeing Red","floor":4.0},{"not_picked":["Flame Barrier","Havoc"],"picked":"Seeing Red","floor":4.0},{"not_picked":["Carnage","Wild Strike","Sentinel"],"picked":"SKIP","floor":7.0},{"not_picked":["Heavy Blade","Iron Wave","Clothesline"],"picked":"SKIP","floor":12.0},{"not_picked":["Iron Wave","Sword Boomerang","Battle Trance"],"picked":"SKIP","floor":13.0},{"not_picked":["Berserk","Double Tap"],"picked":"Barricade","floor":16.0},{"not_picked":["Ghostly Armor","Headbutt","Pommel Strike"],"picked":"SKIP","floor":18.0},{"not_picked":["Battle Trance","Shockwave+1"],"picked":"True Grit","floor":19.0},{"not_picked":["Sword Boomerang","Seeing Red","Body Slam"],"picked":"SKIP","floor":24.0},{"not_picked":["Headbutt","Cleave"],"picked":"Warcry+1","floor":29.0},{"not_picked":["Dropkick+1","Body Slam","Clothesline"],"picked":"SKIP","floor":30.0},{"not_picked":["Cleave","Inflame","Fire Breathing"],"picked":"SKIP","floor":31.0},{"not_picked":["Bludgeon","Impervious"],"picked":"Offering","floor":33.0},{"not_picked":["Blood for Blood","Battle Trance","Inflame"],"picked":"SKIP","floor":35.0},{"not_picked":["Hemokinesis","Bloodletting+1","Perfected Strike"],"picked":"SKIP","floor":38},{"not_picked":["Blood for Blood","Headbutt","Sword Boomerang"],"picked":"SKIP","floor":39},{"not_picked":["Shockwave","Flex","Cleave"],"picked":"SKIP","floor":40},{"not_picked":["Fiend Fire","Thunderclap","Hemokinesis"],"picked":"SKIP","floor":41},{"not_picked":["Anger+1","Pommel Strike","Havoc"],"picked":"SKIP","floor":42},{"not_picked":["Body Slam","Wild Strike"],"picked":"Entrench+1","floor":44},{"not_picked":["Thunderclap","Flex"],"picked":"Disarm","floor":45},{"not_picked":["Armaments","Havoc"],"picked":"Corruption+1","floor":47},{"not_picked":["Hemokinesis","Offering"],"picked":"Sentinel+1","floor":55}],"player_experience":897600,"relics_obtained":[{"floor":9.0,"key":"Oddly Smooth Stone"},{"floor":20.0,"key":"Necronomicon"},{"floor":24.0,"key":"Mercury Hourglass"},{"floor":26.0,"key":"Smiling Mask"},{"floor":29.0,"key":"Pantograph"},{"floor":34.0,"key":"Ancient Tea Set"},{"floor":34.0,"key":"Kunai"},{"floor":34.0,"key":"Old Coin"},{"floor":40,"key":"Red Skull"},{"floor":42,"key":"Potion Belt"},{"floor":44,"key":"Strawberry"},{"floor":47,"key":"Bird Faced Urn"},{"floor":55,"key":"Shuriken"}],"event_choices":[{"damage_healed":0.0,"max_hp_gain":0.0,"max_hp_loss":0.0,"gold_gain":0.0,"cards_transformed":["Strike_R"],"event_name":"Living Wall","player_choice":"Change","floor":2.0,"gold_loss":0.0,"damage_taken":0.0,"cards_obtained":["Power Through"]},{"damage_healed":0.0,"max_hp_gain":0.0,"max_hp_loss":0.0,"gold_gain":0.0,"event_name":"Scrap Ooze","player_choice":"Success","floor":3.0,"gold_loss":0.0,"damage_taken":11.0,"relics_obtained":["PreservedInsect"]},{"damage_healed":0.0,"max_hp_gain":0.0,"max_hp_loss":0.0,"gold_gain":0.0,"event_name":"Shining Light","player_choice":"Entered Light","floor":5.0,"gold_loss":0.0,"damage_taken":20.0,"cards_upgraded":["Defend_R","Defend_R"]},{"cards_removed":["Strike_R"],"damage_healed":0.0,"max_hp_gain":0.0,"max_hp_loss":0.0,"gold_gain":0.0,"event_name":"Golden Wing","player_choice":"Card Removal","floor":14.0,"gold_loss":0.0,"damage_taken":7.0},{"damage_healed":0.0,"max_hp_gain":0.0,"max_hp_loss":0.0,"gold_gain":0.0,"event_name":"Cursed Tome","player_choice":"Obtained Book","floor":20.0,"gold_loss":0.0,"damage_taken":21.0},{"damage_healed":0.0,"max_hp_gain":0.0,"max_hp_loss":34.0,"gold_gain":0.0,"event_name":"Ghosts","player_choice":"Became a Ghost","floor":21.0,"gold_loss":0.0,"damage_taken":0.0,"cards_obtained":["Ghostly","Ghostly","Ghostly"]},{"cards_removed":["Strike_R"],"damage_healed":0.0,"max_hp_gain":0.0,"max_hp_loss":0.0,"gold_gain":0.0,"event_name":"Beggar","player_choice":"Gave Gold","floor":22.0,"gold_loss":75.0,"damage_taken":0.0},{"damage_healed":0.0,"max_hp_gain":0.0,"max_hp_loss":0.0,"gold_gain":0.0,"event_name":"Vampires","player_choice":"Ignored","floor":25.0,"gold_loss":0.0,"damage_taken":0.0},{"damage_healed":0.0,"max_hp_gain":0.0,"max_hp_loss":0.0,"gold_gain":0.0,"event_name":"Upgrade Shrine","player_choice":"Upgraded","floor":36.0,"gold_loss":0.0,"damage_taken":0.0,"cards_upgraded":["Offering"]},{"damage_healed":34,"gold_gain":0,"player_choice":"Heal","damage_taken":0,"max_hp_gain":0,"max_hp_loss":7,"event_name":"The Moai Head","floor":46,"gold_loss":0},{"damage_healed":0,"gold_gain":0,"player_choice":"Fight","damage_taken":0,"max_hp_gain":0,"max_hp_loss":0,"event_name":"Mysterious Sphere","floor":47,"gold_loss":0}],"is_beta":true,"boss_relics":[{"not_picked":["Tiny House","Runic Cube"],"picked":"Runic Dome"},{"not_picked":["SlaversCollar","Coffee Dripper"],"picked":"Calling Bell"}],"items_purged_floors":[28,37,48],"is_endless":false,"potions_floor_spawned":[13,16,18,29,35,38,40,45,55],"ascension_level":20}