{"gold_per_floor":[217,237,9,9,26,26,39,39,39,66,66,86,86,86,86,185,185,203,203,26,26,30,30,42,42],"floor_reached":25,"playtime":2767,"items_purged":[],"score":201,"play_id":"22955278-5da6-4977-a731-3e2bba5ccf68","local_time":"20190120172147","is_ascension_mode":false,"campfire_choices":[{"data":"Predator","floor":6,"key":"SMITH"},{"data":"Crippling Poison","floor":8,"key":"SMITH"},{"floor":11,"key":"REST"},{"data":"Backstab","floor":13,"key":"SMITH"},{"floor":15,"key":"REST"},{"floor":23,"key":"REST"}],"neow_cost":"NONE","seed_source_timestamp":347716509694289,"circlet_count":0,"master_deck":["Defend_G+1","Defend_G+1","Defend_G+1","Defend_G+1","Defend_G+1","Strike_G+1","Strike_G+1","Survivor","Neutralize","Predator+1","Dodge and Roll","Malaise","Backstab+1","Sucker Punch","Crippling Poison+1","Dash","Burst","After Image","Caltrops+1","Acrobatics+1","Choke+1","Acrobatics","Cloak And Dagger","Well Laid Plans","Prepared","Sucker Punch","Backflip"],"relics":["Ring of the Snake","Bottled Flame","Astrolabe"],"potions_floor_usage":[10,10,24,25],"damage_taken":[{"damage":1,"enemies":"Jaw Worm","floor":1,"turns":7},{"damage":0,"enemies":"2 Louse","floor":2,"turns":2},{"damage":0,"enemies":"Small Slimes","floor":5,"turns":3},{"damage":0,"enemies":"3 Louse","floor":7,"turns":2},{"damage":13,"enemies":"3 Sentries","floor":10,"turns":10},{"damage":7,"enemies":"Exordium Thugs","floor":12,"turns":4},{"damage":12,"enemies":"The Guardian","floor":16,"turns":12},{"damage":3,"enemies":"Shell Parasite","floor":18,"turns":6},{"damage":15,"enemies":"2 Thieves","floor":22,"turns":4},{"damage":30,"enemies":"Shelled Parasite and Fungi","floor":24,"turns":6},{"damage":44,"enemies":"Gremlin Leader","floor":25,"turns":12}],"seed_played":"2554311042776474860","potions_obtained":[{"floor":1,"key":"GamblersBrew"},{"floor":7,"key":"Swift Potion"},{"floor":18,"key":"LiquidBronze"},{"floor":24,"key":"Weak Potion"}],"is_trial":false,"path_per_floor":["M","M","$","?","M","R","M","R","T","E","R","M","R","?","R","B",null,"M","?","$","?","M","R","M","E"],"character_chosen":"THE_SILENT","items_purchased":["Malaise","Backstab","Cloak And Dagger","Well Laid Plans","Prepared"],"campfire_rested":3,"item_purchase_floors":[3,3,20,20,20],"current_hp_per_floor":[69,69,69,69,69,69,69,69,69,56,70,63,63,68,75,63,75,72,72,72,58,43,67,37,0],"gold":42,"neow_bonus":"HUNDRED_GOLD","is_prod":false,"is_daily":false,"chose_seed":false,"campfire_upgraded":3,"win_rate":0,"timestamp":1548033707,"path_taken":["M","M","$","?","M","R","M","R","T","E","R","M","R","?","R","BOSS","M","?","$","?","M","R","M","E"],"build_version":"2019-01-17v2","purchased_purges":0,"victory":false,"max_hp_per_floor":[70,70,70,70,70,70,70,70,70,70,70,70,70,75,75,75,75,75,75,75,80,80,80,80,80],"card_choices":[{"not_picked":["Concentrate","Prepared"],"picked":"Predator","floor":1},{"not_picked":["Catalyst","Dagger Throw"],"picked":"Dodge and Roll","floor":2},{"not_picked":["Slice","Calculated Gamble"],"picked":"Sucker Punch","floor":5},{"not_picked":["Deadly Poison","Dagger Spray"],"picked":"Crippling Poison","floor":7},{"not_picked":["Prepared","Deflect"],"picked":"Dash","floor":10},{"not_picked":["Underhanded Strike","Bane"],"picked":"Burst","floor":12},{"not_picked":["Phantasmal Killer","Burst"],"picked":"After Image","floor":16},{"not_picked":["All Out Attack","Accuracy"],"picked":"Acrobatics","floor":18},{"not_picked":["Flying Knee","Accuracy"],"picked":"Sucker Punch","floor":22},{"not_picked":["Quick Slash+1","Slice"],"picked":"Backflip","floor":24}],"player_experience":247671,"relics_obtained":[{"floor":10,"key":"Bottled Flame"}],"event_choices":[{"damage_healed":0,"gold_gain":0,"player_choice":"Ignored","damage_taken":0,"max_hp_gain":0,"max_hp_loss":0,"event_name":"Liars Game","floor":4,"gold_loss":0},{"damage_healed":0,"gold_gain":0,"player_choice":"Donut","damage_taken":0,"max_hp_gain":5,"max_hp_loss":0,"event_name":"Big Fish","floor":14,"gold_loss":0},{"damage_healed":0,"gold_gain":0,"player_choice":"Simplicity","damage_taken":0,"max_hp_gain":0,"max_hp_loss":0,"event_name":"Back to Basics","floor":19,"gold_loss":0,"cards_upgraded":["Defend_G","Defend_G","Defend_G","Defend_G","Defend_G","Strike_G","Strike_G"]},{"damage_healed":0,"gold_gain":0,"player_choice":"Shed Blood","damage_taken":19,"max_hp_gain":5,"max_hp_loss":0,"event_name":"Forgotten Altar","floor":21,"gold_loss":0}],"is_beta":false,"boss_relics":[{"not_picked":["White Beast Statue","Tiny House"],"picked":"Astrolabe"}],"items_purged_floors":[],"is_endless":false,"potions_floor_spawned":[1,7,18,24],"killed_by":"Gremlin Leader","ascension_level":0}