{"gold_per_floor":[119,132,132,132,148,176,189,202,251,251],"floor_reached":10,"playtime":1015,"items_purged":[],"score":70,"play_id":"00aa9979-cd4a-49bc-8902-c10c35b81343","local_time":"20190911102849","is_ascension_mode":false,"campfire_choices":[],"neow_cost":"","seed_source_timestamp":1055297664322825,"circlet_count":0,"master_deck":["Strike_R","Strike_R","Strike_R","Strike_R","Strike_R","Defend_R","Defend_R","Defend_R","Defend_R","Bash","Iron Wave","Flame Barrier","Ghostly Armor","Cleave","Battle Trance","Headbutt"],"relics":["Burning Blood","Strawberry","Bottled Lightning","Blood Vial"],"potions_floor_usage":[10,10],"damage_taken":[{"damage":5,"enemies":"Cultist","floor":1,"turns":4},{"damage":13,"enemies":"Jaw Worm","floor":2,"turns":4},{"damage":0,"enemies":"Small Slimes","floor":5,"turns":4},{"damage":37,"enemies":"3 Sentries","floor":6,"turns":16},{"damage":3,"enemies":"Exordium Wildlife","floor":7,"turns":9},{"damage":17,"enemies":"Gremlin Gang","floor":8,"turns":7},{"damage":71,"enemies":"Gremlin Nob","floor":10,"turns":7}],"seed_played":"3850762517428455487","potions_obtained":[{"floor":2,"key":"SpeedPotion"},{"floor":7,"key":"Weak Potion"},{"floor":8,"key":"GamblersBrew"}],"is_trial":false,"path_per_floor":["M","M","?","?","M","E","M","M","T","E"],"character_chosen":"IRONCLAD","items_purchased":[],"campfire_rested":0,"item_purchase_floors":[],"current_hp_per_floor":[80,73,73,77,83,52,55,44,44,0],"gold":251,"neow_bonus":"","is_prod":false,"is_daily":false,"chose_seed":false,"campfire_upgraded":0,"win_rate":0.0,"timestamp":1568222929,"path_taken":["M","?","?","?","M","E","M","?","T","E"],"build_version":"2019-09-10","purchased_purges":0,"victory":false,"max_hp_per_floor":[80,80,80,87,87,87,87,87,87,87],"card_choices":[{"not_picked":["True Grit","Sever Soul"],"picked":"Iron Wave","floor":1},{"not_picked":["Pommel Strike","True Grit"],"picked":"Flame Barrier","floor":2},{"not_picked":["Intimidate","Body Slam"],"picked":"Ghostly Armor","floor":5},{"not_picked":["Body Slam","Berserk"],"picked":"Cleave","floor":6},{"not_picked":["Clash","Clothesline"],"picked":"Battle Trance","floor":7},{"not_picked":["Warcry","Clothesline"],"picked":"Headbutt","floor":8}],"player_experience":0,"relics_obtained":[{"floor":6,"key":"Bottled Lightning"},{"floor":9,"key":"Blood Vial"}],"event_choices":[{"damage_healed":0,"gold_gain":0,"player_choice":"Ignored","damage_taken":0,"max_hp_gain":0,"max_hp_loss":0,"event_name":"Shining Light","floor":3,"gold_loss":0},{"damage_healed":0,"gold_gain":0,"player_choice":"Success","damage_taken":3,"relics_obtained":["Strawberry"],"max_hp_gain":0,"max_hp_loss":0,"event_name":"Scrap Ooze","floor":4,"gold_loss":0}],"is_beta":true,"boss_relics":[],"items_purged_floors":[],"is_endless":false,"potions_floor_spawned":[2,7,8],"killed_by":"Gremlin Nob","ascension_level":0}