{"gold_per_floor":[117,131,131,144,144,183,183,199,199,218,234,234,253,253,253,253],"floor_reached":16,"playtime":599,"items_purged":[],"score":104,"play_id":"befe3c83-f915-4b5e-9942-1914534f85dd","local_time":"20190913231451","is_ascension_mode":false,"campfire_choices":[{"data":"Whirlwind","floor":7,"key":"SMITH"},{"floor":15,"key":"REST"}],"neow_cost":"NONE","seed_source_timestamp":585548837300,"circlet_count":0,"master_deck":["Strike_R","Strike_R","Strike_R","Strike_R","Strike_R","Defend_R","Defend_R","Defend_R","Defend_R","Bash","Entrench","Flex","Injury","Body Slam","Whirlwind+1","Ghostly Armor","Uppercut","Pummel","Body Slam"],"relics":["Burning Blood","Golden Idol","Happy Flower","Bottled Flame","Boot","Matryoshka"],"potions_floor_usage":[16,16,16],"damage_taken":[{"damage":1,"enemies":"Cultist","floor":1,"turns":3},{"damage":2,"enemies":"2 Louse","floor":2,"turns":3},{"damage":10,"enemies":"Small Slimes","floor":4,"turns":3},{"damage":47,"enemies":"3 Sentries","floor":6,"turns":14},{"damage":22,"enemies":"Exordium Thugs","floor":8,"turns":3},{"damage":2,"enemies":"Blue Slaver","floor":10,"turns":2},{"damage":0,"enemies":"Looter","floor":11,"turns":3},{"damage":14,"enemies":"3 Louse","floor":13,"turns":2},{"damage":61,"enemies":"The Guardian","floor":16,"turns":10}],"seed_played":"-1639645151088821493","potions_obtained":[{"floor":2,"key":"SneckoOil"},{"floor":10,"key":"Block Potion"},{"floor":11,"key":"AttackPotion"},{"floor":13,"key":"Energy Potion"}],"is_trial":false,"path_per_floor":["M","M","?","M","?","E","R","M","T","M","M","?","M","T","R","B"],"character_chosen":"IRONCLAD","items_purchased":[],"campfire_rested":1,"item_purchase_floors":[],"current_hp_per_floor":[88,88,88,84,81,40,40,24,24,28,34,34,26,26,52,0],"gold":253,"neow_bonus":"TEN_PERCENT_HP_BONUS","is_prod":false,"is_daily":false,"chose_seed":false,"campfire_upgraded":1,"win_rate":0,"timestamp":1568387691,"path_taken":["M","?","?","M","?","E","R","M","T","M","M","?","?","?","R","BOSS"],"build_version":"2019-07-17","purchased_purges":0,"victory":false,"max_hp_per_floor":[88,88,88,88,88,88,88,88,88,88,88,88,88,88,88,88],"card_choices":[{"not_picked":["Warcry","Clothesline"],"picked":"Entrench","floor":1},{"not_picked":["Entrench","Perfected Strike"],"picked":"Flex","floor":2},{"not_picked":["Carnage","Warcry"],"picked":"Body Slam","floor":4},{"not_picked":["True Grit","Thunderclap"],"picked":"Whirlwind","floor":6},{"not_picked":["Fire Breathing","Flex"],"picked":"Ghostly Armor","floor":8},{"not_picked":["Intimidate","Clash"],"picked":"Uppercut","floor":10},{"not_picked":["Anger","Ghostly Armor"],"picked":"Pummel","floor":11},{"not_picked":["Blood for Blood","Anger"],"picked":"Body Slam","floor":13}],"player_experience":367007,"relics_obtained":[{"floor":6,"key":"Bottled Flame"},{"floor":9,"key":"Boot"},{"floor":14,"key":"Matryoshka"}],"event_choices":[{"damage_healed":0,"gold_gain":0,"player_choice":"Take Wound","damage_taken":0,"relics_obtained":["Golden Idol"],"max_hp_gain":0,"max_hp_loss":0,"event_name":"Golden Idol","floor":3,"gold_loss":0,"cards_obtained":["Injury"]},{"damage_healed":0,"gold_gain":0,"player_choice":"Success","damage_taken":3,"relics_obtained":["Happy Flower"],"max_hp_gain":0,"max_hp_loss":0,"event_name":"Scrap Ooze","floor":5,"gold_loss":0},{"damage_healed":0,"gold_gain":0,"player_choice":"Bought 0 Potions","damage_taken":0,"max_hp_gain":0,"max_hp_loss":0,"event_name":"The Woman in Blue","floor":12,"gold_loss":0}],"is_beta":false,"boss_relics":[],"items_purged_floors":[],"is_endless":false,"potions_floor_spawned":[2,10,11,13],"killed_by":"The Guardian","ascension_level":0}