{"gold_per_floor":[119,129,144,162,140,167,167,167,167,167,178,193,193,42,42,143,193,182,182,182,202,72,98,98,110,110,122,73,101,101,101],"floor_reached":31,"playtime":2484,"items_purged":[],"score":300,"play_id":"5702e358-4042-4ada-8b1e-6ff859bf2411","local_time":"20190807125402","is_ascension_mode":false,"campfire_choices":[{"floor":7,"key":"REST"},{"floor":15,"key":"REST"},{"floor":24,"key":"REST"}],"neow_cost":"NONE","seed_source_timestamp":685587550033930,"circlet_count":0,"master_deck":["Strike_R+1","Strike_R+1","Strike_R+1","Strike_R+1","Strike_R+1","Defend_R+1","Defend_R+1","Defend_R+1","Defend_R+1","Bash","Thunderclap","Rampage","Sword Boomerang","Body Slam","Intimidate","Cleave+1","Disarm","Shrug It Off","Body Slam","Feed","Second Wind","Body Slam+1","J.A.X.","Flame Barrier","Rage","Dark Shackles","Ghostly Armor","Uppercut","Infernal Blade","Iron Wave+1","Writhe"],"relics":["Burning Blood","Ice Cream","Mercury Hourglass","Tiny House","Ornamental Fan","Paper Frog","Letter Opener","Calipers"],"potions_floor_usage":[4,16,18,23,25,27,29,29],"damage_taken":[{"damage":5,"enemies":"2 Louse","floor":1,"turns":3},{"damage":10,"enemies":"Jaw Worm","floor":2,"turns":4},{"damage":2,"enemies":"Small Slimes","floor":3,"turns":4},{"damage":22,"enemies":"Exordium Thugs","floor":4,"turns":4},{"damage":39,"enemies":"Gremlin Nob","floor":6,"turns":5},{"damage":2,"enemies":"Looter","floor":11,"turns":3},{"damage":6,"enemies":"3 Louse","floor":12,"turns":2},{"damage":33,"enemies":"The Guardian","floor":16,"turns":13},{"damage":22,"enemies":"2 Thieves","floor":18,"turns":4},{"damage":23,"enemies":"Spheric Guardian","floor":21,"turns":4},{"damage":43,"enemies":"Gremlin Leader","floor":23,"turns":11},{"damage":17,"enemies":"Snake Plant","floor":25,"turns":4},{"damage":13,"enemies":"Snecko","floor":27,"turns":7},{"damage":31,"enemies":"Book of Stabbing","floor":29,"turns":7},{"damage":22,"enemies":"3 Cultists","floor":31,"turns":4}],"seed_played":"-8724390085639530631","potions_obtained":[{"floor":1,"key":"Fire Potion"},{"floor":16,"key":"EntropicBrew"},{"floor":17,"key":"Ancient Potion"},{"floor":23,"key":"LiquidBronze"},{"floor":27,"key":"Strength Potion"}],"is_trial":false,"path_per_floor":["M","M","M","M","?","E","R","?","T","?","M","M","?","$","R","B",null,"M","?","?","M","$","E","R","M","T","M","$","E","?","M"],"character_chosen":"IRONCLAD","items_purchased":["Shrug It Off","FearPotion","Body Slam","Rage","Dark Shackles","Fire Potion"],"campfire_rested":3,"item_purchase_floors":[14,14,14,22,22,28],"current_hp_per_floor":[88,84,88,72,72,39,65,65,65,65,69,69,74,74,93,66,98,85,85,85,68,68,31,61,50,50,46,46,21,21,0],"gold":101,"neow_bonus":"TEN_PERCENT_HP_BONUS","is_prod":false,"is_daily":false,"chose_seed":false,"campfire_upgraded":0,"win_rate":0.0,"timestamp":1565207642,"path_taken":["M","M","M","M","?","E","R","?","T","?","M","M","?","$","R","BOSS","M","?","?","M","$","E","R","M","T","M","?","E","?","M"],"build_version":"2019-07-17","purchased_purges":0,"victory":false,"max_hp_per_floor":[88,88,88,88,88,88,88,88,88,88,88,88,93,93,93,93,98,101,101,101,101,101,101,101,101,101,104,104,104,104,104],"card_choices":[{"not_picked":["Warcry","Clash"],"picked":"Thunderclap","floor":1},{"not_picked":["Anger","Carnage"],"picked":"Rampage","floor":2},{"not_picked":["Reckless Charge","Perfected Strike"],"picked":"Sword Boomerang","floor":3},{"not_picked":["Wild Strike","Clothesline"],"picked":"Body Slam","floor":4},{"not_picked":["Havoc","Evolve"],"picked":"Intimidate","floor":6},{"not_picked":["Clothesline","Rampage"],"picked":"Cleave","floor":11},{"not_picked":["Havoc","True Grit"],"picked":"Disarm","floor":12},{"not_picked":["Immolate","Impervious"],"picked":"Feed","floor":16},{"not_picked":["Havoc","Perfected Strike"],"picked":"Second Wind","floor":17},{"not_picked":["True Grit+1","Headbutt"],"picked":"Body Slam+1","floor":18},{"not_picked":["Perfected Strike","Thunderclap"],"picked":"Flame Barrier","floor":21},{"not_picked":["Barricade","Twin Strike"],"picked":"Ghostly Armor","floor":23},{"not_picked":["Havoc","Wild Strike"],"picked":"Uppercut","floor":25},{"not_picked":["Warcry","Perfected Strike"],"picked":"Infernal Blade","floor":27},{"not_picked":["Havoc+1","Twin Strike+1"],"picked":"Iron Wave+1","floor":29}],"player_experience":361003,"relics_obtained":[{"floor":6,"key":"Ice Cream"},{"floor":9,"key":"Mercury Hourglass"},{"floor":23,"key":"Ornamental Fan"},{"floor":26,"key":"Paper Frog"},{"floor":29,"key":"Letter Opener"}],"event_choices":[{"damage_healed":0,"gold_gain":0,"player_choice":"Left Gold","damage_taken":0,"max_hp_gain":0,"max_hp_loss":0,"event_name":"World of Goop","floor":5,"gold_loss":22},{"damage_healed":0,"gold_gain":0,"player_choice":"Ignored","damage_taken":0,"max_hp_gain":0,"max_hp_loss":0,"event_name":"Shining Light","floor":8,"gold_loss":0},{"damage_healed":0,"gold_gain":0,"player_choice":"Ignored","damage_taken":0,"max_hp_gain":0,"max_hp_loss":0,"event_name":"Liars Game","floor":10,"gold_loss":0},{"damage_healed":0,"gold_gain":0,"player_choice":"Donut","damage_taken":0,"max_hp_gain":5,"max_hp_loss":0,"event_name":"Big Fish","floor":13,"gold_loss":0},{"damage_healed":0,"gold_gain":0,"player_choice":"Obtain J.A.X.","damage_taken":0,"max_hp_gain":0,"max_hp_loss":0,"event_name":"Drug Dealer","floor":19,"gold_loss":0,"cards_obtained":["J.A.X."]},{"damage_healed":0,"gold_gain":0,"player_choice":"Simplicity","damage_taken":0,"max_hp_gain":0,"max_hp_loss":0,"event_name":"Back to Basics","floor":20,"gold_loss":0,"cards_upgraded":["Strike_R","Strike_R","Strike_R","Strike_R","Strike_R","Defend_R","Defend_R","Defend_R","Defend_R"]},{"damage_healed":0,"gold_gain":0,"player_choice":"Opened","damage_taken":0,"relics_obtained":["Calipers"],"max_hp_gain":0,"max_hp_loss":0,"event_name":"The Mausoleum","floor":30,"gold_loss":0,"cards_obtained":["Writhe"]}],"is_beta":false,"boss_relics":[{"not_picked":["Philosopher\u0027s Stone","White Beast Statue"],"picked":"Tiny House"}],"items_purged_floors":[],"is_endless":false,"potions_floor_spawned":[1,16,21,23,27],"killed_by":"3 Cultists","ascension_level":0}