{"gold_per_floor":[113,124,49,49,59,59,86,86,133,160,172,200,275,175,175,252,252,267,182,182,1,1,1,33,48,48,75,75,75,75,90,90,167,167,178,198,298,298,13,13,33,51,51,51,9,44,60,60,60,60,60,60,60,41,76,76],"floor_reached":57,"playtime":3073,"items_purged":["Flying Knee","Poisoned Stab","Flying Knee+1","Outmaneuver"],"score":3243,"play_id":"a8c62669-fc74-4f35-a744-08b9860a687f","local_time":"20190904132543","is_ascension_mode":true,"campfire_choices":[{"data":"Bouncing Flask","floor":6.0,"key":"SMITH"},{"data":"Tactician","floor":8.0,"key":"SMITH"},{"data":"Night Terror","floor":15.0,"key":"SMITH"},{"data":"Acrobatics","floor":23.0,"key":"SMITH"},{"data":"Backflip","floor":28.0,"key":"SMITH"},{"data":"Well Laid Plans","floor":32.0,"key":"SMITH"},{"floor":40.0,"key":"RECALL"},{"data":"Survivor","floor":49.0,"key":"SMITH"},{"data":"Heel Hook","floor":53.0,"key":"SMITH"}],"neow_cost":"NONE","seed_source_timestamp":0,"circlet_count":0,"master_deck":["AscendersBane","Survivor+1","Neutralize+1","Bouncing Flask+1","Concentrate","Heel Hook+1","PiercingWail","Tactician+1","Terror","Backflip+1","Noxious Fumes","Prepared+1","Acrobatics+1","Well Laid Plans+1","Flechettes"],"special_seed":0,"relics":["Ancient Tea Set","Whetstone","Darkstone Periapt","Oddly Smooth Stone","Coffee Dripper","Pocketwatch","Nloth\u0027s Gift","Anchor","Matryoshka","The Specimen","Empty Cage","Unceasing Top","Membership Card","Juzu Bracelet","Shuriken","Dream Catcher","Tingsha"],"potions_floor_usage":[56,56],"damage_taken":[{"damage":3.0,"enemies":"2 Louse","floor":1.0,"turns":3.0},{"damage":4.0,"enemies":"Jaw Worm","floor":2.0,"turns":3.0},{"damage":0.0,"enemies":"Small Slimes","floor":5.0,"turns":2.0},{"damage":35.0,"enemies":"3 Sentries","floor":7.0,"turns":6.0},{"damage":0.0,"enemies":"Gremlin Nob","floor":10.0,"turns":3.0},{"damage":8.0,"enemies":"Red Slaver","floor":11.0,"turns":3.0},{"damage":6.0,"enemies":"Lagavulin","floor":12.0,"turns":5.0},{"damage":4.0,"enemies":"Hexaghost","floor":16.0,"turns":6.0},{"damage":16.0,"enemies":"2 Thieves","floor":18.0,"turns":5.0},{"damage":0.0,"enemies":"Book of Stabbing","floor":24.0,"turns":3.0},{"damage":0.0,"enemies":"3 Byrds","floor":25.0,"turns":3.0},{"damage":0.0,"enemies":"Gremlin Leader","floor":27.0,"turns":2.0},{"damage":2.0,"enemies":"3 Cultists","floor":31.0,"turns":3.0},{"damage":0.0,"enemies":"Collector","floor":33.0,"turns":2.0},{"damage":0.0,"enemies":"Orb Walker","floor":35.0,"turns":3.0},{"damage":0.0,"enemies":"3 Shapes","floor":36.0,"turns":3.0},{"damage":0.0,"enemies":"Mind Bloom Boss Battle","floor":37.0,"turns":3.0},{"damage":0.0,"enemies":"Transient","floor":41.0,"turns":6.0},{"damage":0.0,"enemies":"Maw","floor":42.0,"turns":4.0},{"damage":5.0,"enemies":"Nemesis","floor":46.0,"turns":3.0},{"damage":0.0,"enemies":"Spire Growth","floor":47.0,"turns":2.0},{"damage":4.0,"enemies":"Time Eater","floor":50.0,"turns":7.0},{"damage":0.0,"enemies":"Donu and Deca","floor":51.0,"turns":4.0},{"damage":0.0,"enemies":"Shield and Spear","floor":55.0,"turns":3.0},{"damage":34,"enemies":"The Heart","floor":56,"turns":7}],"seed_played":"-8421970491947067864","potions_obtained":[{"floor":2.0,"key":"AttackPotion"},{"floor":5.0,"key":"EssenceOfSteel"},{"floor":12.0,"key":"EntropicBrew"},{"floor":24.0,"key":"GamblersBrew"},{"floor":25.0,"key":"AttackPotion"},{"floor":27.0,"key":"SneckoOil"},{"floor":36.0,"key":"Swift Potion"},{"floor":37.0,"key":"GamblersBrew"}],"is_trial":false,"path_per_floor":["M","M","$","?","M","R","E","R","T","E","M","E","?","$","R","B",null,"M","?","?","$","?","R","E","M","T","E","R","$","?","M","R","B",null,"M","M","?","?","$","R","M","M","T","?","$","E","M","?","R","B","B",null,"R","$","E","B",null],"character_chosen":"THE_SILENT","items_purchased":["Acrobatics","Membership Card","GhostInAJar","Flechettes"],"campfire_rested":0,"item_purchase_floors":[21,39,45,54],"current_hp_per_floor":[56,52,52,66,66,66,31,31,31,31,23,17,6,6,6,2,50,34,34,34,34,34,34,34,34,34,34,34,34,34,32,32,32,58,58,58,58,58,58,58,58,58,58,58,58,53,53,53,53,49,49,62,62,62,62,28],"gold":76,"neow_bonus":"BOSS_RELIC","is_prod":false,"is_daily":false,"chose_seed":false,"campfire_upgraded":8,"win_rate":0,"timestamp":1567571143,"path_taken":["M","M","$","?","M","R","E","R","T","E","M","E","?","$","R","BOSS","M","?","?","$","?","R","E","?","T","E","R","?","?","M","R","BOSS","M","M","?","?","$","R","M","?","T","?","?","E","M","?","R","BOSS","BOSS","R","$","E","BOSS"],"build_version":"2019-07-17","purchased_purges":4,"victory":true,"max_hp_per_floor":[66,66,66,66,66,66,66,66,66,66,66,66,66,66,66,66,66,66,66,66,66,66,66,66,66,66,66,66,66,66,66,66,66,66,66,66,66,66,66,66,66,66,66,66,66,66,66,66,66,66,66,66,66,66,66,66],"card_choices":[{"not_picked":["Prepared","Bouncing Flask","PiercingWail"],"picked":"SKIP","floor":1.0},{"not_picked":["Bane","Deflect"],"picked":"Terror","floor":2.0},{"not_picked":["Crippling Poison","Poisoned Stab"],"picked":"Backflip","floor":5.0},{"not_picked":["Bane","All Out Attack","Infinite Blades"],"picked":"SKIP","floor":7.0},{"not_picked":["Finisher","Underhanded Strike","Setup"],"picked":"SKIP","floor":10.0},{"not_picked":["PiercingWail","Blade Dance"],"picked":"Noxious Fumes","floor":11.0},{"not_picked":["Dodge and Roll","Slice"],"picked":"Night Terror","floor":12.0},{"not_picked":["A Thousand Cuts","Die Die Die"],"picked":"Adrenaline","floor":16.0},{"not_picked":["Slice","Poisoned Stab"],"picked":"Prepared+1","floor":18.0},{"not_picked":["Bane","PiercingWail"],"picked":"Well Laid Plans","floor":24.0},{"not_picked":["Outmaneuver","Flying Knee","All Out Attack"],"picked":"SKIP","floor":25.0},{"not_picked":["Deflect","Choke+1","Skewer"],"picked":"SKIP","floor":27.0},{"not_picked":["Setup","Crippling Poison","Bane"],"picked":"SKIP","floor":31.0},{"not_picked":["Blade Dance+1","PiercingWail+1","Masterful Stab"],"picked":"SKIP","floor":35.0},{"not_picked":["Dagger Throw","Storm of Steel","Flying Knee+1"],"picked":"SKIP","floor":36.0},{"not_picked":["Dagger Throw","Storm of Steel","Flying Knee+1"],"picked":"SKIP","floor":36.0},{"not_picked":["All Out Attack+1","Poisoned Stab+1","Sucker Punch"],"picked":"SKIP","floor":41.0},{"not_picked":["Deflect","Envenom","Caltrops"],"picked":"SKIP","floor":42.0},{"not_picked":["Dagger Spray","Acrobatics","Masterful Stab+1"],"picked":"SKIP","floor":46.0},{"not_picked":["Dagger Spray","Acrobatics","Masterful Stab+1"],"picked":"SKIP","floor":46.0},{"not_picked":["Wraith Form v2","Escape Plan","Adrenaline"],"picked":"SKIP","floor":47.0},{"not_picked":["Deflect","Malaise","Deadly Poison"],"picked":"SKIP","floor":55.0},{"not_picked":["Deflect","Malaise","Deadly Poison"],"picked":"SKIP","floor":55.0}],"player_experience":1002921,"relics_obtained":[{"floor":7.0,"key":"Ancient Tea Set"},{"floor":9.0,"key":"Whetstone"},{"floor":10.0,"key":"Darkstone Periapt"},{"floor":12.0,"key":"Oddly Smooth Stone"},{"floor":24.0,"key":"Anchor"},{"floor":26.0,"key":"Matryoshka"},{"floor":27.0,"key":"The Specimen"},{"floor":37.0,"key":"Unceasing Top"},{"floor":43.0,"key":"Juzu Bracelet"},{"floor":46.0,"key":"Dream Catcher"},{"floor":55.0,"key":"Tingsha"}],"event_choices":[{"damage_healed":22.0,"max_hp_gain":0.0,"max_hp_loss":0.0,"gold_gain":0.0,"event_name":"Big Fish","player_choice":"Banana","floor":4.0,"gold_loss":0.0,"damage_taken":0.0},{"damage_healed":0.0,"max_hp_gain":0.0,"max_hp_loss":0.0,"gold_gain":75.0,"event_name":"World of Goop","player_choice":"Gather Gold","floor":13.0,"gold_loss":0.0,"damage_taken":11.0},{"damage_healed":0.0,"max_hp_gain":0.0,"max_hp_loss":0.0,"gold_gain":0.0,"event_name":"Addict","player_choice":"Obtained Relic","floor":19.0,"gold_loss":85.0,"damage_taken":0.0,"relics_obtained":["Pocketwatch"]},{"cards_removed":["All Out Attack"],"damage_healed":0.0,"max_hp_gain":0.0,"max_hp_loss":0.0,"gold_gain":0.0,"event_name":"Back to Basics","player_choice":"Elegance","floor":20.0,"gold_loss":0.0,"damage_taken":0.0},{"damage_healed":0.0,"max_hp_gain":0.0,"max_hp_loss":0.0,"gold_gain":0.0,"event_name":"N\u0027loth","player_choice":"Traded Relic","floor":22.0,"relics_lost":["Pandora\u0027s Box"],"gold_loss":0.0,"damage_taken":0.0,"relics_obtained":["Nloth\u0027s Gift"]},{"damage_healed":0.0,"max_hp_gain":0.0,"max_hp_loss":0.0,"gold_gain":0.0,"cards_transformed":["Night Terror","Adrenaline"],"event_name":"Drug Dealer","player_choice":"Became Test Subject","floor":30.0,"gold_loss":0.0,"damage_taken":0.0,"cards_obtained":["Outmaneuver","Sucker Punch"]},{"damage_healed":0.0,"max_hp_gain":0.0,"max_hp_loss":0.0,"gold_gain":0.0,"event_name":"MindBloom","player_choice":"Fight","floor":37.0,"gold_loss":0.0,"damage_taken":0.0},{"damage_healed":0.0,"max_hp_gain":0.0,"max_hp_loss":0.0,"gold_gain":0.0,"event_name":"SensoryStone","player_choice":"Memory 1","floor":38.0,"gold_loss":0.0,"damage_taken":0.0},{"damage_healed":0.0,"max_hp_gain":0.0,"max_hp_loss":0.0,"gold_gain":0.0,"event_name":"WeMeetAgain","player_choice":"Gave Potion","floor":44.0,"gold_loss":0.0,"damage_taken":0.0,"relics_obtained":["Shuriken"]},{"damage_healed":0.0,"max_hp_gain":0.0,"max_hp_loss":0.0,"gold_gain":0.0,"event_name":"Duplicator","player_choice":"Ignored","floor":48.0,"gold_loss":0.0,"damage_taken":0.0}],"is_beta":false,"boss_relics":[{"not_picked":["Black Star","Sozu"],"picked":"Coffee Dripper"},{"not_picked":["Runic Pyramid","Eternal Feather"],"picked":"Empty Cage"}],"items_purged_floors":[3,14,21,39],"is_endless":false,"potions_floor_spawned":[2,5,12,24,25,27,36,37,41,46],"ascension_level":20}