{"gold_per_floor":[115,129,147,147,36,36,47,47,99,131,131,160,160,60,60,136,136,150,25,38,38,50,80,80,110,110,122,156,173,23,52,52,128,178,195,20,72,0,0,35,47,72,97,97,124,124,151,167,167,167,167,167,167,3,37,37],"floor_reached":57,"playtime":1751,"items_purged":["Strike_G","Strike_G","Strike_G","Strike_G","Defend_G","Grand Finale"],"score":3908,"play_id":"f6125d66-b546-4d06-9bcb-4ebaca436ea7","local_time":"20190815133735","is_ascension_mode":true,"campfire_choices":[{"data":"Well Laid Plans","floor":6.0,"key":"SMITH"},{"data":"Flechettes","floor":8.0,"key":"SMITH"},{"data":"Acrobatics","floor":11.0,"key":"SMITH"},{"data":"Calculated Gamble","floor":15.0,"key":"SMITH"},{"data":"Prepared","floor":24.0,"key":"SMITH"},{"data":"Terror","floor":32.0,"key":"SMITH"},{"floor":49,"key":"RECALL"},{"data":"Reflex","floor":53,"key":"SMITH"}],"neow_cost":"NONE","seed_source_timestamp":0,"circlet_count":0,"master_deck":["AscendersBane","Defend_G+1","Defend_G","Defend_G+1","Defend_G+1","Survivor","Well Laid Plans","Terror+1","Well Laid Plans+1","Flechettes+1","Acrobatics+1","Calculated Gamble+1","Backflip","Acrobatics+1","Prepared+1","Tactician+1","Reflex+1"],"special_seed":0,"relics":["Ring of the Snake","NeowsBlessing","Bronze Scales","War Paint","Blood Vial","Black Star","Pen Nib","Sundial","Letter Opener","Torii","Meat on the Bone","Dream Catcher","Bag of Preparation","Shuriken","Boot","Tiny House","FossilizedHelix","Red Mask","Ice Cream","Unceasing Top","Strawberry","PreservedInsect","Smiling Mask","Tough Bandages","Mummified Hand","Art of War","Centennial Puzzle","Vajra"],"potions_floor_usage":[51,51,56,56],"damage_taken":[{"damage":0.0,"enemies":"Small Slimes","floor":1.0,"turns":1.0},{"damage":0.0,"enemies":"Cultist","floor":2.0,"turns":1.0},{"damage":0.0,"enemies":"Jaw Worm","floor":3.0,"turns":1.0},{"damage":4.0,"enemies":"Large Slime","floor":7.0,"turns":5.0},{"damage":12.0,"enemies":"3 Sentries","floor":10.0,"turns":5.0},{"damage":32.0,"enemies":"Gremlin Nob","floor":12.0,"turns":3.0},{"damage":0.0,"enemies":"Slime Boss","floor":16.0,"turns":7.0},{"damage":14.0,"enemies":"2 Thieves","floor":18.0,"turns":4.0},{"damage":11.0,"enemies":"Chosen","floor":20.0,"turns":7.0},{"damage":0.0,"enemies":"Snecko","floor":22.0,"turns":3.0},{"damage":0.0,"enemies":"Gremlin Leader","floor":23.0,"turns":4.0},{"damage":0.0,"enemies":"Book of Stabbing","floor":25.0,"turns":3.0},{"damage":0.0,"enemies":"Centurion and Healer","floor":27.0,"turns":2.0},{"damage":0.0,"enemies":"Gremlin Leader","floor":28.0,"turns":2.0},{"damage":0.0,"enemies":"3 Cultists","floor":29.0,"turns":1.0},{"damage":0.0,"enemies":"Book of Stabbing","floor":31.0,"turns":2.0},{"damage":0.0,"enemies":"Automaton","floor":33.0,"turns":3.0},{"damage":0.0,"enemies":"3 Darklings","floor":35.0,"turns":1.0},{"damage":0,"enemies":"2 Orb Walkers","floor":37,"turns":2},{"damage":0,"enemies":"Nemesis","floor":40,"turns":1},{"damage":0,"enemies":"3 Shapes","floor":41,"turns":1},{"damage":0,"enemies":"Giant Head","floor":42,"turns":1},{"damage":0,"enemies":"Nemesis","floor":45,"turns":1},{"damage":0,"enemies":"Reptomancer","floor":47,"turns":1},{"damage":0,"enemies":"Transient","floor":48,"turns":3},{"damage":0,"enemies":"Donu and Deca","floor":50,"turns":1},{"damage":0,"enemies":"Time Eater","floor":51,"turns":3},{"damage":0,"enemies":"Shield and Spear","floor":55,"turns":2},{"damage":0,"enemies":"The Heart","floor":56,"turns":5}],"seed_played":"1170720740954782928","potions_obtained":[{"floor":1.0,"key":"Strength Potion"},{"floor":2.0,"key":"Strength Potion"},{"floor":10.0,"key":"SteroidPotion"},{"floor":12.0,"key":"Strength Potion"},{"floor":20.0,"key":"SkillPotion"},{"floor":23.0,"key":"Explosive Potion"},{"floor":25.0,"key":"SpeedPotion"},{"floor":29.0,"key":"Swift Potion"},{"floor":31.0,"key":"Fire Potion"},{"floor":33.0,"key":"Fire Potion"}],"is_trial":false,"path_per_floor":["M","M","M","?","$","R","M","R","T","E","R","E","?","$","R","B",null,"M","$","M","?","M","E","R","E","T","M","E","M","$","E","R","B",null,"M","$","?","?","?","E","M","E","T","$","E","?","E","M","R","B","B",null,"R","$","E","B",null],"character_chosen":"THE_SILENT","items_purchased":["Flechettes","Dexterity Potion","Dexterity Potion"],"campfire_rested":0,"item_purchase_floors":[5,54,54],"current_hp_per_floor":[59,59,59,55,55,55,51,51,51,39,39,7,7,7,7,9,52,40,40,31,31,33,35,35,37,37,39,41,43,43,45,45,47,66,68,68,70,70,67,67,67,74,74,74,74,74,74,74,74,74,74,74,74,74,74,74],"gold":37,"neow_bonus":"THREE_ENEMY_KILL","is_prod":false,"is_daily":false,"chose_seed":false,"campfire_upgraded":7,"win_rate":0,"timestamp":1565843855,"path_taken":["M","M","M","?","$","R","?","R","T","E","R","E","?","$","R","BOSS","M","$","M","?","M","E","R","E","T","M","E","M","?","E","R","BOSS","M","$","?","?","?","E","M","E","T","?","E","?","E","M","R","BOSS","BOSS","R","$","E","BOSS"],"build_version":"2019-07-17","purchased_purges":6,"victory":true,"max_hp_per_floor":[66,66,66,66,66,66,66,66,66,66,66,66,66,66,66,66,66,66,66,66,66,66,66,66,66,66,66,66,66,66,66,66,66,71,71,71,71,71,67,67,67,74,74,74,74,74,74,74,74,74,74,74,74,74,74,74],"card_choices":[{"not_picked":["PiercingWail","Quick Slash"],"picked":"Well Laid Plans","floor":1.0},{"not_picked":["Quick Slash","Deflect"],"picked":"Terror","floor":2.0},{"not_picked":["Sucker Punch","Skewer"],"picked":"Well Laid Plans","floor":3.0},{"not_picked":["Backstab","Cloak And Dagger"],"picked":"Acrobatics","floor":7.0},{"not_picked":["Slice","Deadly Poison"],"picked":"Grand Finale","floor":10.0},{"not_picked":["Cloak And Dagger","Finisher"],"picked":"Calculated Gamble","floor":12.0},{"not_picked":["Bane","Deflect+1"],"picked":"Backflip","floor":18.0},{"not_picked":["Noxious Fumes","PiercingWail"],"picked":"Acrobatics+1","floor":20.0},{"not_picked":["Riddle With Holes","Flying Knee","Dagger Spray"],"picked":"SKIP","floor":22.0},{"not_picked":["Distraction","Prepared","Cloak And Dagger+1"],"picked":"SKIP","floor":23.0},{"not_picked":["Distraction","Cloak And Dagger+1"],"picked":"Prepared","floor":23.0},{"not_picked":["Prepared","Caltrops","Blur"],"picked":"SKIP","floor":25.0},{"not_picked":["Poisoned Stab","Cloak And Dagger","Dodge and Roll"],"picked":"SKIP","floor":27.0},{"not_picked":["Dagger Throw","Leg Sweep","Outmaneuver"],"picked":"SKIP","floor":28.0},{"not_picked":["Sucker Punch","Wraith Form v2","Endless Agony"],"picked":"SKIP","floor":29.0},{"not_picked":["Underhanded Strike","Poisoned Stab","Acrobatics+1"],"picked":"SKIP","floor":31.0},{"not_picked":["Expertise+1","Sucker Punch","Dagger Throw+1"],"picked":"SKIP","floor":35.0},{"not_picked":["Prepared","Dagger Spray+1"],"picked":"Tactician+1","floor":37},{"not_picked":["Slice","Poisoned Stab+1","Storm of Steel"],"picked":"SKIP","floor":40},{"not_picked":["Accuracy","Dagger Spray","Skewer"],"picked":"SKIP","floor":41},{"not_picked":["Flying Knee+1","Flechettes+1","Poisoned Stab"],"picked":"SKIP","floor":42},{"not_picked":["Phantasmal Killer","Underhanded Strike"],"picked":"Reflex","floor":45},{"not_picked":["Bane","Dagger Spray","Endless Agony"],"picked":"SKIP","floor":47},{"not_picked":["Leg Sweep","All Out Attack","Bane"],"picked":"SKIP","floor":48},{"not_picked":["PiercingWail","Dagger Spray","Accuracy"],"picked":"SKIP","floor":55}],"player_experience":898519,"relics_obtained":[{"floor":9.0,"key":"Bronze Scales"},{"floor":10.0,"key":"War Paint"},{"floor":12.0,"key":"Blood Vial"},{"floor":23.0,"key":"Pen Nib"},{"floor":23.0,"key":"Sundial"},{"floor":25.0,"key":"Letter Opener"},{"floor":25.0,"key":"Torii"},{"floor":26.0,"key":"Meat on the Bone"},{"floor":28.0,"key":"Dream Catcher"},{"floor":28.0,"key":"Bag of Preparation"},{"floor":31.0,"key":"Shuriken"},{"floor":31.0,"key":"Boot"},{"floor":37,"key":"FossilizedHelix"},{"floor":40,"key":"Ice Cream"},{"floor":40,"key":"Unceasing Top"},{"floor":42,"key":"Strawberry"},{"floor":42,"key":"PreservedInsect"},{"floor":45,"key":"Smiling Mask"},{"floor":45,"key":"Tough Bandages"},{"floor":47,"key":"Mummified Hand"},{"floor":47,"key":"Art of War"},{"floor":55,"key":"Centennial Puzzle"},{"floor":55,"key":"Vajra"}],"event_choices":[{"damage_healed":0.0,"max_hp_gain":0.0,"max_hp_loss":0.0,"gold_gain":0.0,"event_name":"The Woman in Blue","player_choice":"Bought 0 Potions","floor":4.0,"gold_loss":0.0,"damage_taken":0.0},{"damage_healed":0.0,"max_hp_gain":0.0,"max_hp_loss":0.0,"gold_gain":0.0,"event_name":"Liars Game","player_choice":"Ignored","floor":13.0,"gold_loss":0.0,"damage_taken":0.0},{"cards_removed":["Strike_G"],"damage_healed":0.0,"max_hp_gain":0.0,"max_hp_loss":0.0,"gold_gain":0.0,"event_name":"Purifier","player_choice":"Purged","floor":21.0,"gold_loss":0.0,"damage_taken":0.0},{"damage_healed":0,"gold_gain":0,"player_choice":"Fight","damage_taken":0,"max_hp_gain":0,"max_hp_loss":0,"event_name":"Mysterious Sphere","floor":37,"gold_loss":0},{"damage_healed":0,"gold_gain":0,"player_choice":"Paid","damage_taken":0,"relics_obtained":["Red Mask"],"max_hp_gain":0,"max_hp_loss":0,"event_name":"Tomb of Lord Red Mask","floor":38,"gold_loss":72},{"damage_healed":0,"gold_gain":0,"player_choice":"Max HP","damage_taken":0,"max_hp_gain":0,"max_hp_loss":4,"event_name":"Winding Halls","floor":39,"gold_loss":0},{"cards_removed":["Neutralize"],"damage_healed":0,"gold_gain":0,"player_choice":"Removed Attack","damage_taken":0,"max_hp_gain":0,"max_hp_loss":0,"event_name":"Falling","floor":46,"gold_loss":0}],"is_beta":false,"boss_relics":[{"not_picked":["Astrolabe","Empty Cage"],"picked":"Black Star"},{"not_picked":["Cursed Key","Calling Bell"],"picked":"Tiny House"}],"items_purged_floors":[5,14,19,30,36,54],"is_endless":false,"potions_floor_spawned":[1,2,10,12,20,23,25,29,31,33,35,37,47],"ascension_level":20}