{"path_per_floor":["M","M","M","?","M","R","E","R","T","M","?","E","M","M","R","B",null,"M","M","?","T","?","R","M","R","T","$","E","R","E","?","R","B",null,"M","M","M","M","?","E","R","E","T","M","?","M","$","M","R","B"],"character_chosen":"DEFECT","items_purchased":["Self Repair+1","Master of Strategy","Defragment+1","Thinking Ahead+1"],"gold_per_floor":[117,132,149,149,161,161,193,193,193,209,159,186,202,218,218,316,316,335,353,353,353,353,353,369,369,369,96,121,121,148,173,173,272,272,290,303,316,330,330,358,358,389,444,459,510,528,186,200,200,200],"floor_reached":51,"campfire_rested":0,"playtime":4973,"item_purchase_floors":[27,27,47,47],"current_hp_per_floor":[68,68,68,61,60,60,52,52,52,52,52,39,39,28,28,19,75,51,46,46,46,46,46,46,46,46,46,56,56,61,61,61,65,75,75,72,75,75,75,78,78,80,80,80,42,69,69,89,89,89],"items_purged":["Defend_B"],"gold":200,"score":890,"play_id":"8119df6c-f455-4930-b44d-a2a5e8b668a1","local_time":"20180606120149","is_prod":false,"is_daily":false,"chose_seed":false,"is_ascension_mode":true,"campfire_upgraded":9,"win_rate":0,"timestamp":1528279309,"campfire_choices":[{"data":"Zap","floor":6,"key":"SMITH"},{"data":"Dualcast","floor":8,"key":"SMITH"},{"data":"White Noise","floor":15,"key":"SMITH"},{"data":"Seek","floor":23,"key":"SMITH"},{"data":"Turbo","floor":25,"key":"SMITH"},{"data":"Electrodynamics","floor":29,"key":"SMITH"},{"data":"Master of Strategy","floor":32,"key":"SMITH"},{"data":"Amplify","floor":41,"key":"SMITH"},{"data":"Tempest","floor":49,"key":"SMITH"}],"path_taken":["M","M","M","?","M","R","E","R","T","M","?","E","M","M","R","BOSS","M","M","?","?","?","R","?","R","T","$","E","R","E","?","R","BOSS","M","M","M","M","?","E","R","E","T","M","?","M","$","M","R","BOSS"],"build_version":"2018-05-31","seed_source_timestamp":179724528670149,"purchased_purges":1,"victory":true,"master_deck":["Strike_B","Defend_B","Defend_B","Defend_B","Zap+1","Dualcast+1","Electrodynamics+1","Hologram","Steam","White Noise+1","Heatsinks","Amplify+1","Turbo+1","Hologram","Seek+1","Tempest+1","Ball Lightning","Steam","Biased Cognition+1","Biased Cognition+1","Self Repair+1","Master of Strategy+1","Leap","Thunder Strike","Turbo+1","Force Field+1","Creative AI+1","Tempest+1","Steam Power+1","Defragment+1","Thinking Ahead+1"],"max_hp_per_floor":[75,75,75,75,75,75,75,75,75,75,75,75,75,75,75,75,75,75,75,75,75,75,75,75,75,75,75,75,75,75,75,75,75,75,75,75,75,75,75,89,89,89,89,89,89,89,89,89,89,89],"relics":["Cracked Core","Frozen Egg 2","Bottled Flame","Gremlin Horn","Orrery","Centennial Puzzle","Mummified Hand","Gambling Chip","Toxic Egg 2","Red Mask","Nuclear Battery","Mango","Regal Pillow","Lantern","Dead Branch"],"card_choices":[{"not_picked":["Rebound","Auto Shields"],"picked":"Hologram","floor":1},{"not_picked":["Rebound","Cold Snap"],"picked":"Steam","floor":2},{"not_picked":["Hello World","Recycle"],"picked":"White Noise","floor":3},{"not_picked":["Scrape","Leap"],"picked":"Heatsinks","floor":5},{"not_picked":["Compile Driver","Beam Cell"],"picked":"Amplify","floor":7},{"not_picked":["Sweeping Beam","Gash","Recycle"],"picked":"SKIP","floor":10},{"not_picked":["Compile Driver","Lockon","Coolheaded"],"picked":"SKIP","floor":12},{"not_picked":["Rip and Tear","Steam"],"picked":"Turbo","floor":13},{"not_picked":["Rainbow","Lockon"],"picked":"Hologram","floor":14},{"not_picked":["Hyperbeam","Reboot"],"picked":"Seek","floor":16},{"not_picked":["Compile Driver","Leap"],"picked":"Tempest","floor":17},{"not_picked":["Chaos","Hologram"],"picked":"Ball Lightning","floor":17},{"not_picked":["Beam Cell","Redo"],"picked":"Steam","floor":17},{"not_picked":["Capacitor+1","Gash"],"picked":"Biased Cognition+1","floor":18},{"not_picked":["Coolheaded+1","Rebound","Chill"],"picked":"SKIP","floor":19},{"not_picked":["Doom and Gloom","Aggregate+1","Conserve Battery"],"picked":"SKIP","floor":24},{"not_picked":["Conserve Battery","Chill+1"],"picked":"Leap","floor":28},{"not_picked":["Heatsinks+1","Recycle","Streamline"],"picked":"SKIP","floor":30},{"not_picked":["Heatsinks+1","Recycle","Streamline"],"picked":"SKIP","floor":30},{"not_picked":["Electrodynamics+1","Hyperbeam"],"picked":"Thunder Strike","floor":33},{"not_picked":["Stack+1","Gash+1"],"picked":"Turbo+1","floor":35},{"not_picked":["Conserve Battery+1","All For One","Compile Driver"],"picked":"SKIP","floor":36},{"not_picked":["Aggregate+1","Recycle+1","Hologram+1"],"picked":"SKIP","floor":37},{"not_picked":["Aggregate+1","Recycle+1","Hologram+1"],"picked":"SKIP","floor":37},{"not_picked":["Ball Lightning","Sweeping Beam+1","Auto Shields+1"],"picked":"SKIP","floor":38},{"not_picked":["Gash","Darkness+1"],"picked":"Force Field+1","floor":40},{"not_picked":["Glacier+1","Redo+1"],"picked":"Creative AI+1","floor":42},{"not_picked":["Cold Snap+1","Force Field+1"],"picked":"Tempest+1","floor":44},{"not_picked":["Beam Cell","Compile Driver"],"picked":"Steam Power+1","floor":46},{"not_picked":["Barrage+1","Double Energy+1","BootSequence+1"],"picked":"SKIP","floor":48}],"player_experience":758009,"potions_floor_usage":[12,16,28,40,45,50,50,50,50,50,50],"damage_taken":[{"damage":7,"enemies":"Jaw Worm","floor":1,"turns":3},{"damage":0,"enemies":"Small Slimes","floor":2,"turns":3},{"damage":0,"enemies":"2 Louse","floor":3,"turns":2},{"damage":8,"enemies":"Looter","floor":5,"turns":3},{"damage":8,"enemies":"3 Sentries","floor":7,"turns":2},{"damage":0,"enemies":"Large Slime","floor":10,"turns":4},{"damage":13,"enemies":"Gremlin Nob","floor":12,"turns":3},{"damage":0,"enemies":"Blue Slaver","floor":13,"turns":3},{"damage":11,"enemies":"Gremlin Gang","floor":14,"turns":3},{"damage":9,"enemies":"The Guardian","floor":16,"turns":4},{"damage":24,"enemies":"Chosen","floor":18,"turns":5},{"damage":5,"enemies":"Spheric Guardian","floor":19,"turns":3},{"damage":0,"enemies":"Snake Plant","floor":24,"turns":2},{"damage":0,"enemies":"Book of Stabbing","floor":28,"turns":3},{"damage":5,"enemies":"Gremlin Leader","floor":30,"turns":3},{"damage":0,"enemies":"Masked Bandits","floor":31,"turns":1},{"damage":6,"enemies":"Collector","floor":33,"turns":3},{"damage":0,"enemies":"Orb Walker","floor":35,"turns":1},{"damage":3,"enemies":"3 Darklings","floor":36,"turns":2},{"damage":0,"enemies":"Sphere and 2 Shapes","floor":37,"turns":1},{"damage":0,"enemies":"4 Shapes","floor":38,"turns":2},{"damage":21,"enemies":"Nemesis","floor":40,"turns":5},{"damage":8,"enemies":"Giant Head","floor":42,"turns":6},{"damage":0,"enemies":"3 Darklings","floor":44,"turns":2},{"damage":38,"enemies":"Mysterious Sphere","floor":45,"turns":4},{"damage":0,"enemies":"Maw","floor":46,"turns":4},{"damage":0,"enemies":"Sphere and 2 Shapes","floor":48,"turns":1},{"damage":0,"enemies":"Donu and Deca","floor":50,"turns":2}],"relics_obtained":[{"floor":7,"key":"Frozen Egg 2"},{"floor":9,"key":"Bottled Flame"},{"floor":12,"key":"Gremlin Horn"},{"floor":21,"key":"Centennial Puzzle"},{"floor":26,"key":"Mummified Hand"},{"floor":28,"key":"Gambling Chip"},{"floor":30,"key":"Toxic Egg 2"},{"floor":31,"key":"Red Mask"},{"floor":40,"key":"Mango"},{"floor":42,"key":"Regal Pillow"},{"floor":43,"key":"Lantern"},{"floor":45,"key":"Dead Branch"}],"event_choices":[{"event_name":"Golden Wing","player_choice":"Card Removal","floor":4,"damage_taken":0},{"event_name":"The Cleric","player_choice":"Card Removal","floor":11,"damage_taken":0},{"event_name":"Duplicator","player_choice":"One dupe","floor":20,"damage_taken":0},{"event_name":"Purifier","player_choice":"One Purge","floor":22,"damage_taken":0},{"event_name":"Masked Bandits","player_choice":"Fought over 148 gold","floor":31,"damage_taken":0},{"event_name":"Transmorgrifier","player_choice":"Skipped","floor":39,"damage_taken":0},{"event_name":"Mysterious Sphere","player_choice":"Fight","floor":45,"damage_taken":0}],"boss_relics":[{"not_picked":["Velvet Choker","Snecko Eye"],"picked":"Orrery"},{"not_picked":["White Beast Statue","Calling Bell"],"picked":"Nuclear Battery"}],"items_purged_floors":[47],"potions_floor_spawned":[2,3,10,14,16,18,24,31,35,36,42,45],"seed_played":"5012970109376120376","ascension_level":2,"potions_obtained":[{"floor":2,"key":"AttackPotion"},{"floor":3,"key":"Dexterity Potion"},{"floor":10,"key":"PowerPotion"},{"floor":14,"key":"LiquidBronze"},{"floor":16,"key":"Strength Potion"},{"floor":18,"key":"SkillPotion"},{"floor":24,"key":"Block Potion"},{"floor":31,"key":"EntropicBrew"},{"floor":42,"key":"Weak Potion"},{"floor":45,"key":"FocusPotion"}],"is_trial":false}