{"gold_per_floor":[109,120,120,134,153,153,174,188,188,203,203,39,39,53,53,132,132,110,10,10,26,26,26,56,72,99,199,217,217,217,234,234,306,306,319,319,335,345,445,476,476,508,508,541,558,359,393,406,406,406,406,406,406,77,103,103],"floor_reached":56,"playtime":2485,"items_purged":["Strike_G","Strike_G","Masterful Stab+1","Defend_G"],"score":2662,"play_id":"d451f916-358c-41fb-94f1-5961e52c77a7","local_time":"20190816064850","is_ascension_mode":true,"campfire_choices":[{"data":"Skewer","floor":6.0,"key":"SMITH"},{"data":"Deep Breath","floor":13.0,"key":"SMITH"},{"data":"Night Terror","floor":15.0,"key":"SMITH"},{"data":"Masterful Stab","floor":23.0,"key":"SMITH"},{"data":"Tactician","floor":30.0,"key":"SMITH"},{"data":"Masterful Stab","floor":32.0,"key":"SMITH"},{"data":"Backflip","floor":41.0,"key":"SMITH"},{"floor":49.0,"key":"RECALL"},{"data":"Blur","floor":53.0,"key":"SMITH"}],"neow_cost":"NONE","seed_source_timestamp":90794593706380,"circlet_count":0,"master_deck":["AscendersBane","Defend_G+1","Defend_G","Defend_G+1","Survivor","Neutralize","PiercingWail","Masterful Stab+1","Skewer+1","Night Terror+1","Deep Breath+1","Deep Breath+1","Tactician+1","Backflip+1","Blur+1","Expertise+1","Acrobatics+1","Finesse+1"],"special_seed":0,"relics":["Ring of the Snake","NeowsBlessing","War Paint","Odd Mushroom","Dream Catcher","Coffee Dripper","Letter Opener","Gambling Chip","Pear","Empty Cage","Ice Cream","Vajra","Gremlin Horn","Paper Crane","Snake Skull","Toxic Egg 2","Art of War"],"potions_floor_usage":[],"damage_taken":[{"damage":0.0,"enemies":"2 Louse","floor":1.0,"turns":1.0},{"damage":0.0,"enemies":"Small Slimes","floor":2.0,"turns":1.0},{"damage":0.0,"enemies":"Jaw Worm","floor":4.0,"turns":1.0},{"damage":0.0,"enemies":"Large Slime","floor":5.0,"turns":5.0},{"damage":4.0,"enemies":"The Mushroom Lair","floor":7.0,"turns":5.0},{"damage":18.0,"enemies":"Gremlin Gang","floor":8.0,"turns":6.0},{"damage":0.0,"enemies":"Blue Slaver","floor":10.0,"turns":5.0},{"damage":15.0,"enemies":"3 Louse","floor":14.0,"turns":3.0},{"damage":5.0,"enemies":"Slime Boss","floor":16.0,"turns":9.0},{"damage":4.0,"enemies":"2 Thieves","floor":18.0,"turns":4.0},{"damage":0.0,"enemies":"Chosen","floor":21.0,"turns":2.0},{"damage":0.0,"enemies":"Centurion and Healer","floor":22.0,"turns":2.0},{"damage":0.0,"enemies":"Book of Stabbing","floor":24.0,"turns":5.0},{"damage":0.0,"enemies":"Snake Plant","floor":25.0,"turns":3.0},{"damage":6.0,"enemies":"Colosseum Slavers","floor":27.0,"turns":4.0},{"damage":0.0,"enemies":"Colosseum Nobs","floor":27.0,"turns":2.0},{"damage":20.0,"enemies":"Shelled Parasite and Fungi","floor":28.0,"turns":4.0},{"damage":0.0,"enemies":"Snecko","floor":31.0,"turns":3.0},{"damage":0.0,"enemies":"Champ","floor":33.0,"turns":4.0},{"damage":0.0,"enemies":"Orb Walker","floor":35.0,"turns":2.0},{"damage":0.0,"enemies":"3 Darklings","floor":37.0,"turns":2.0},{"damage":0.0,"enemies":"Writhing Mass","floor":38.0,"turns":4.0},{"damage":4.0,"enemies":"Mind Bloom Boss Battle","floor":39.0,"turns":5.0},{"damage":0.0,"enemies":"Reptomancer","floor":40.0,"turns":3.0},{"damage":0.0,"enemies":"Giant Head","floor":42.0,"turns":2.0},{"damage":0.0,"enemies":"Reptomancer","floor":44.0,"turns":3.0},{"damage":0.0,"enemies":"Jaw Worm Horde","floor":45.0,"turns":2.0},{"damage":0.0,"enemies":"Giant Head","floor":47.0,"turns":3.0},{"damage":0.0,"enemies":"Maw","floor":48.0,"turns":6.0},{"damage":0.0,"enemies":"Time Eater","floor":50.0,"turns":13.0},{"damage":0.0,"enemies":"Awakened One","floor":51.0,"turns":5.0},{"damage":0.0,"enemies":"Shield and Spear","floor":55.0,"turns":3.0},{"damage":0,"enemies":"The Heart","floor":56,"turns":1}],"seed_played":"-4524198432287595593","potions_obtained":[{"floor":1.0,"key":"SmokeBomb"},{"floor":4.0,"key":"Block Potion"},{"floor":14.0,"key":"EssenceOfSteel"},{"floor":16.0,"key":"Ancient Potion"},{"floor":24.0,"key":"Explosive Potion"},{"floor":28.0,"key":"Dexterity Potion"},{"floor":31.0,"key":"PowerPotion"},{"floor":33.0,"key":"Swift Potion"}],"is_trial":false,"path_per_floor":["M","M","?","M","M","R","?","M","T","M","?","$","R","M","R","B",null,"M","$","?","M","M","R","E","M","T","?","M","?","R","M","R","B",null,"M","?","M","M","?","E","R","E","T","E","M","$","E","M","R","B","B",null,"R","$","E","B"],"character_chosen":"THE_SILENT","items_purchased":["Deep Breath","Blur","Acrobatics+1","Finesse+1","SpeedPotion"],"campfire_rested":0,"item_purchase_floors":[12,46,54,54,54],"current_hp_per_floor":[59,59,54,54,54,54,50,32,32,32,25,25,25,10,10,5,51,47,47,47,47,47,47,47,47,47,51,31,31,31,31,31,31,65,65,65,65,65,61,61,61,61,61,61,61,61,61,61,61,61,61,72,72,72,72,72],"gold":103,"neow_bonus":"THREE_ENEMY_KILL","is_prod":false,"is_daily":false,"chose_seed":false,"campfire_upgraded":8,"win_rate":0,"timestamp":1565905730,"path_taken":["M","M","?","M","M","R","?","M","T","M","?","?","R","M","R","BOSS","M","$","?","M","?","R","E","M","T","?","M","?","R","M","R","BOSS","M","?","M","M","?","E","R","E","T","E","M","?","E","M","R","BOSS","BOSS","R","$","E","BOSS"],"build_version":"2019-07-17","purchased_purges":4,"victory":false,"max_hp_per_floor":[66,66,66,66,66,66,66,66,66,66,66,66,66,66,66,66,66,66,66,66,66,66,66,66,66,66,76,76,76,76,76,76,76,76,76,76,76,76,76,76,76,76,76,76,76,76,76,76,76,76,76,76,76,76,76,76],"card_choices":[{"not_picked":["Leg Sweep","Dagger Throw"],"picked":"PiercingWail","floor":1.0},{"not_picked":["Caltrops","Backflip"],"picked":"Masterful Stab","floor":2.0},{"not_picked":["Prepared","Dodge and Roll"],"picked":"Skewer","floor":4.0},{"not_picked":["Poisoned Stab","Slice","Outmaneuver"],"picked":"SKIP","floor":5.0},{"not_picked":["Blade Dance","Backflip"],"picked":"Night Terror","floor":8.0},{"not_picked":["Slice","Setup","Sucker Punch"],"picked":"SKIP","floor":10.0},{"not_picked":["Prepared","Flying Knee","Backstab"],"picked":"SKIP","floor":14.0},{"not_picked":["Blade Dance","Heel Hook","Backflip"],"picked":"SKIP","floor":18.0},{"not_picked":["Cloak And Dagger","Masterful Stab"],"picked":"Tactician","floor":21.0},{"not_picked":["Venomology","Noxious Fumes+1","Dagger Throw"],"picked":"SKIP","floor":24.0},{"not_picked":["Cloak And Dagger","Tactician","Blade Dance"],"picked":"SKIP","floor":25.0},{"not_picked":["Eviscerate+1","Flechettes","Underhanded Strike"],"picked":"SKIP","floor":28.0},{"not_picked":["Dodge and Roll","Distraction+1","Blade Dance"],"picked":"SKIP","floor":31.0},{"not_picked":["Bane","Dagger Spray","Slice+1"],"picked":"SKIP","floor":35.0},{"not_picked":["Skewer","Accuracy","Deadly Poison+1"],"picked":"SKIP","floor":37.0},{"not_picked":["Underhanded Strike","Bouncing Flask","Deflect"],"picked":"SKIP","floor":38.0},{"not_picked":["Backflip","Masterful Stab+1","Crippling Poison"],"picked":"SKIP","floor":40.0},{"not_picked":["Masterful Stab+1","Crippling Poison"],"picked":"Backflip","floor":40.0},{"not_picked":["Choke+1","Caltrops","Footwork+1"],"picked":"SKIP","floor":42.0},{"not_picked":["Backstab","Slice+1","Envenom"],"picked":"SKIP","floor":44.0},{"not_picked":["Outmaneuver","Backflip","Deadly Poison"],"picked":"SKIP","floor":45.0},{"not_picked":["Slice","Dodge and Roll"],"picked":"Expertise","floor":47.0},{"not_picked":["Infinite Blades+1","Dagger Spray","Deflect+1"],"picked":"SKIP","floor":48.0},{"not_picked":["Slice","Bouncing Flask+1","Dagger Throw"],"picked":"SKIP","floor":55.0}],"player_experience":905409,"relics_obtained":[{"floor":7.0,"key":"Odd Mushroom"},{"floor":9.0,"key":"Dream Catcher"},{"floor":24.0,"key":"Letter Opener"},{"floor":27.0,"key":"Gambling Chip"},{"floor":27.0,"key":"Pear"},{"floor":39.0,"key":"Ice Cream"},{"floor":40.0,"key":"Vajra"},{"floor":42.0,"key":"Gremlin Horn"},{"floor":43.0,"key":"Paper Crane"},{"floor":44.0,"key":"Snake Skull"},{"floor":47.0,"key":"Toxic Egg 2"},{"floor":55.0,"key":"Art of War"}],"event_choices":[{"damage_healed":0.0,"max_hp_gain":0.0,"max_hp_loss":0.0,"gold_gain":0.0,"event_name":"Scrap Ooze","player_choice":"Success","floor":3.0,"gold_loss":0.0,"damage_taken":5.0,"relics_obtained":["War Paint"]},{"damage_healed":0.0,"max_hp_gain":0.0,"max_hp_loss":0.0,"gold_gain":0.0,"event_name":"Mushrooms","player_choice":"Fought Mushrooms","floor":7.0,"gold_loss":0.0,"damage_taken":0.0},{"cards_removed":["Strike_G"],"damage_healed":0.0,"max_hp_gain":0.0,"max_hp_loss":0.0,"gold_gain":0.0,"event_name":"Golden Wing","player_choice":"Card Removal","floor":11.0,"gold_loss":0.0,"damage_taken":7.0},{"damage_healed":0.0,"max_hp_gain":0.0,"max_hp_loss":0.0,"gold_gain":0.0,"event_name":"Duplicator","player_choice":"Copied","floor":20.0,"gold_loss":0.0,"damage_taken":0.0,"cards_obtained":["Deep Breath"]},{"damage_healed":0.0,"max_hp_gain":0.0,"max_hp_loss":0.0,"gold_gain":0.0,"event_name":"Colosseum","player_choice":"Fight","floor":27.0,"gold_loss":0.0,"damage_taken":0.0},{"damage_healed":0.0,"max_hp_gain":0.0,"max_hp_loss":0.0,"gold_gain":0.0,"event_name":"Colosseum","player_choice":"Fought Nobs","floor":27.0,"gold_loss":0.0,"damage_taken":0.0},{"damage_healed":0.0,"max_hp_gain":0.0,"max_hp_loss":0.0,"gold_gain":0.0,"cards_transformed":["Strike_G","Strike_G"],"event_name":"Drug Dealer","player_choice":"Became Test Subject","floor":29.0,"gold_loss":0.0,"damage_taken":0.0,"cards_obtained":["Poisoned Stab","Masterful Stab"]},{"damage_healed":0.0,"max_hp_gain":0.0,"max_hp_loss":0.0,"gold_gain":0.0,"event_name":"SensoryStone","player_choice":"Memory 1","floor":36.0,"gold_loss":0.0,"damage_taken":0.0},{"damage_healed":0.0,"max_hp_gain":0.0,"max_hp_loss":0.0,"gold_gain":0.0,"event_name":"MindBloom","player_choice":"Fight","floor":39.0,"gold_loss":0.0,"damage_taken":0.0}],"is_beta":false,"boss_relics":[{"not_picked":["Ring of the Serpent","Velvet Choker"],"picked":"Coffee Dripper"},{"not_picked":["Black Star","Sozu"],"picked":"Empty Cage"}],"items_purged_floors":[12,19,46,54],"is_endless":false,"potions_floor_spawned":[1,4,7,14,16,24,27,28,31,33,38,39,42,47],"killed_by":"The Heart","ascension_level":20}