{"path_per_floor":["M","?","?","M","M","R","$","R","T","R","M","R","?","E","R","B",null,"M","?","M","M","M","R","E","R","T","M","?","$","M","M","R","B",null,"M","M","$","?","$","R","E","R","T","M","E","R","?","M","R","B"],"character_chosen":"DEFECT","items_purchased":["Leap","Turbo","Sweeping Beam","Defragment","Bag of Preparation","Capacitor","Double Energy","Loop"],"gold_per_floor":[209,209,209,221,234,234,37,37,117,117,129,129,194,223,223,324,324,336,436,449,469,489,489,518,518,564,581,581,268,287,302,302,399,399,419,430,191,191,109,109,138,138,161,179,213,213,213,233,233,233],"floor_reached":51,"campfire_rested":0,"playtime":4214,"item_purchase_floors":[7,7,7,29,29,37,37,39],"current_hp_per_floor":[72,72,72,56,54,54,54,54,54,54,54,54,51,43,43,40,75,70,70,70,61,52,52,40,40,40,31,31,31,34,41,41,33,75,75,75,75,75,75,75,62,62,62,71,75,75,75,75,75,38],"items_purged":["Regret","Strike_B","Strike_B"],"gold":233,"score":735,"play_id":"b88c0732-e439-46d3-ba17-c147138d9f88","local_time":"20180605231607","is_prod":false,"is_daily":false,"chose_seed":false,"is_ascension_mode":true,"campfire_upgraded":12,"win_rate":0.0,"timestamp":1528233367,"campfire_choices":[{"data":"Hologram","floor":6,"key":"SMITH"},{"data":"Turbo","floor":8,"key":"SMITH"},{"data":"Zap","floor":10,"key":"SMITH"},{"data":"Go for the Eyes","floor":12,"key":"SMITH"},{"data":"Hologram","floor":15,"key":"SMITH"},{"data":"Electrodynamics","floor":23,"key":"SMITH"},{"data":"Tempest","floor":25,"key":"SMITH"},{"data":"Defragment","floor":32,"key":"SMITH"},{"data":"Loop","floor":40,"key":"SMITH"},{"data":"Multi-Cast","floor":42,"key":"SMITH"},{"data":"Capacitor","floor":46,"key":"SMITH"},{"data":"Double Energy","floor":49,"key":"SMITH"}],"path_taken":["M","?","?","M","M","R","$","R","T","R","M","R","?","E","R","BOSS","M","?","M","?","M","R","E","R","T","M","?","$","M","M","R","BOSS","M","M","$","?","$","R","E","R","T","M","E","R","?","M","R","BOSS"],"build_version":"2018-05-31","seed_source_timestamp":134559814675528,"purchased_purges":3,"victory":true,"master_deck":["Strike_B","Strike_B","Defend_B","Defend_B+1","Defend_B+1","Defend_B","Zap+1","Dualcast+1","Hologram+1","Hologram+1","Leap","Turbo+1","Sweeping Beam","Go for the Eyes+1","Sweeping Beam","Electrodynamics+1","Reinforced Body+1","Tempest+1","Self Repair","Leap+1","Defragment+1","Coolheaded+1","Multi-Cast+1","Storm+1","Go for the Eyes+1","Capacitor+1","Double Energy+1","Loop+1"],"max_hp_per_floor":[75,75,75,75,75,75,75,75,75,75,75,75,75,75,75,75,75,75,75,75,75,75,75,75,75,75,75,75,75,75,75,75,75,75,75,75,75,75,75,75,75,75,75,75,75,75,75,75,75,75],"relics":["Cracked Core","Regal Pillow","Gremlin Horn","War Paint","Bronze Scales","Nuclear Battery","Dead Branch","Lantern","Kunai","Bag of Preparation","Orrery","Juzu Bracelet","Blood Vial","Ancient Tea Set"],"card_choices":[{"not_picked":["Chill","Blizzard"],"picked":"Hologram","floor":1},{"not_picked":["Streamline","Consume","Gash"],"picked":"SKIP","floor":4},{"not_picked":["Chill","Redo"],"picked":"Hologram","floor":5},{"not_picked":["Sunder","Darkness"],"picked":"Go for the Eyes","floor":11},{"not_picked":["Reboot","Consume"],"picked":"Sweeping Beam","floor":13},{"not_picked":["Go for the Eyes","Conserve Battery","Gash"],"picked":"SKIP","floor":14},{"not_picked":["Creative AI","Machine Learning"],"picked":"Electrodynamics","floor":16},{"not_picked":["Barrage","Rebound"],"picked":"Reinforced Body+1","floor":18},{"not_picked":["Beam Cell","Turbo+1","Genetic Algorithm"],"picked":"SKIP","floor":20},{"not_picked":["Undo","Heatsinks","Barrage"],"picked":"SKIP","floor":21},{"not_picked":["Go for the Eyes","Hologram"],"picked":"Tempest","floor":22},{"not_picked":["Multi-Cast","Scrape"],"picked":"Self Repair","floor":24},{"not_picked":["Hologram","Rebound"],"picked":"Leap+1","floor":27},{"not_picked":["Leap+1","Compile Driver","Streamline"],"picked":"SKIP","floor":30},{"not_picked":["Undo","Echo Form"],"picked":"Coolheaded+1","floor":31},{"not_picked":["Reboot","Electrodynamics"],"picked":"Multi-Cast","floor":33},{"not_picked":["Beam Cell+1","Turbo"],"picked":"Storm","floor":34},{"not_picked":["Rebound","Redo","Streamline+1"],"picked":"SKIP","floor":35},{"not_picked":["Multi-Cast","Scrape+1"],"picked":"Go for the Eyes+1","floor":36},{"not_picked":["Glacier+1","Stack","Compile Driver+1"],"picked":"SKIP","floor":41},{"not_picked":["Conserve Battery","Redo+1","Hologram"],"picked":"SKIP","floor":44},{"not_picked":["Aggregate+1","Coolheaded","FTL"],"picked":"SKIP","floor":45},{"not_picked":["Stack","Ball Lightning","Electrodynamics"],"picked":"SKIP","floor":48}],"player_experience":744361,"potions_floor_usage":[13,14,16,20,33,33,44,50,50,50],"damage_taken":[{"damage":3,"enemies":"Jaw Worm","floor":1,"turns":4},{"damage":16,"enemies":"Small Slimes","floor":4,"turns":5},{"damage":2,"enemies":"2 Louse","floor":5,"turns":3},{"damage":0,"enemies":"2 Fungi Beasts","floor":11,"turns":2},{"damage":3,"enemies":"3 Sentries","floor":13,"turns":4},{"damage":8,"enemies":"Gremlin Nob","floor":14,"turns":3},{"damage":3,"enemies":"Hexaghost","floor":16,"turns":8},{"damage":5,"enemies":"Shell Parasite","floor":18,"turns":5},{"damage":0,"enemies":"Chosen","floor":20,"turns":6},{"damage":9,"enemies":"3 Cultists","floor":21,"turns":4},{"damage":9,"enemies":"Centurion and Healer","floor":22,"turns":4},{"damage":12,"enemies":"Gremlin Leader","floor":24,"turns":5},{"damage":16,"enemies":"Snake Plant","floor":27,"turns":2},{"damage":4,"enemies":"Slaver and Parasite","floor":30,"turns":3},{"damage":0,"enemies":"Centurion and Healer","floor":31,"turns":3},{"damage":30,"enemies":"Automaton","floor":33,"turns":11},{"damage":0,"enemies":"Orb Walker","floor":35,"turns":3},{"damage":5,"enemies":"3 Shapes","floor":36,"turns":2},{"damage":13,"enemies":"2 Orb Walkers","floor":41,"turns":4},{"damage":0,"enemies":"Sphere and 2 Shapes","floor":44,"turns":3},{"damage":0,"enemies":"Nemesis","floor":45,"turns":4},{"damage":4,"enemies":"Maw","floor":48,"turns":6},{"damage":44,"enemies":"Awakened One","floor":50,"turns":11}],"relics_obtained":[{"floor":9,"key":"Gremlin Horn"},{"floor":13,"key":"War Paint"},{"floor":14,"key":"Bronze Scales"},{"floor":24,"key":"Dead Branch"},{"floor":26,"key":"Lantern"},{"floor":41,"key":"Juzu Bracelet"},{"floor":43,"key":"Blood Vial"},{"floor":45,"key":"Ancient Tea Set"}],"event_choices":[{"event_name":"Big Fish","player_choice":"Box","floor":2,"damage_taken":0},{"event_name":"Living Wall","player_choice":"Grow","floor":3,"damage_taken":0},{"event_name":"Dead Adventurer","player_choice":"Searched \u00271\u0027 times","floor":13,"damage_taken":0},{"event_name":"Golden Shrine","player_choice":"Pray","floor":19,"damage_taken":0},{"event_name":"The Mausoleum","player_choice":"Yes","floor":28,"damage_taken":0},{"event_name":"Upgrade Shrine","player_choice":"Upgraded","floor":38,"damage_taken":0},{"event_name":"The Lab","player_choice":"Got Potions","floor":47,"damage_taken":0}],"boss_relics":[{"not_picked":["Calling Bell","Philosopher\u0027s Stone"],"picked":"Nuclear Battery"},{"not_picked":["Sozu","Cursed Key"],"picked":"Orrery"}],"items_purged_floors":[7,29,37],"potions_floor_spawned":[1,5,11,14,22,24,27,30,31,33,35,44,45],"seed_played":"-2844896538394896252","ascension_level":1,"potions_obtained":[{"floor":1,"key":"Fire Potion"},{"floor":5,"key":"Block Potion"},{"floor":11,"key":"LiquidBronze"},{"floor":14,"key":"Swift Potion"},{"floor":22,"key":"GamblersBrew"},{"floor":24,"key":"LiquidBronze"},{"floor":27,"key":"Explosive Potion"},{"floor":31,"key":"Regen Potion"},{"floor":33,"key":"Poison Potion"},{"floor":35,"key":"FearPotion"},{"floor":44,"key":"Swift Potion"},{"floor":45,"key":"Fire Potion"}],"is_trial":false}