{"gold_per_floor":[16,16,91,91,103,103,135,153,153,153,153,166,199,42,42,123,123,141,167,216,232,250,250,277,277,277,277,318,139,164,174,174,251,272,298,305,316,334,209,240,240,268,294,294,394,426,443,462,462,462,462,462,462,91,116,116],"floor_reached":57,"playtime":3457,"items_purged":["Strike_G","Dagger Spray","Defend_G","Defend_G"],"score":3034,"play_id":"d8c625bf-ebd5-4159-ad4c-fb40129cb899","local_time":"20190919231607","is_ascension_mode":true,"campfire_choices":[{"data":"Bouncing Flask","floor":6.0,"key":"SMITH"},{"data":"Outmaneuver","floor":15.0,"key":"SMITH"},{"data":"Well Laid Plans","floor":23.0,"key":"SMITH"},{"data":"Skewer","floor":25.0,"key":"SMITH"},{"data":"Neutralize","floor":27.0,"key":"SMITH"},{"data":"Burst","floor":32.0,"key":"SMITH"},{"data":"Tactician","floor":41.0,"key":"SMITH"},{"data":"Acrobatics","floor":44,"key":"SMITH"},{"floor":49,"key":"RECALL"},{"data":"Backflip","floor":53,"key":"SMITH"}],"neow_cost":"NO_GOLD","seed_source_timestamp":794241834973218,"circlet_count":0,"master_deck":["AscendersBane","Defend_G","Survivor","Neutralize+1","Outmaneuver+1","Bouncing Flask+1","Venomology","Acrobatics+1","Well Laid Plans+1","Burst+1","Doppelganger","Backflip+1","Calculated Gamble","Well Laid Plans","Skewer+1","Deflect+1","Footwork+1","Prepared+1","Tactician+1","Purity","Catalyst","PiercingWail+1"],"special_seed":0,"relics":["Ring of the Snake","Ice Cream","Bird Faced Urn","Prayer Wheel","CeramicFish","HoveringKite","Centennial Puzzle","CaptainsWheel","Pocketwatch","Pen Nib","Astrolabe","Mango","Sundial","Turnip","Bag of Preparation","InkBottle","Akabeko"],"potions_floor_usage":[42,46,46,46,47,48,50,51,55,55,56],"damage_taken":[{"damage":0.0,"enemies":"Cultist","floor":1.0,"turns":5.0},{"damage":1.0,"enemies":"2 Louse","floor":5.0,"turns":3.0},{"damage":27.0,"enemies":"3 Sentries","floor":7.0,"turns":9.0},{"damage":0.0,"enemies":"Small Slimes","floor":8.0,"turns":4.0},{"damage":0.0,"enemies":"Exordium Wildlife","floor":11.0,"turns":1.0},{"damage":2.0,"enemies":"Looter","floor":12.0,"turns":5.0},{"damage":5.0,"enemies":"Lagavulin","floor":13.0,"turns":7.0},{"damage":0.0,"enemies":"Hexaghost","floor":16.0,"turns":6.0},{"damage":0.0,"enemies":"3 Byrds","floor":18.0,"turns":5.0},{"damage":5.0,"enemies":"Spheric Guardian","floor":19.0,"turns":4.0},{"damage":12.0,"enemies":"Snake Plant","floor":21.0,"turns":5.0},{"damage":0.0,"enemies":"Centurion and Healer","floor":22.0,"turns":7.0},{"damage":14.0,"enemies":"Slavers","floor":24.0,"turns":6.0},{"damage":7.0,"enemies":"Book of Stabbing","floor":28.0,"turns":5.0},{"damage":5.0,"enemies":"Chosen and Byrds","floor":30.0,"turns":6.0},{"damage":0.0,"enemies":"3 Cultists","floor":31.0,"turns":5.0},{"damage":1.0,"enemies":"Champ","floor":33.0,"turns":6.0},{"damage":7.0,"enemies":"Orb Walker","floor":35.0,"turns":3.0},{"damage":0.0,"enemies":"3 Shapes","floor":37.0,"turns":9.0},{"damage":4.0,"enemies":"3 Darklings","floor":38.0,"turns":4.0},{"damage":1.0,"enemies":"Nemesis","floor":40.0,"turns":5.0},{"damage":18,"enemies":"Reptomancer","floor":42,"turns":2},{"damage":0,"enemies":"Mind Bloom Boss Battle","floor":45,"turns":4},{"damage":2,"enemies":"Nemesis","floor":46,"turns":5},{"damage":25,"enemies":"Spire Growth","floor":47,"turns":4},{"damage":9,"enemies":"4 Shapes","floor":48,"turns":7},{"damage":14,"enemies":"Time Eater","floor":50,"turns":7},{"damage":0,"enemies":"Awakened One","floor":51,"turns":5},{"damage":10,"enemies":"Shield and Spear","floor":55,"turns":4},{"damage":30,"enemies":"The Heart","floor":56,"turns":8}],"seed_played":"-377410785945368050","potions_obtained":[{"floor":1.0,"key":"FearPotion"},{"floor":21.0,"key":"GhostInAJar"},{"floor":22.0,"key":"GhostInAJar"},{"floor":28.0,"key":"EntropicBrew"},{"floor":33.0,"key":"FearPotion"},{"floor":40.0,"key":"DuplicationPotion"}],"is_trial":false,"path_per_floor":["M","?","?","?","M","R","E","M","T","?","M","M","E","$","R","B",null,"M","M","T","M","M","R","E","R","T","R","E","$","M","M","R","B",null,"M","?","M","M","$","E","R","E","T","R","?","E","M","M","R","B","B",null,"R","$","E","B",null],"character_chosen":"THE_SILENT","items_purchased":["Burst","GhostInAJar","InkBottle","FearPotion"],"campfire_rested":0,"item_purchase_floors":[14,29,54,54],"current_hp_per_floor":[59,59,48,43,42,42,15,15,15,15,15,13,8,8,8,10,52,54,51,51,41,43,43,31,31,31,31,26,26,23,27,27,30,57,56,46,52,54,54,73,73,55,55,55,61,65,46,43,43,35,43,71,71,71,67,45],"gold":116,"neow_bonus":"TRANSFORM_TWO_CARDS","is_prod":false,"is_daily":false,"chose_seed":false,"campfire_upgraded":9,"win_rate":0,"timestamp":1568906167,"path_taken":["M","?","?","?","?","R","E","M","T","?","?","M","E","$","R","BOSS","M","?","?","?","M","R","E","R","T","R","E","$","M","M","R","BOSS","M","?","M","M","$","E","R","E","T","R","?","E","M","M","R","BOSS","BOSS","R","$","E","BOSS"],"build_version":"2019-09-18","purchased_purges":4,"victory":true,"max_hp_per_floor":[66,66,66,66,66,66,66,66,66,66,66,66,66,66,66,66,66,66,66,66,66,66,66,66,66,66,66,66,66,66,66,66,66,66,66,66,66,66,66,80,80,80,80,80,80,80,80,80,80,80,80,80,80,80,80,80],"card_choices":[{"not_picked":["Prepared","Slice"],"picked":"Bouncing Flask","floor":1.0},{"not_picked":["Bane","Riddle With Holes","Blade Dance"],"picked":"SKIP","floor":5.0},{"not_picked":["Setup","Bouncing Flask","Deflect"],"picked":"SKIP","floor":7.0},{"not_picked":["Distraction","PiercingWail","Skewer"],"picked":"SKIP","floor":8.0},{"not_picked":["Quick Slash","Flying Knee"],"picked":"Acrobatics","floor":12.0},{"not_picked":["Reflex","Prepared"],"picked":"Skewer","floor":12.0},{"not_picked":["Choke","Concentrate"],"picked":"Well Laid Plans","floor":13.0},{"not_picked":["Glass Knife","Wraith Form v2"],"picked":"Doppelganger","floor":16.0},{"not_picked":["Dagger Throw","Underhanded Strike","Quick Slash"],"picked":"SKIP","floor":18.0},{"not_picked":["Sucker Punch+1","Bane","Blade Dance"],"picked":"SKIP","floor":18.0},{"not_picked":["Escape Plan","Prepared"],"picked":"Backflip","floor":19.0},{"not_picked":["Tools of the Trade","Bouncing Flask","Deflect"],"picked":"SKIP","floor":19.0},{"not_picked":["Cloak And Dagger","Flying Knee","Deflect"],"picked":"SKIP","floor":21.0},{"not_picked":["Distraction+1","Outmaneuver","Underhanded Strike"],"picked":"SKIP","floor":21.0},{"not_picked":["Backstab","Riddle With Holes","Deflect+1"],"picked":"SKIP","floor":22.0},{"not_picked":["Masterful Stab","Underhanded Strike","Dash"],"picked":"SKIP","floor":22.0},{"not_picked":["Setup","Bouncing Flask","All Out Attack"],"picked":"SKIP","floor":24.0},{"not_picked":["Leg Sweep","Infinite Blades"],"picked":"Calculated Gamble","floor":28.0},{"not_picked":["Dodge and Roll","Noxious Fumes"],"picked":"Well Laid Plans","floor":30.0},{"not_picked":["Endless Agony","Crippling Poison","Dash"],"picked":"SKIP","floor":30.0},{"not_picked":["Dodge and Roll","Glass Knife","Poisoned Stab"],"picked":"SKIP","floor":31.0},{"not_picked":["Noxious Fumes","Flying Knee","Underhanded Strike"],"picked":"SKIP","floor":31.0},{"not_picked":["Sucker Punch","Backstab"],"picked":"Prepared+1","floor":35.0},{"not_picked":["Footwork","Crippling Poison+1"],"picked":"Tactician","floor":35.0},{"not_picked":["Metamorphosis","Panacea"],"picked":"Purity","floor":36.0},{"not_picked":["Blur+1","Deadly Poison+1","Dodge and Roll"],"picked":"SKIP","floor":37.0},{"not_picked":["Backflip","Flying Knee","Underhanded Strike"],"picked":"SKIP","floor":37.0},{"not_picked":["Sucker Punch","Escape Plan","Accuracy+1"],"picked":"SKIP","floor":38.0},{"not_picked":["Bane+1","Dodge and Roll","Choke"],"picked":"SKIP","floor":38.0},{"not_picked":["Well Laid Plans","Outmaneuver","Deflect"],"picked":"SKIP","floor":40.0},{"not_picked":["Poisoned Stab","Escape Plan","Quick Slash+1"],"picked":"SKIP","floor":42},{"not_picked":["Grand Finale","PiercingWail","Flying Knee+1"],"picked":"SKIP","floor":46},{"not_picked":["Prepared","Tactician"],"picked":"Catalyst","floor":47},{"not_picked":["Crippling Poison","Poisoned Stab","Cloak And Dagger"],"picked":"SKIP","floor":47},{"not_picked":["Slice","Dagger Throw"],"picked":"PiercingWail+1","floor":48},{"not_picked":["Choke","Flying Knee+1","Dagger Spray"],"picked":"SKIP","floor":48},{"not_picked":["Flechettes","Dash+1","Corpse Explosion"],"picked":"SKIP","floor":55}],"player_experience":867295,"relics_obtained":[{"floor":7.0,"key":"Bird Faced Urn"},{"floor":9.0,"key":"Prayer Wheel"},{"floor":13.0,"key":"CeramicFish"},{"floor":20.0,"key":"Centennial Puzzle"},{"floor":24.0,"key":"CaptainsWheel"},{"floor":26.0,"key":"Pocketwatch"},{"floor":28.0,"key":"Pen Nib"},{"floor":40.0,"key":"Mango"},{"floor":42,"key":"Sundial"},{"floor":45,"key":"Turnip"},{"floor":46,"key":"Bag of Preparation"},{"floor":55,"key":"Akabeko"}],"event_choices":[{"damage_healed":0.0,"max_hp_gain":0.0,"max_hp_loss":0.0,"gold_gain":0.0,"cards_transformed":["Strike_G"],"event_name":"Living Wall","player_choice":"Change","floor":2.0,"gold_loss":0.0,"damage_taken":0.0,"cards_obtained":["Venomology"]},{"damage_healed":0.0,"max_hp_gain":0.0,"max_hp_loss":0.0,"gold_gain":75.0,"event_name":"World of Goop","player_choice":"Gather Gold","floor":3.0,"gold_loss":0.0,"damage_taken":11.0},{"damage_healed":0.0,"max_hp_gain":0.0,"max_hp_loss":0.0,"gold_gain":0.0,"event_name":"Scrap Ooze","player_choice":"Success","floor":4.0,"gold_loss":0.0,"damage_taken":5.0,"relics_obtained":["Ice Cream"]},{"cards_removed":["Strike_G"],"damage_healed":0.0,"max_hp_gain":0.0,"max_hp_loss":0.0,"gold_gain":0.0,"event_name":"Purifier","player_choice":"Purged","floor":10.0,"gold_loss":0.0,"damage_taken":0.0},{"damage_healed":0.0,"max_hp_gain":0.0,"max_hp_loss":0.0,"gold_gain":0.0,"event_name":"SensoryStone","player_choice":"Memory 3","floor":36.0,"gold_loss":0.0,"damage_taken":10.0},{"damage_healed":0,"gold_gain":0,"player_choice":"Fight","damage_taken":0,"max_hp_gain":0,"max_hp_loss":0,"event_name":"MindBloom","floor":45,"gold_loss":0}],"is_beta":true,"boss_relics":[{"not_picked":["SacredBark","Philosopher\u0027s Stone"],"picked":"HoveringKite"},{"not_picked":["Runic Dome","Sozu"],"picked":"Astrolabe"}],"items_purged_floors":[14,29,39,54],"is_endless":false,"potions_floor_spawned":[1,7,11,19,21,22,28,33,35,38,40,45,46],"ascension_level":20}