{"gold_per_floor":[110,125,125,50,60,60,73,107,132,150,150,170,196,209,209,282,282,292,310,335,352,352,352,369,2,26,44,0,0],"floor_reached":29,"playtime":810,"items_purged":["Strike_B","Strike_B"],"score":578,"play_id":"c7d9b954-9f01-4503-9acf-d74ec3c7c5bb","local_time":"20190830110634","is_ascension_mode":true,"campfire_choices":[{"data":"Dualcast","floor":6.0,"key":"SMITH"},{"data":"Coolheaded","floor":11.0,"key":"SMITH"},{"data":"Zap","floor":15.0,"key":"SMITH"},{"data":"Defragment","floor":23.0,"key":"SMITH"}],"neow_cost":"TEN_PERCENT_HP_LOSS","seed_source_timestamp":1289914875780900,"circlet_count":0,"master_deck":["AscendersBane","Strike_B+1","Strike_B","Defend_B","Defend_B","Defend_B+1","Defend_B","Zap+1","Dualcast+1","Ball Lightning+1","Core Surge+1","BootSequence","Coolheaded+1","Compile Driver","Electrodynamics","Genetic Algorithm+1","Defragment+1","Capacitor","Undo","White Noise","Impatience","Turbo+1","Heatsinks"],"special_seed":0,"relics":["Cracked Core","StoneCalendar","Whetstone","Ancient Tea Set","Orichalcum","Runic Dome","Red Mask","Membership Card","Smiling Mask"],"potions_floor_usage":[],"damage_taken":[{"damage":4.0,"enemies":"Small Slimes","floor":1.0,"turns":3.0},{"damage":2.0,"enemies":"Jaw Worm","floor":2.0,"turns":3.0},{"damage":0.0,"enemies":"Cultist","floor":5.0,"turns":3.0},{"damage":0.0,"enemies":"Looter","floor":7.0,"turns":2.0},{"damage":22.0,"enemies":"3 Sentries","floor":8.0,"turns":7.0},{"damage":0.0,"enemies":"2 Fungi Beasts","floor":10.0,"turns":3.0},{"damage":0.0,"enemies":"3 Louse","floor":12.0,"turns":2.0},{"damage":11.0,"enemies":"Gremlin Nob","floor":13.0,"turns":3.0},{"damage":0.0,"enemies":"Large Slime","floor":14.0,"turns":4.0},{"damage":0.0,"enemies":"Slime Boss","floor":16.0,"turns":6.0},{"damage":0.0,"enemies":"Chosen","floor":18.0,"turns":3.0},{"damage":0.0,"enemies":"Spheric Guardian","floor":19.0,"turns":3.0},{"damage":3.0,"enemies":"Masked Bandits","floor":20.0,"turns":3.0},{"damage":35.0,"enemies":"Snake Plant","floor":21.0,"turns":4.0},{"damage":0.0,"enemies":"3 Cultists","floor":24.0,"turns":3.0},{"damage":10,"enemies":"Snecko","floor":27,"turns":5},{"damage":7,"enemies":"Chosen and Byrds","floor":29,"turns":3}],"seed_played":"-7592267195956510234","potions_obtained":[{"floor":2.0,"key":"FocusPotion"},{"floor":8.0,"key":"Swift Potion"},{"floor":13.0,"key":"FearPotion"},{"floor":18.0,"key":"PowerPotion"}],"is_trial":false,"path_per_floor":["M","M","?","$","M","R","M","E","T","M","R","M","E","M","R","B",null,"M","M","?","M","?","R","M","$","T","M","$","M"],"character_chosen":"DEFECT","items_purchased":["Membership Card","Impatience","FocusPotion","Heatsinks"],"campfire_rested":0,"item_purchase_floors":[25,25,25,28],"current_hp_per_floor":[60,58,39,39,39,39,39,17,17,17,17,17,6,6,6,6,50,50,50,47,12,12,12,12,12,12,2,2,0],"gold":0,"neow_bonus":"ONE_RARE_RELIC","is_prod":false,"is_daily":false,"chose_seed":false,"campfire_upgraded":4,"win_rate":0,"timestamp":1567134394,"path_taken":["M","M","?","$","M","R","M","E","T","M","R","M","E","M","R","BOSS","M","M","?","M","?","R","M","$","T","M","?","M"],"build_version":"2019-08-26","purchased_purges":2,"victory":false,"max_hp_per_floor":[64,64,64,64,64,64,64,64,64,64,64,64,64,64,64,64,64,64,64,64,64,64,64,64,64,64,64,64,64],"card_choices":[{"not_picked":["Streamline","Go for the Eyes"],"picked":"Ball Lightning","floor":1.0},{"not_picked":["Lockon","Streamline"],"picked":"Core Surge","floor":2.0},{"not_picked":["Redo","Steam"],"picked":"BootSequence","floor":5.0},{"not_picked":["Gash","Streamline"],"picked":"Coolheaded","floor":7.0},{"not_picked":["Ball Lightning","Gash"],"picked":"Compile Driver","floor":8.0},{"not_picked":["Melter","Leap","Auto Shields"],"picked":"SKIP","floor":10.0},{"not_picked":["Compile Driver","Conserve Battery","Melter"],"picked":"SKIP","floor":12.0},{"not_picked":["Rebound","Ball Lightning","Meteor Strike"],"picked":"SKIP","floor":13.0},{"not_picked":["Gash","Hologram","Stack"],"picked":"SKIP","floor":14.0},{"not_picked":["Multi-Cast","Echo Form"],"picked":"Electrodynamics","floor":16.0},{"not_picked":["Conserve Battery","Barrage"],"picked":"Genetic Algorithm+1","floor":18.0},{"not_picked":["Chill","Rip and Tear"],"picked":"Defragment","floor":19.0},{"not_picked":["Steam","Melter"],"picked":"Capacitor","floor":20.0},{"not_picked":["Barrage","BootSequence"],"picked":"Undo","floor":21.0},{"not_picked":["Sweeping Beam","Streamline"],"picked":"White Noise","floor":24.0},{"not_picked":["Rebound","Conserve Battery"],"picked":"Turbo+1","floor":27}],"player_experience":3129071,"relics_obtained":[{"floor":8.0,"key":"Whetstone"},{"floor":9.0,"key":"Ancient Tea Set"},{"floor":13.0,"key":"Orichalcum"},{"floor":20.0,"key":"Red Mask"},{"floor":26.0,"key":"Smiling Mask"}],"event_choices":[{"damage_healed":0.0,"max_hp_gain":0.0,"max_hp_loss":0.0,"gold_gain":0.0,"event_name":"Shining Light","player_choice":"Entered Light","floor":3.0,"gold_loss":0.0,"damage_taken":19.0,"cards_upgraded":["Defend_B","Strike_B"]},{"damage_healed":0.0,"max_hp_gain":0.0,"max_hp_loss":0.0,"gold_gain":0.0,"event_name":"Masked Bandits","player_choice":"Fought Bandits","floor":20.0,"gold_loss":0.0,"damage_taken":0.0},{"damage_healed":0.0,"max_hp_gain":0.0,"max_hp_loss":0.0,"gold_gain":0.0,"event_name":"The Mausoleum","player_choice":"Ignored","floor":22.0,"gold_loss":0.0,"damage_taken":0.0}],"is_beta":true,"boss_relics":[{"not_picked":["Philosopher\u0027s Stone","Black Star"],"picked":"Runic Dome"}],"items_purged_floors":[4,25],"is_endless":false,"potions_floor_spawned":[2,8,12,13,18],"killed_by":"Chosen and Byrds","ascension_level":20}