{"gold_per_floor":[116,131,131,146,163,163,182,198,198,198,227,227],"floor_reached":12,"playtime":943,"items_purged":[],"score":156,"play_id":"9b44a28d-ab6d-4a63-a751-122f62cd5394","local_time":"20190206023419","is_ascension_mode":true,"campfire_choices":[{"data":"Zap","floor":6.0,"key":"SMITH"}],"neow_cost":"NONE","seed_source_timestamp":0,"circlet_count":0,"master_deck":["AscendersBane","Strike_B","Strike_B","Strike_B","Defend_B","Defend_B","Defend_B","Defend_B","Zap+1","Dualcast","All For One","Go for the Eyes","Gash","Ball Lightning","Turbo","Hyperbeam"],"special_seed":0,"relics":["Cracked Core","Pear","Ancient Tea Set"],"potions_floor_usage":[],"damage_taken":[{"damage":7.0,"enemies":"2 Louse","floor":1.0,"turns":3.0},{"damage":7.0,"enemies":"Cultist","floor":2.0,"turns":4.0},{"damage":2.0,"enemies":"Jaw Worm","floor":4.0,"turns":3.0},{"damage":7.0,"enemies":"2 Fungi Beasts","floor":5.0,"turns":3.0},{"damage":12.0,"enemies":"Lots of Slimes","floor":7.0,"turns":4.0},{"damage":7.0,"enemies":"Large Slime","floor":8.0,"turns":5.0},{"damage":24,"enemies":"Gremlin Nob","floor":11,"turns":4},{"damage":13,"enemies":"Blue Slaver","floor":12,"turns":1}],"seed_played":"4224308748902215973","potions_obtained":[{"floor":2.0,"key":"Energy Potion"},{"floor":4.0,"key":"SneckoOil"}],"is_trial":false,"path_per_floor":["M","M","?","M","M","R","M","M","T","?","E","M"],"character_chosen":"DEFECT","items_purchased":[],"campfire_rested":0,"item_purchase_floors":[],"current_hp_per_floor":[57,50,50,48,41,41,29,22,32,32,8,0],"gold":227,"neow_bonus":"ONE_RANDOM_RARE_CARD","is_prod":false,"is_daily":false,"chose_seed":false,"campfire_upgraded":1,"win_rate":0,"timestamp":1549416859,"path_taken":["M","M","?","?","M","R","M","M","T","?","E","M"],"build_version":"2019-01-17v2","purchased_purges":0,"victory":false,"max_hp_per_floor":[71,71,71,71,71,71,71,71,81,81,81,81],"card_choices":[{"not_picked":["Coolheaded","Darkness"],"picked":"Go for the Eyes","floor":1.0},{"not_picked":["Storm","Beam Cell"],"picked":"Gash","floor":2.0},{"not_picked":["Cold Snap","Coolheaded"],"picked":"Ball Lightning","floor":4.0},{"not_picked":["Sunder","Go for the Eyes","Redo"],"picked":"SKIP","floor":5.0},{"not_picked":["Static Discharge","Melter","BootSequence"],"picked":"SKIP","floor":7.0},{"not_picked":["Double Energy","Cold Snap"],"picked":"Turbo","floor":8.0},{"not_picked":["Capacitor","Compile Driver"],"picked":"Hyperbeam","floor":11}],"player_experience":1269714,"relics_obtained":[{"floor":9.0,"key":"Pear"},{"floor":11,"key":"Ancient Tea Set"}],"event_choices":[{"cards_removed":["Strike_B"],"damage_healed":0.0,"max_hp_gain":0.0,"max_hp_loss":0.0,"gold_gain":0.0,"event_name":"Bonfire Elementals","player_choice":"Offered Basic","floor":3.0,"gold_loss":0.0,"damage_taken":0.0},{"damage_healed":0.0,"max_hp_gain":0.0,"max_hp_loss":0.0,"gold_gain":0.0,"event_name":"Scrap Ooze","player_choice":"Fled","floor":10.0,"gold_loss":0.0,"damage_taken":0.0}],"is_beta":false,"boss_relics":[],"items_purged_floors":[],"is_endless":false,"potions_floor_spawned":[2,4,5],"killed_by":"Blue Slaver","ascension_level":18}