{"gold_per_floor":[111,124,138,138,68,68,101,101,125,158,158,123,223,223,223,323,323,336,356,356,356,250,349,364,364,387,387,422,422,422,433,433,538,538,557,577,577,318,64,64,87,119,191,119,119],"floor_reached":45,"playtime":4884,"items_purged":["Decay"],"score":463,"play_id":"119d1da1-b37b-44b6-86cb-77172cbcda20","local_time":"20190115180551","is_ascension_mode":false,"campfire_choices":[{"data":"Consume","floor":6,"key":"SMITH"},{"data":"Zap","floor":8,"key":"SMITH"},{"floor":11,"key":"REST"},{"floor":15,"key":"REST"},{"floor":25,"key":"REST"},{"data":"Dark Shackles","floor":27,"key":"SMITH"},{"floor":29,"key":"REST"},{"floor":32,"key":"REST"},{"data":"Reinforced Body","floor":40,"key":"SMITH"}],"neow_cost":"NONE","seed_source_timestamp":131873774910329,"circlet_count":0,"master_deck":["Strike_B+1","Strike_B+1","Strike_B+1","Strike_B+1","Defend_B+1","Defend_B+1","Defend_B+1","Defend_B+1","Zap+1","Dualcast+1","Gash","Cold Snap","Consume+1","Stack","Static Discharge","Rainbow","Defragment+1","Go for the Eyes+1","Dark Shackles+1","Static Discharge","Reinforced Body+1","Compile Driver+1","Conserve Battery","Compile Driver+1","Machine Learning","FTL","Compile Driver","Loop","Leap","Reinforced Body+1","Go for the Eyes+1","Capacitor+1"],"relics":["Cracked Core","Blood Vial","Juzu Bracelet","Orichalcum","Inserter","War Paint","Bird Faced Urn","Philosopher\u0027s Stone","Vajra","Anchor","Whetstone","PreservedInsect","Frozen Egg 2"],"potions_floor_usage":[7,16,16,28,28,42],"damage_taken":[{"damage":1,"enemies":"Jaw Worm","floor":1,"turns":3},{"damage":7,"enemies":"2 Louse","floor":2,"turns":3},{"damage":4,"enemies":"Cultist","floor":3,"turns":4},{"damage":17,"enemies":"Lagavulin","floor":7,"turns":6},{"damage":53,"enemies":"Gremlin Nob","floor":10,"turns":6},{"damage":69,"enemies":"Slime Boss","floor":16,"turns":13},{"damage":11,"enemies":"Shell Parasite","floor":18,"turns":7},{"damage":7,"enemies":"Spheric Guardian","floor":19,"turns":5},{"damage":13,"enemies":"Snake Plant","floor":24,"turns":4},{"damage":33,"enemies":"Gremlin Leader","floor":28,"turns":8},{"damage":14,"enemies":"3 Cultists","floor":31,"turns":6},{"damage":64,"enemies":"Collector","floor":33,"turns":12},{"damage":9,"enemies":"3 Shapes","floor":35,"turns":5},{"damage":0,"enemies":"Orb Walker","floor":36,"turns":4},{"damage":66,"enemies":"Reptomancer","floor":42,"turns":10},{"damage":35,"enemies":"Sphere and 2 Shapes","floor":45,"turns":7}],"seed_played":"-1649497455474224326","potions_obtained":[{"floor":2,"key":"Ancient Potion"},{"floor":3,"key":"PowerPotion"},{"floor":7,"key":"SteroidPotion"},{"floor":18,"key":"FearPotion"},{"floor":24,"key":"AttackPotion"},{"floor":35,"key":"Weak Potion"}],"is_trial":false,"path_per_floor":["M","M","M","?","$","R","E","R","T","E","R","?","?","?","R","B",null,"M","M","?","?","$","?","M","R","T","R","E","R","?","M","R","B",null,"M","M","?","$","$","R","T","E","T","$","M"],"character_chosen":"DEFECT","items_purchased":["Consume","Static Discharge","Reinforced Body","Vajra","Loop","Anchor","Leap","Reinforced Body","Capacitor+1"],"campfire_rested":5,"item_purchase_floors":[5,22,22,38,38,39,39,39,44],"current_hp_per_floor":[81,74,70,70,70,70,53,53,53,2,26,46,46,46,70,3,82,71,66,66,50,50,50,39,63,63,63,32,56,56,50,74,18,82,73,82,82,82,82,82,82,24,24,24,0],"gold":119,"neow_bonus":"TEN_PERCENT_HP_BONUS","is_prod":false,"is_daily":false,"chose_seed":false,"campfire_upgraded":4,"win_rate":0.0,"timestamp":1547604351,"path_taken":["M","M","M","?","$","R","E","R","T","E","R","?","?","?","R","BOSS","M","M","?","?","$","?","M","R","T","R","E","R","?","M","R","BOSS","M","M","?","?","$","R","?","E","T","$","M"],"build_version":"2019-01-10","purchased_purges":1,"victory":false,"max_hp_per_floor":[82,82,82,82,82,82,82,82,82,82,82,82,82,82,82,82,82,82,82,82,82,82,82,82,82,82,82,82,82,82,82,82,82,82,82,82,82,82,82,82,82,82,82,82,82],"card_choices":[{"not_picked":["Turbo","Rebound","Lockon"],"picked":"SKIP","floor":1},{"not_picked":["Scrape","Rip and Tear"],"picked":"Gash","floor":2},{"not_picked":["BootSequence","Conserve Battery"],"picked":"Cold Snap","floor":3},{"not_picked":["Tempest","Scrape"],"picked":"Stack","floor":7},{"not_picked":["Scrape","Rebound"],"picked":"Static Discharge","floor":10},{"not_picked":["Multi-Cast","Creative AI"],"picked":"Rainbow","floor":16},{"not_picked":["Barrage","FTL+1"],"picked":"Defragment+1","floor":18},{"not_picked":["Stack+1","Streamline"],"picked":"Go for the Eyes+1","floor":19},{"not_picked":["Steam Power+1","Sweeping Beam"],"picked":"Compile Driver","floor":24},{"not_picked":["Streamline","All For One"],"picked":"Conserve Battery","floor":28},{"not_picked":["Gash+1","Beam Cell+1"],"picked":"Compile Driver","floor":31},{"not_picked":["Amplify","Rainbow"],"picked":"Machine Learning","floor":33},{"not_picked":["Turbo","Sweeping Beam"],"picked":"FTL","floor":35},{"not_picked":["Beam Cell+1","Redo+1"],"picked":"Compile Driver","floor":36},{"not_picked":["Machine Learning","Chaos"],"picked":"Go for the Eyes+1","floor":42}],"player_experience":179901,"relics_obtained":[{"floor":7,"key":"Blood Vial"},{"floor":9,"key":"Juzu Bracelet"},{"floor":10,"key":"Orichalcum"},{"floor":26,"key":"War Paint"},{"floor":28,"key":"Bird Faced Urn"},{"floor":41,"key":"Whetstone"},{"floor":42,"key":"PreservedInsect"},{"floor":43,"key":"Frozen Egg 2"}],"event_choices":[{"damage_healed":0,"gold_gain":0,"player_choice":"Ignored","damage_taken":0,"max_hp_gain":0,"max_hp_loss":0,"event_name":"Liars Game","floor":4,"gold_loss":0},{"damage_healed":20,"gold_gain":0,"player_choice":"Healed","damage_taken":0,"max_hp_gain":0,"max_hp_loss":0,"event_name":"The Cleric","floor":12,"gold_loss":35},{"damage_healed":0,"gold_gain":100,"player_choice":"Pray","damage_taken":0,"max_hp_gain":0,"max_hp_loss":0,"event_name":"Golden Shrine","floor":13,"gold_loss":0},{"damage_healed":0,"gold_gain":0,"player_choice":"Searched \u00270\u0027 times","damage_taken":0,"max_hp_gain":0,"max_hp_loss":0,"event_name":"Dead Adventurer","floor":14,"gold_loss":0},{"damage_healed":0,"gold_gain":0,"player_choice":"Simplicity","damage_taken":0,"max_hp_gain":0,"max_hp_loss":0,"event_name":"Back to Basics","floor":20,"gold_loss":0,"cards_upgraded":["Strike_B","Strike_B","Strike_B","Strike_B","Defend_B","Defend_B","Defend_B","Defend_B"]},{"damage_healed":0,"gold_gain":0,"player_choice":"CARD ","damage_taken":16,"max_hp_gain":0,"max_hp_loss":0,"event_name":"Knowing Skull","floor":21,"potions_obtained":[],"gold_loss":0,"cards_obtained":["Dark Shackles"]},{"damage_healed":0,"gold_gain":99,"player_choice":"Stole From Cult","damage_taken":0,"max_hp_gain":0,"max_hp_loss":0,"event_name":"Nest","floor":23,"gold_loss":0},{"damage_healed":0,"gold_gain":0,"player_choice":"Ignored","damage_taken":0,"max_hp_gain":0,"max_hp_loss":0,"event_name":"Vampires","floor":30,"gold_loss":0},{"damage_healed":0,"gold_gain":0,"player_choice":"Cursed","damage_taken":0,"max_hp_gain":0,"max_hp_loss":0,"event_name":"Wheel of Change","floor":37,"gold_loss":0,"cards_obtained":["Decay"]}],"is_beta":false,"boss_relics":[{"not_picked":["Ectoplasm","Sozu"],"picked":"Inserter"},{"not_picked":["Velvet Choker","Busted Crown"],"picked":"Philosopher\u0027s Stone"}],"items_purged_floors":[38],"is_endless":false,"potions_floor_spawned":[2,3,7,18,24,35],"killed_by":"Sphere and 2 Shapes","ascension_level":0}