{"gold_per_floor":[110,120,120,131,149,184,284,284,284,297,103,132,150,170,170,270,270,242,173,173,183,83,117,129,145,170,170,181,212,212,222,222,322,322,339,439,246,260,278,278,292,292,292,252,270,280,306,326,326,326],"floor_reached":51,"playtime":4064,"items_purged":["Strike_G","Decay","Strike_G"],"score":712,"play_id":"349f9b93-5f6a-4de8-b59f-7e025c816313","local_time":"20190920010345","is_ascension_mode":false,"campfire_choices":[{"data":"Noxious Fumes","floor":8,"key":"SMITH"},{"floor":15,"key":"REST"},{"floor":27,"key":"REST"},{"floor":32,"key":"REST"},{"floor":40,"key":"REST"},{"floor":42,"key":"RECALL"},{"floor":49,"key":"REST"}],"neow_cost":"NONE","seed_source_timestamp":2012545962860100,"circlet_count":0,"master_deck":["Strike_G+1","Strike_G","Strike_G","Defend_G","Defend_G","Defend_G","Defend_G","Defend_G","Survivor","Neutralize+1","Grand Finale","Cloak And Dagger","Dodge and Roll","Blur","Dagger Throw","Noxious Fumes+1","Dagger Throw","Deadly Poison","Leg Sweep","Adrenaline","Noxious Fumes+1","Deadly Poison","Bouncing Flask","Leg Sweep","Deflect+1","Footwork+1","Parasite","Leg Sweep+1"],"relics":["Ring of the Serpent","Incense Burner","Frozen Egg 2","Ninja Scroll","Fusion Hammer","Ginger","Whetstone","Letter Opener","Gambling Chip","Kunai","Bottled Tornado"],"potions_floor_usage":[6,12,16,16,29,29,29,47,50],"damage_taken":[{"damage":0,"enemies":"Cultist","floor":1,"turns":5},{"damage":4,"enemies":"Jaw Worm","floor":2,"turns":7},{"damage":0,"enemies":"Small Slimes","floor":3,"turns":5},{"damage":15,"enemies":"3 Louse","floor":4,"turns":12},{"damage":14,"enemies":"Lots of Slimes","floor":5,"turns":7},{"damage":2,"enemies":"Gremlin Nob","floor":6,"turns":3},{"damage":13,"enemies":"Gremlin Gang","floor":10,"turns":4},{"damage":0,"enemies":"3 Sentries","floor":12,"turns":9},{"damage":1,"enemies":"Looter","floor":13,"turns":3},{"damage":0,"enemies":"2 Fungi Beasts","floor":14,"turns":4},{"damage":4,"enemies":"The Guardian","floor":16,"turns":9},{"damage":6,"enemies":"2 Thieves","floor":18,"turns":5},{"damage":6,"enemies":"Chosen","floor":21,"turns":5},{"damage":15,"enemies":"Book of Stabbing","floor":23,"turns":6},{"damage":1,"enemies":"Shelled Parasite and Fungi","floor":24,"turns":6},{"damage":19,"enemies":"Snake Plant","floor":25,"turns":5},{"damage":0,"enemies":"Snecko","floor":28,"turns":5},{"damage":25,"enemies":"Slavers","floor":29,"turns":6},{"damage":6,"enemies":"3 Cultists","floor":31,"turns":5},{"damage":43,"enemies":"Champ","floor":33,"turns":13},{"damage":0,"enemies":"Orb Walker","floor":35,"turns":4},{"damage":17,"enemies":"Mind Bloom Boss Battle","floor":36,"turns":7},{"damage":2,"enemies":"3 Darklings","floor":38,"turns":5},{"damage":3,"enemies":"Writhing Mass","floor":39,"turns":5},{"damage":5,"enemies":"Sphere and 2 Shapes","floor":41,"turns":6},{"damage":0,"enemies":"Transient","floor":45,"turns":5},{"damage":1,"enemies":"4 Shapes","floor":46,"turns":5},{"damage":1,"enemies":"Nemesis","floor":47,"turns":7},{"damage":5,"enemies":"Maw","floor":48,"turns":9},{"damage":43,"enemies":"Donu and Deca","floor":50,"turns":12}],"seed_played":"-5350316767579277002","potions_obtained":[{"floor":2,"key":"Block Potion"},{"floor":10,"key":"Swift Potion"},{"floor":12,"key":"GamblersBrew"},{"floor":13,"key":"Fire Potion"},{"floor":21,"key":"Regen Potion"},{"floor":24,"key":"EssenceOfSteel"},{"floor":29,"key":"FearPotion"},{"floor":33,"key":"GhostInAJar"},{"floor":35,"key":"SkillPotion"},{"floor":36,"key":"FairyPotion"},{"floor":47,"key":"SpeedPotion"}],"is_trial":false,"path_per_floor":["M","M","M","M","M","E","?","R","T","M","$","E","M","M","R","B",null,"M","$","?","M","$","E","M","M","T","R","M","E","?","M","R","B",null,"M","?","$","M","M","R","M","R","T","?","M","M","E","M","R","B",null],"character_chosen":"THE_SILENT","items_purchased":["Fire Potion","Ancient Potion","Noxious Fumes+1","Footwork+1"],"campfire_rested":5,"item_purchase_floors":[11,11,19,37],"current_hp_per_floor":[70,66,66,51,37,35,35,35,35,22,22,22,21,21,42,38,70,64,64,64,58,58,43,42,23,23,44,44,34,34,28,49,6,70,70,53,53,51,48,69,64,64,64,64,64,63,62,57,70,27],"gold":326,"neow_bonus":"ONE_RANDOM_RARE_CARD","is_prod":false,"is_daily":false,"chose_seed":false,"campfire_upgraded":1,"win_rate":0,"timestamp":1568955825,"path_taken":["M","M","M","M","?","E","?","R","T","M","$","E","M","?","R","BOSS","M","$","?","?","$","E","M","M","T","R","M","E","?","?","R","BOSS","M","?","$","M","M","R","M","R","T","?","M","M","E","?","R","BOSS"],"build_version":"2019-07-17","purchased_purges":3,"victory":true,"max_hp_per_floor":[70,70,70,70,70,70,70,70,70,70,70,70,70,70,70,70,70,70,70,70,70,70,70,70,70,70,70,70,70,70,70,70,70,70,70,70,70,70,70,70,70,70,70,70,70,70,70,70,70,70],"card_choices":[{"not_picked":["Dagger Spray","Acrobatics"],"picked":"Cloak And Dagger","floor":1},{"not_picked":["Bane","Deflect"],"picked":"Dodge and Roll","floor":2},{"not_picked":["Tactician","Cloak And Dagger"],"picked":"Blur","floor":3},{"not_picked":["Underhanded Strike","Backflip"],"picked":"Dagger Throw","floor":4},{"not_picked":["Cloak And Dagger","Flying Knee"],"picked":"Noxious Fumes","floor":5},{"not_picked":["Bouncing Flask","Deflect"],"picked":"Dagger Throw","floor":6},{"not_picked":["PiercingWail","A Thousand Cuts+1","Flying Knee"],"picked":"SKIP","floor":10},{"not_picked":["Quick Slash","Glass Knife","PiercingWail"],"picked":"SKIP","floor":12},{"not_picked":["Slice","Quick Slash"],"picked":"Deadly Poison","floor":13},{"not_picked":["Glass Knife","Deflect"],"picked":"Leg Sweep","floor":14},{"not_picked":["Grand Finale","Bullet Time"],"picked":"Adrenaline","floor":16},{"not_picked":["Setup","Dodge and Roll","Acrobatics"],"picked":"SKIP","floor":18},{"not_picked":["Deadly Poison","Outmaneuver","Blade Dance+1"],"picked":"SKIP","floor":21},{"not_picked":["Tools of the Trade+1","Sucker Punch","Blur"],"picked":"SKIP","floor":23},{"not_picked":["Dagger Spray","Dagger Throw"],"picked":"Deadly Poison","floor":24},{"not_picked":["Predator","Quick Slash","Deflect"],"picked":"SKIP","floor":25},{"not_picked":["Riddle With Holes","Burst"],"picked":"Bouncing Flask","floor":28},{"not_picked":["Escape Plan+1","Tactician","Heel Hook"],"picked":"SKIP","floor":29},{"not_picked":["Bane","Deadly Poison+1","PiercingWail"],"picked":"SKIP","floor":31},{"not_picked":["Acrobatics","Bane+1","PiercingWail"],"picked":"SKIP","floor":35},{"not_picked":["Skewer+1","Outmaneuver+1"],"picked":"Deflect+1","floor":36},{"not_picked":["Night Terror","Concentrate+1","PiercingWail+1"],"picked":"SKIP","floor":38},{"not_picked":["Dagger Throw","Backflip","Quick Slash+1"],"picked":"SKIP","floor":39},{"not_picked":["Slice","Predator+1","Choke+1"],"picked":"SKIP","floor":41},{"not_picked":["Bane","Blade Dance","Deadly Poison"],"picked":"SKIP","floor":45},{"not_picked":["Deadly Poison+1","Blade Dance+1","Flying Knee+1"],"picked":"SKIP","floor":46},{"not_picked":["Wraith Form v2+1","Well Laid Plans+1"],"picked":"Leg Sweep+1","floor":47},{"not_picked":["Dodge and Roll","Backflip","Acrobatics"],"picked":"SKIP","floor":48}],"player_experience":123232,"relics_obtained":[{"floor":6,"key":"Incense Burner"},{"floor":9,"key":"Frozen Egg 2"},{"floor":12,"key":"Ninja Scroll"},{"floor":23,"key":"Ginger"},{"floor":26,"key":"Whetstone"},{"floor":29,"key":"Letter Opener"},{"floor":36,"key":"Gambling Chip"},{"floor":43,"key":"Kunai"},{"floor":47,"key":"Bottled Tornado"}],"event_choices":[{"damage_healed":0,"gold_gain":100,"player_choice":"Pray","damage_taken":0,"max_hp_gain":0,"max_hp_loss":0,"event_name":"Golden Shrine","floor":7,"gold_loss":0},{"damage_healed":0,"gold_gain":0,"player_choice":"Cursed","damage_taken":0,"max_hp_gain":0,"max_hp_loss":0,"event_name":"Wheel of Change","floor":20,"gold_loss":0,"cards_obtained":["Decay"]},{"damage_healed":0,"gold_gain":0,"player_choice":"Copied","damage_taken":0,"max_hp_gain":0,"max_hp_loss":0,"event_name":"Duplicator","floor":30,"gold_loss":0,"cards_obtained":["Leg Sweep"]},{"damage_healed":0,"gold_gain":0,"player_choice":"Fight","damage_taken":0,"max_hp_gain":0,"max_hp_loss":0,"event_name":"MindBloom","floor":36,"gold_loss":0},{"damage_healed":0,"gold_gain":0,"player_choice":"Bought 3 Potions","damage_taken":0,"max_hp_gain":0,"max_hp_loss":0,"event_name":"The Woman in Blue","floor":44,"gold_loss":0}],"is_beta":false,"boss_relics":[{"not_picked":["Lizard Tail","Philosopher\u0027s Stone"],"picked":"Fusion Hammer"},{"not_picked":["Busted Crown","Empty Cage"],"picked":"Ring of the Serpent"}],"items_purged_floors":[11,22,37],"is_endless":false,"potions_floor_spawned":[2,10,12,13,14,21,24,29,33,35,36,45,46,47],"ascension_level":0}