{"gold_per_floor":[111,127,146,162,178,178,178,188,237,5,5,20,20,35,35,107,107,124,124,143,43,43,43,54,54,54,87,87,120,120,136,136,211,211,227,102,116,116,116,149,169,196,248,280,297,147,162,189,189,189,189,189,189,14,40,40],"floor_reached":57,"playtime":2199,"items_purged":["Strike_G","Strike_G","Strike_G","Defend_G","Defend_G"],"score":3558,"play_id":"b88f1769-95d3-4ef1-a429-85c839b3e076","local_time":"20190810000439","is_ascension_mode":true,"campfire_choices":[{"data":"Noxious Fumes","floor":6.0,"key":"SMITH"},{"data":"Deadly Poison","floor":11.0,"key":"SMITH"},{"data":"Well Laid Plans","floor":13.0,"key":"SMITH"},{"data":"Neutralize","floor":15.0,"key":"SMITH"},{"data":"Calculated Gamble","floor":23.0,"key":"SMITH"},{"data":"Acrobatics","floor":25.0,"key":"SMITH"},{"data":"Prepared","floor":32.0,"key":"SMITH"},{"floor":49.0,"key":"RECALL"},{"data":"Calculated Gamble","floor":53.0,"key":"SMITH"}],"neow_cost":"NONE","seed_source_timestamp":299361563473174,"circlet_count":0,"master_deck":["AscendersBane","Defend_G","Defend_G","Defend_G","Survivor","Neutralize+1","Noxious Fumes+1","Escape Plan","Escape Plan","Well Laid Plans+1","Well Laid Plans","Grand Finale","Adrenaline","Acrobatics+1","Calculated Gamble+1","After Image","Prepared+1","Acrobatics","Calculated Gamble+1","Adrenaline","Reflex+1","After Image","Grand Finale"],"special_seed":0,"relics":["Ring of the Snake","Bag of Preparation","Paper Crane","Oddly Smooth Stone","Snake Skull","Orrery","Bottled Lightning","Sundial","Pen Nib","Sozu","Art of War","Incense Burner","Happy Flower","Gremlin Horn","Bottled Tornado"],"potions_floor_usage":[],"damage_taken":[{"damage":2.0,"enemies":"2 Louse","floor":1.0,"turns":4.0},{"damage":0.0,"enemies":"Cultist","floor":2.0,"turns":4.0},{"damage":0.0,"enemies":"Jaw Worm","floor":3.0,"turns":5.0},{"damage":7.0,"enemies":"2 Fungi Beasts","floor":4.0,"turns":5.0},{"damage":12.0,"enemies":"Exordium Thugs","floor":5.0,"turns":5.0},{"damage":4.0,"enemies":"Red Slaver","floor":8.0,"turns":5.0},{"damage":0.0,"enemies":"Blue Slaver","floor":12.0,"turns":3.0},{"damage":6.0,"enemies":"Gremlin Gang","floor":14.0,"turns":4.0},{"damage":0.0,"enemies":"The Guardian","floor":16.0,"turns":9.0},{"damage":6.0,"enemies":"3 Byrds","floor":18.0,"turns":3.0},{"damage":1.0,"enemies":"Chosen","floor":20.0,"turns":5.0},{"damage":9.0,"enemies":"Shelled Parasite and Fungi","floor":24.0,"turns":3.0},{"damage":2.0,"enemies":"Book of Stabbing","floor":27.0,"turns":4.0},{"damage":0.0,"enemies":"Slavers","floor":29.0,"turns":1.0},{"damage":0.0,"enemies":"Chosen and Byrds","floor":31.0,"turns":4.0},{"damage":0.0,"enemies":"Collector","floor":33.0,"turns":6.0},{"damage":0.0,"enemies":"3 Darklings","floor":35.0,"turns":5.0},{"damage":0.0,"enemies":"Orb Walker","floor":37.0,"turns":1.0},{"damage":0.0,"enemies":"Giant Head","floor":40.0,"turns":3.0},{"damage":0.0,"enemies":"Sphere and 2 Shapes","floor":41.0,"turns":1.0},{"damage":0.0,"enemies":"Reptomancer","floor":42.0,"turns":2.0},{"damage":0.0,"enemies":"Giant Head","floor":44.0,"turns":1.0},{"damage":0.0,"enemies":"Maw","floor":45.0,"turns":2.0},{"damage":0.0,"enemies":"Jaw Worm Horde","floor":47.0,"turns":1.0},{"damage":0.0,"enemies":"Nemesis","floor":48.0,"turns":1.0},{"damage":0.0,"enemies":"Donu and Deca","floor":50.0,"turns":1.0},{"damage":0.0,"enemies":"Awakened One","floor":51.0,"turns":2.0},{"damage":0.0,"enemies":"Shield and Spear","floor":55.0,"turns":1.0},{"damage":2,"enemies":"The Heart","floor":56,"turns":6}],"seed_played":"-2362756582380596512","potions_obtained":[{"floor":1.0,"key":"GhostInAJar"},{"floor":3.0,"key":"Regen Potion"},{"floor":16.0,"key":"SkillPotion"},{"floor":27.0,"key":"SpeedPotion"},{"floor":33.0,"key":"GhostInAJar"}],"is_trial":false,"path_per_floor":["M","M","M","M","M","R","?","M","T","$","R","M","R","M","R","B",null,"M","?","M","$","?","R","M","R","T","E","?","E","$","M","R","B",null,"M","$","M","?","$","E","M","E","T","E","M","$","M","E","R","B","B",null,"R","$","E","B",null],"character_chosen":"THE_SILENT","items_purchased":["Snake Skull"],"campfire_rested":0,"item_purchase_floors":[10],"current_hp_per_floor":[57,57,57,50,38,38,38,34,34,34,34,34,34,28,28,28,57,51,51,50,50,50,50,41,41,41,39,39,39,39,39,39,39,59,59,59,59,59,59,59,59,59,59,59,59,59,59,59,59,59,59,64,64,64,64,62],"gold":40,"neow_bonus":"RANDOM_COMMON_RELIC","is_prod":false,"is_daily":false,"chose_seed":false,"campfire_upgraded":8,"win_rate":0,"timestamp":1565363079,"path_taken":["M","M","M","M","M","R","?","M","T","$","R","?","R","M","R","BOSS","M","?","M","$","?","R","M","R","T","E","?","E","$","?","R","BOSS","M","$","M","?","$","E","M","E","T","E","M","?","M","E","R","BOSS","BOSS","R","$","E","BOSS"],"build_version":"2019-07-17","purchased_purges":5,"victory":true,"max_hp_per_floor":[66,66,66,66,66,66,66,66,66,66,66,66,66,66,66,66,66,66,66,66,66,66,66,66,66,66,66,66,66,66,66,66,66,66,66,66,66,66,66,66,66,66,66,66,66,66,66,66,66,66,66,66,66,66,66,66],"card_choices":[{"not_picked":["Heel Hook","Dash"],"picked":"Deadly Poison","floor":1.0},{"not_picked":["Backflip","Poisoned Stab"],"picked":"Noxious Fumes","floor":2.0},{"not_picked":["PiercingWail","Bane"],"picked":"Acrobatics","floor":3.0},{"not_picked":["PiercingWail","Setup"],"picked":"Escape Plan","floor":4.0},{"not_picked":["Predator","Cloak And Dagger"],"picked":"Escape Plan","floor":5.0},{"not_picked":["Eviscerate","Dagger Throw","Dagger Spray"],"picked":"SKIP","floor":8.0},{"not_picked":["Backflip","Envenom"],"picked":"Well Laid Plans","floor":12.0},{"not_picked":["Terror","Dodge and Roll"],"picked":"Well Laid Plans","floor":14.0},{"not_picked":["After Image","Malaise"],"picked":"Grand Finale","floor":16.0},{"not_picked":["Concentrate","Bane"],"picked":"Adrenaline","floor":17.0},{"not_picked":["Cloak And Dagger","Quick Slash"],"picked":"Acrobatics","floor":17.0},{"not_picked":["Cloak And Dagger","Accuracy+1"],"picked":"Calculated Gamble","floor":18.0},{"not_picked":["Catalyst","Flying Knee","Setup"],"picked":"SKIP","floor":20.0},{"not_picked":["Blur","Predator","Blade Dance"],"picked":"SKIP","floor":24.0},{"not_picked":["Finisher","Infinite Blades","Crippling Poison+1"],"picked":"SKIP","floor":27.0},{"not_picked":["Dagger Throw+1","Masterful Stab"],"picked":"After Image","floor":29.0},{"not_picked":["Blur","Dagger Throw"],"picked":"Prepared","floor":31.0},{"not_picked":["Slice","Terror+1"],"picked":"Acrobatics","floor":35.0},{"not_picked":["Backflip+1","Outmaneuver","Flying Knee"],"picked":"SKIP","floor":37.0},{"not_picked":["Backflip+1","Outmaneuver","Flying Knee"],"picked":"SKIP","floor":37.0},{"not_picked":["Dodge and Roll","Adrenaline","Dagger Throw"],"picked":"SKIP","floor":40.0},{"not_picked":["Dodge and Roll","Dagger Throw"],"picked":"Adrenaline","floor":40.0},{"not_picked":["All Out Attack","Concentrate"],"picked":"Reflex+1","floor":41.0},{"not_picked":["Acrobatics","Well Laid Plans","Cloak And Dagger"],"picked":"SKIP","floor":42.0},{"not_picked":["Prepared","Well Laid Plans"],"picked":"After Image","floor":44.0},{"not_picked":["Acrobatics","Slice","Outmaneuver"],"picked":"SKIP","floor":45.0},{"not_picked":["Slice","Noxious Fumes","Bane"],"picked":"SKIP","floor":47.0},{"not_picked":["Eviscerate","Backflip","Grand Finale"],"picked":"SKIP","floor":48.0},{"not_picked":["Eviscerate","Backflip"],"picked":"Grand Finale","floor":48.0},{"not_picked":["Sucker Punch+1","Distraction","Doppelganger"],"picked":"SKIP","floor":55}],"player_experience":835606,"relics_obtained":[{"floor":9.0,"key":"Oddly Smooth Stone"},{"floor":26.0,"key":"Bottled Lightning"},{"floor":27.0,"key":"Sundial"},{"floor":29.0,"key":"Pen Nib"},{"floor":40.0,"key":"Art of War"},{"floor":42.0,"key":"Incense Burner"},{"floor":44.0,"key":"Happy Flower"},{"floor":48.0,"key":"Gremlin Horn"},{"floor":55,"key":"Bottled Tornado"}],"event_choices":[{"cards_removed":["Acrobatics"],"damage_healed":0.0,"max_hp_gain":0.0,"max_hp_loss":0.0,"gold_gain":0.0,"event_name":"WeMeetAgain","player_choice":"Gave Card","floor":7.0,"gold_loss":0.0,"damage_taken":0.0,"relics_obtained":["Paper Crane"]},{"damage_healed":0.0,"max_hp_gain":0.0,"max_hp_loss":0.0,"gold_gain":0.0,"event_name":"The Mausoleum","player_choice":"Ignored","floor":19.0,"gold_loss":0.0,"damage_taken":0.0},{"cards_removed":["Strike_G"],"damage_healed":0.0,"max_hp_gain":0.0,"max_hp_loss":0.0,"gold_gain":0.0,"event_name":"Back to Basics","player_choice":"Elegance","floor":22.0,"gold_loss":0.0,"damage_taken":0.0},{"cards_removed":["Strike_G"],"damage_healed":0.0,"max_hp_gain":0.0,"max_hp_loss":0.0,"gold_gain":0.0,"event_name":"Bonfire Elementals","player_choice":"Offered Basic","floor":28.0,"gold_loss":0.0,"damage_taken":0.0},{"damage_healed":0.0,"max_hp_gain":0.0,"max_hp_loss":0.0,"gold_gain":0.0,"cards_transformed":["Deadly Poison"],"event_name":"Transmorgrifier","player_choice":"Transformed","floor":38.0,"gold_loss":0.0,"damage_taken":0.0,"cards_obtained":["Calculated Gamble"]}],"is_beta":false,"boss_relics":[{"not_picked":["Runic Dome","Eternal Feather"],"picked":"Orrery"},{"not_picked":["White Beast Statue","Calling Bell"],"picked":"Sozu"}],"items_purged_floors":[10,21,36,46,54],"is_endless":false,"potions_floor_spawned":[1,3,8,12,16,18,27,33,37,41,42,48,55],"ascension_level":20}