{"gold_per_floor":[99,99,25,25,25,25,25,25,25,25,25,25,25,25,25,25,25,25,25,25,25,25,25,25,25,25,25,25,25,25,25,25,25,25,25,25,25,25,25,25,25,25,25,25,25,25,25,25,25,25],"floor_reached":50,"playtime":4061,"items_purged":[],"score":528,"play_id":"8aff136b-3c5e-406c-b255-5a7251a87c62","local_time":"20190917094718","is_ascension_mode":false,"campfire_choices":[{"data":"Noxious Fumes","floor":6,"key":"SMITH"},{"data":"Skewer","floor":10,"key":"SMITH"},{"data":"Footwork","floor":15,"key":"SMITH"},{"data":"A Thousand Cuts","floor":23,"key":"SMITH"},{"floor":25,"key":"REST"},{"floor":32,"key":"REST"},{"floor":42,"key":"REST"},{"floor":44,"key":"REST"},{"floor":46,"key":"REST"},{"floor":49,"key":"REST"}],"neow_cost":"NONE","seed_source_timestamp":1784773838786600,"circlet_count":0,"master_deck":["Strike_G+1","Strike_G+1","Strike_G+1","Strike_G+1","Strike_G+1","Defend_G+1","Defend_G+1","Defend_G+1","Defend_G+1","Survivor","Neutralize","Skewer+1","Noxious Fumes+1","Crippling Poison","Poisoned Stab","Flechettes","Footwork+1","A Thousand Cuts+1","Dagger Spray","Bane+1","Backflip","Blur","Dodge and Roll+1","Die Die Die+1","Dodge and Roll","Backstab+1","Dash+1"],"relics":["Ectoplasm","SsserpentHead","War Paint","Omamori","Kunai","Velvet Choker","Molten Egg 2","Vajra","Boot","Old Coin","Black Star","Orichalcum","Anchor","Blood Vial","Calipers"],"potions_floor_usage":[16,19,33,33,40,41,41,41,50,50],"damage_taken":[{"damage":0,"enemies":"2 Louse","floor":1,"turns":3},{"damage":0,"enemies":"Cultist","floor":4,"turns":3},{"damage":3,"enemies":"Jaw Worm","floor":5,"turns":3},{"damage":21,"enemies":"Lagavulin","floor":8,"turns":5},{"damage":9,"enemies":"3 Sentries","floor":11,"turns":7},{"damage":1,"enemies":"Gremlin Gang","floor":12,"turns":4},{"damage":0,"enemies":"Blue Slaver","floor":13,"turns":4},{"damage":0,"enemies":"2 Fungi Beasts","floor":14,"turns":4},{"damage":19,"enemies":"Hexaghost","floor":16,"turns":8},{"damage":4,"enemies":"Chosen","floor":18,"turns":5},{"damage":2,"enemies":"Spheric Guardian","floor":19,"turns":5},{"damage":15,"enemies":"Snake Plant","floor":22,"turns":4},{"damage":18,"enemies":"Gremlin Leader","floor":24,"turns":5},{"damage":5,"enemies":"Snecko","floor":27,"turns":4},{"damage":9,"enemies":"Sentry and Sphere","floor":29,"turns":4},{"damage":15,"enemies":"Book of Stabbing","floor":30,"turns":5},{"damage":12,"enemies":"Snake Plant","floor":31,"turns":3},{"damage":6,"enemies":"Automaton","floor":33,"turns":9},{"damage":1,"enemies":"3 Shapes","floor":35,"turns":3},{"damage":0,"enemies":"Orb Walker","floor":36,"turns":5},{"damage":5,"enemies":"Jaw Worm Horde","floor":38,"turns":3},{"damage":10,"enemies":"4 Shapes","floor":39,"turns":4},{"damage":37,"enemies":"Giant Head","floor":40,"turns":10},{"damage":2,"enemies":"Transient","floor":41,"turns":5},{"damage":20,"enemies":"Sphere and 2 Shapes","floor":45,"turns":4},{"damage":6,"enemies":"Spire Growth","floor":47,"turns":5},{"damage":0,"enemies":"Mind Bloom Boss Battle","floor":48,"turns":7},{"damage":71,"enemies":"Donu and Deca","floor":50,"turns":8}],"seed_played":"-8658455702517679745","potions_obtained":[{"floor":1,"key":"Block Potion"},{"floor":5,"key":"Energy Potion"},{"floor":12,"key":"Swift Potion"},{"floor":18,"key":"FearPotion"},{"floor":24,"key":"SkillPotion"},{"floor":27,"key":"AttackPotion"},{"floor":35,"key":"Explosive Potion"},{"floor":39,"key":"AttackPotion"},{"floor":40,"key":"SkillPotion"},{"floor":47,"key":"Ancient Potion"},{"floor":48,"key":"FearPotion"}],"is_trial":false,"path_per_floor":["M","?","$","M","M","R","?","E","T","R","E","M","M","M","R","B",null,"M","M","?","?","M","R","E","R","T","M","?","M","E","M","R","B",null,"M","M","?","M","M","E","M","R","T","R","M","R","M","?","R","B"],"character_chosen":"THE_SILENT","items_purchased":["Noxious Fumes"],"campfire_rested":6,"item_purchase_floors":[3],"current_hp_per_floor":[70,70,70,70,67,67,67,46,46,46,37,36,36,36,36,17,70,66,64,64,64,49,49,31,52,52,47,47,38,23,11,32,26,70,69,69,69,64,54,17,15,36,36,57,39,60,56,58,70,0],"gold":25,"neow_bonus":"BOSS_RELIC","is_prod":false,"is_daily":false,"chose_seed":false,"campfire_upgraded":4,"win_rate":0.0,"timestamp":1568728038,"path_taken":["M","?","$","?","M","R","?","E","T","R","E","M","M","M","R","BOSS","M","?","?","?","M","R","E","R","T","M","?","M","E","?","R","BOSS","M","M","?","M","M","E","M","R","T","R","M","R","M","?","R","BOSS"],"build_version":"2019-07-17","purchased_purges":0,"victory":false,"max_hp_per_floor":[70,70,70,70,70,70,70,70,70,70,70,70,70,70,70,70,70,70,70,70,70,70,70,70,70,70,70,70,70,70,70,70,70,70,70,70,70,70,70,70,70,70,70,70,70,70,70,70,70,70],"card_choices":[{"not_picked":["Blade Dance","Bane"],"picked":"Skewer","floor":1},{"not_picked":["Slice","Dagger Spray"],"picked":"Crippling Poison","floor":4},{"not_picked":["Escape Plan","Blade Dance"],"picked":"Poisoned Stab","floor":5},{"not_picked":["After Image","Deflect","Dagger Spray"],"picked":"SKIP","floor":8},{"not_picked":["Dash","Choke"],"picked":"Flechettes","floor":11},{"not_picked":["All Out Attack","Caltrops","Dash"],"picked":"SKIP","floor":12},{"not_picked":["Backflip","Predator"],"picked":"Footwork","floor":13},{"not_picked":["Deflect","PiercingWail","Slice"],"picked":"SKIP","floor":14},{"not_picked":["Glass Knife","Burst"],"picked":"A Thousand Cuts","floor":16},{"not_picked":["Dodge and Roll","Infinite Blades","Underhanded Strike"],"picked":"SKIP","floor":18},{"not_picked":["Skewer","Acrobatics"],"picked":"Dagger Spray","floor":19},{"not_picked":["Flechettes+1","Well Laid Plans"],"picked":"Bane+1","floor":22},{"not_picked":["Underhanded Strike+1","Quick Slash+1","Deflect+1"],"picked":"SKIP","floor":24},{"not_picked":["Choke+1","Slice+1","Underhanded Strike+1"],"picked":"SKIP","floor":27},{"not_picked":["Eviscerate+1","Prepared","Backflip"],"picked":"SKIP","floor":29},{"not_picked":["Eviscerate+1","Prepared"],"picked":"Backflip","floor":29},{"not_picked":["All Out Attack+1","Prepared"],"picked":"Blur","floor":30},{"not_picked":["Tools of the Trade","Escape Plan"],"picked":"Dodge and Roll+1","floor":31},{"not_picked":["Glass Knife+1","Wraith Form v2"],"picked":"Die Die Die+1","floor":33},{"not_picked":["Sucker Punch+1","Flying Knee+1"],"picked":"Dodge and Roll","floor":35},{"not_picked":["Blade Dance+1","Slice+1","Dagger Throw+1"],"picked":"SKIP","floor":36},{"not_picked":["Blade Dance","Skewer+1"],"picked":"Backstab+1","floor":38},{"not_picked":["Eviscerate+1","Deflect","Dagger Spray+1"],"picked":"SKIP","floor":39},{"not_picked":["Choke+1","Blade Dance+1","Acrobatics+1"],"picked":"SKIP","floor":40},{"not_picked":["Flying Knee+1","PiercingWail+1"],"picked":"Dash+1","floor":41},{"not_picked":["Underhanded Strike+1","Well Laid Plans","Outmaneuver+1"],"picked":"SKIP","floor":45},{"not_picked":["Reflex+1","Dagger Spray+1","Deflect"],"picked":"SKIP","floor":47}],"player_experience":35913,"relics_obtained":[{"floor":8,"key":"War Paint"},{"floor":9,"key":"Omamori"},{"floor":11,"key":"Kunai"},{"floor":24,"key":"Vajra"},{"floor":26,"key":"Boot"},{"floor":30,"key":"Old Coin"},{"floor":40,"key":"Orichalcum"},{"floor":40,"key":"Anchor"},{"floor":43,"key":"Blood Vial"},{"floor":48,"key":"Calipers"}],"event_choices":[{"damage_healed":0,"gold_gain":100,"player_choice":"Pray","damage_taken":0,"max_hp_gain":0,"max_hp_loss":0,"event_name":"Golden Shrine","floor":2,"gold_loss":0},{"damage_healed":0,"gold_gain":0,"player_choice":"Trade","damage_taken":0,"relics_obtained":["SsserpentHead"],"max_hp_gain":0,"max_hp_loss":0,"event_name":"FaceTrader","floor":7,"gold_loss":0},{"damage_healed":0,"gold_gain":0,"player_choice":"Stole Relic","damage_taken":0,"relics_obtained":["Molten Egg 2"],"max_hp_gain":0,"max_hp_loss":0,"event_name":"Addict","floor":20,"gold_loss":0,"cards_obtained":["Shame"]},{"damage_healed":0,"gold_gain":0,"player_choice":"Simplicity","damage_taken":0,"max_hp_gain":0,"max_hp_loss":0,"event_name":"Back to Basics","floor":21,"gold_loss":0,"cards_upgraded":["Strike_G","Strike_G","Strike_G","Strike_G","Strike_G","Defend_G","Defend_G","Defend_G"]},{"damage_healed":0,"gold_gain":0,"player_choice":"Got Potions","damage_taken":0,"max_hp_gain":0,"max_hp_loss":0,"event_name":"Lab","floor":28,"gold_loss":0},{"cards_removed":["Defend_G"],"damage_healed":0,"gold_gain":0,"player_choice":"Removed Skill","damage_taken":0,"max_hp_gain":0,"max_hp_loss":0,"event_name":"Falling","floor":37,"gold_loss":0},{"damage_healed":0,"gold_gain":0,"player_choice":"Fight","damage_taken":0,"max_hp_gain":0,"max_hp_loss":0,"event_name":"MindBloom","floor":48,"gold_loss":0}],"is_beta":false,"boss_relics":[{"not_picked":["Astrolabe","Tiny House"],"picked":"Velvet Choker"},{"not_picked":["Calling Bell","HoveringKite"],"picked":"Black Star"}],"items_purged_floors":[],"is_endless":false,"potions_floor_spawned":[1,5,12,13,18,24,27,29,30,35,39,40,47,48],"killed_by":"Donu and Deca","ascension_level":0}