{"gold_per_floor":[119,119,119,119,44,71,71,105,186,202,26,26,37,72,72,150,150,168,81,81,81,97,122,122,47,47,61,61,92,92,92],"floor_reached":31,"playtime":800,"items_purged":["Strike_B","Strike_B"],"score":634,"play_id":"598a3d55-bb9f-43e9-aa27-bef195dd7bb9","local_time":"20190328231750","is_ascension_mode":true,"campfire_choices":[{"data":"Dualcast","floor":7.0,"key":"SMITH"},{"data":"Consume","floor":12.0,"key":"SMITH"},{"data":"Zap","floor":15.0,"key":"SMITH"},{"data":"Coolheaded","floor":24.0,"key":"SMITH"},{"data":"Turbo","floor":28.0,"key":"SMITH"},{"floor":30,"key":"REST"}],"neow_cost":"NONE","seed_source_timestamp":655276654881459,"circlet_count":0,"master_deck":["AscendersBane","Defend_B","Defend_B","Defend_B","Zap+1","Dualcast+1","Coolheaded+1","Ball Lightning","Consume+1","Electrodynamics","Genetic Algorithm","Echo Form","Self Repair+1","Recycle+1","Go for the Eyes+1","Glacier","Necronomicurse","Turbo+1"],"special_seed":0,"relics":["Cracked Core","NeowsBlessing","Bag of Marbles","Lantern","Ornamental Fan","Kunai","Boot","Astrolabe","Necronomicon","Frozen Egg 2","Sundial","Red Mask"],"potions_floor_usage":[29,31],"damage_taken":[{"damage":0.0,"enemies":"2 Louse","floor":1.0,"turns":1.0},{"damage":0.0,"enemies":"Lagavulin","floor":6.0,"turns":1.0},{"damage":0.0,"enemies":"3 Sentries","floor":8.0,"turns":1.0},{"damage":2.0,"enemies":"Small Slimes","floor":10.0,"turns":5.0},{"damage":0.0,"enemies":"Cultist","floor":13.0,"turns":3.0},{"damage":6.0,"enemies":"Gremlin Nob","floor":14.0,"turns":3.0},{"damage":7.0,"enemies":"The Guardian","floor":16.0,"turns":8.0},{"damage":0.0,"enemies":"3 Byrds","floor":18.0,"turns":2.0},{"damage":26.0,"enemies":"2 Thieves","floor":22.0,"turns":4.0},{"damage":10.0,"enemies":"Gremlin Leader","floor":23.0,"turns":7.0},{"damage":15.0,"enemies":"Chosen and Byrds","floor":27.0,"turns":5.0},{"damage":11,"enemies":"Masked Bandits","floor":29,"turns":4},{"damage":48,"enemies":"Book of Stabbing","floor":31,"turns":6}],"seed_played":"-9100617544743491003","potions_obtained":[{"floor":1.0,"key":"Strength Potion"},{"floor":6.0,"key":"Weak Potion"},{"floor":8.0,"key":"Explosive Potion"},{"floor":13.0,"key":"PowerPotion"},{"floor":22.0,"key":"PowerPotion"},{"floor":27.0,"key":"AttackPotion"},{"floor":29,"key":"Explosive Potion"}],"is_trial":false,"path_per_floor":["M","?","$","?","$","E","R","E","T","M","$","R","M","E","R","B",null,"M","$","?","?","M","E","R","?","T","M","R","?","R","E"],"character_chosen":"DEFECT","items_purchased":["Consume","Glacier"],"campfire_rested":1,"item_purchase_floors":[11,19],"current_hp_per_floor":[64,69,69,69,69,69,69,69,69,67,67,67,67,61,61,54,71,76,76,55,55,29,29,29,29,29,24,24,23,45,0],"gold":92,"neow_bonus":"THREE_ENEMY_KILL","is_prod":false,"is_daily":false,"chose_seed":false,"campfire_upgraded":5,"win_rate":0,"timestamp":1553786270,"path_taken":["M","?","$","?","$","E","R","E","T","?","?","R","M","E","R","BOSS","M","$","?","?","?","E","R","?","T","M","R","?","R","E"],"build_version":"2019-03-15","purchased_purges":2,"victory":false,"max_hp_per_floor":[71,76,76,76,76,76,76,76,76,76,76,76,76,76,76,76,76,76,76,76,76,76,76,76,76,76,76,76,76,76,76],"card_choices":[{"not_picked":["White Noise","Turbo"],"picked":"Consume","floor":1.0},{"not_picked":["Barrage","Hologram"],"picked":"Coolheaded","floor":6.0},{"not_picked":["Heatsinks","Sweeping Beam","Rip and Tear"],"picked":"SKIP","floor":8.0},{"not_picked":["Barrage","Beam Cell"],"picked":"Ball Lightning","floor":10.0},{"not_picked":["Rip and Tear","Force Field"],"picked":"Electrodynamics","floor":13.0},{"not_picked":["Doom and Gloom","Leap"],"picked":"Genetic Algorithm","floor":14.0},{"not_picked":["Rainbow","Biased Cognition"],"picked":"Echo Form","floor":16.0},{"not_picked":["Coolheaded","Hologram"],"picked":"Go for the Eyes+1","floor":18.0},{"not_picked":["Gash","Conserve Battery"],"picked":"Turbo","floor":22.0},{"not_picked":["Beam Cell","Aggregate","Go for the Eyes"],"picked":"SKIP","floor":23.0},{"not_picked":["Self Repair+1","Ball Lightning","Steam"],"picked":"SKIP","floor":27.0}],"player_experience":2968924,"relics_obtained":[{"floor":6.0,"key":"Lantern"},{"floor":8.0,"key":"Ornamental Fan"},{"floor":9.0,"key":"Kunai"},{"floor":14.0,"key":"Boot"},{"floor":20.0,"key":"Necronomicon"},{"floor":21.0,"key":"Frozen Egg 2"},{"floor":23.0,"key":"Sundial"},{"floor":29,"key":"Red Mask"}],"event_choices":[{"damage_healed":0.0,"max_hp_gain":5.0,"max_hp_loss":0.0,"gold_gain":0.0,"event_name":"Big Fish","player_choice":"Donut","floor":2.0,"gold_loss":0.0,"damage_taken":0.0},{"cards_removed":["Consume"],"damage_healed":0.0,"max_hp_gain":0.0,"max_hp_loss":0.0,"gold_gain":0.0,"event_name":"WeMeetAgain","player_choice":"Gave Card","floor":4.0,"gold_loss":0.0,"damage_taken":0.0,"relics_obtained":["Bag of Marbles"]},{"damage_healed":0.0,"max_hp_gain":0.0,"max_hp_loss":0.0,"gold_gain":0.0,"event_name":"Cursed Tome","player_choice":"Obtained Book","floor":20.0,"gold_loss":0.0,"damage_taken":21.0},{"damage_healed":0.0,"max_hp_gain":0.0,"max_hp_loss":0.0,"gold_gain":0.0,"event_name":"Wheel of Change","player_choice":"Relic","floor":21.0,"gold_loss":0.0,"damage_taken":0.0},{"cards_removed":["Thunder Strike"],"damage_healed":0.0,"max_hp_gain":0.0,"max_hp_loss":0.0,"gold_gain":0.0,"event_name":"Beggar","player_choice":"Gave Gold","floor":25.0,"gold_loss":75.0,"damage_taken":0.0},{"damage_healed":0,"gold_gain":0,"player_choice":"Fought Bandits","damage_taken":0,"max_hp_gain":0,"max_hp_loss":0,"event_name":"Masked Bandits","floor":29,"gold_loss":0}],"is_beta":true,"boss_relics":[{"not_picked":["Velvet Choker","Runic Pyramid"],"picked":"Astrolabe"}],"items_purged_floors":[5,11],"is_endless":false,"potions_floor_spawned":[1,6,8,13,22,27,29],"killed_by":"Book of Stabbing","ascension_level":20}