{"gold_per_floor":[18,37,52,127,127,127,23,23,23,34,34,59,59,59,59,133,133,151,121,136,151,166,166,180,192,192,192,192,192,205,28,28,100,100,115,165,40,56,69,69],"floor_reached":40,"playtime":1760,"items_purged":["Strike_G","Strike_G","Strike_G+1"],"score":776,"play_id":"30c57f23-ba0a-409f-b7aa-b6fd6dd48657","local_time":"20190822154633","is_ascension_mode":true,"campfire_choices":[{"data":"Bouncing Flask","floor":6.0,"key":"SMITH"},{"data":"Masterful Stab","floor":8.0,"key":"SMITH"},{"data":"Acrobatics","floor":13.0,"key":"SMITH"},{"data":"Neutralize","floor":15.0,"key":"SMITH"},{"data":"Doppelganger","floor":23.0,"key":"SMITH"},{"data":"Footwork","floor":27.0,"key":"SMITH"},{"data":"Survivor","floor":29.0,"key":"SMITH"},{"data":"Well Laid Plans","floor":32.0,"key":"SMITH"}],"neow_cost":"NO_GOLD","seed_source_timestamp":60045167638535,"circlet_count":0,"master_deck":["AscendersBane","Strike_G+1","Defend_G","Defend_G","Defend_G","Defend_G","Defend_G","Survivor+1","Neutralize+1","Terror","Masterful Stab+1","Bouncing Flask+1","Acrobatics+1","Concentrate","Doppelganger+1","Prepared+1","Footwork+1","Adrenaline","Well Laid Plans+1","Acrobatics","PiercingWail+1"],"special_seed":0,"relics":["Ring of the Snake","StoneCalendar","Whetstone","Ninja Scroll","Coffee Dripper","Meat on the Bone","Calling Bell","Pen Nib","Matryoshka","Girya"],"potions_floor_usage":[35,40],"damage_taken":[{"damage":20.0,"enemies":"Cultist","floor":1.0,"turns":6.0},{"damage":1.0,"enemies":"Small Slimes","floor":2.0,"turns":4.0},{"damage":0.0,"enemies":"2 Louse","floor":3.0,"turns":4.0},{"damage":3.0,"enemies":"Blue Slaver","floor":10.0,"turns":3.0},{"damage":12.0,"enemies":"3 Sentries","floor":12.0,"turns":7.0},{"damage":3.0,"enemies":"The Guardian","floor":16.0,"turns":10.0},{"damage":7.0,"enemies":"3 Byrds","floor":18.0,"turns":5.0},{"damage":12.0,"enemies":"Shell Parasite","floor":20.0,"turns":5.0},{"damage":0.0,"enemies":"Snecko","floor":21.0,"turns":3.0},{"damage":14.0,"enemies":"Centurion and Healer","floor":22.0,"turns":6.0},{"damage":13.0,"enemies":"Chosen and Byrds","floor":24.0,"turns":4.0},{"damage":0.0,"enemies":"Snecko","floor":25.0,"turns":4.0},{"damage":2.0,"enemies":"Colosseum Slavers","floor":28.0,"turns":4.0},{"damage":4.0,"enemies":"Cultist and Chosen","floor":30.0,"turns":6.0},{"damage":13.0,"enemies":"Automaton","floor":33.0,"turns":11.0},{"damage":7,"enemies":"3 Darklings","floor":35,"turns":5},{"damage":0,"enemies":"Orb Walker","floor":38,"turns":4},{"damage":0,"enemies":"Transient","floor":39,"turns":6},{"damage":0,"enemies":"Reptomancer","floor":40,"turns":6}],"seed_played":"-2468994590102998471","potions_obtained":[{"floor":1.0,"key":"Swift Potion"},{"floor":19.0,"key":"PowerPotion"},{"floor":19.0,"key":"Regen Potion"},{"floor":20.0,"key":"Poison Potion"},{"floor":25.0,"key":"Dexterity Potion"},{"floor":30.0,"key":"SneckoOil"},{"floor":33.0,"key":"FearPotion"},{"floor":38,"key":"SteroidPotion"}],"is_trial":false,"path_per_floor":["M","M","M","?","?","R","$","R","T","M","?","E","R","$","R","B",null,"M","?","M","M","M","R","M","M","T","R","?","R","M","$","R","B",null,"M","?","$","M","M","E"],"character_chosen":"THE_SILENT","items_purchased":["Acrobatics","Well Laid Plans"],"campfire_rested":0,"item_purchase_floors":[7,31],"current_hp_per_floor":[39,38,38,27,20,20,20,20,20,17,17,5,5,5,5,2,50,43,43,45,45,31,31,18,18,18,18,28,28,36,36,36,35,58,51,51,51,51,51,51],"gold":69,"neow_bonus":"ONE_RARE_RELIC","is_prod":false,"is_daily":false,"chose_seed":false,"campfire_upgraded":8,"win_rate":0,"timestamp":1566456393,"path_taken":["M","M","?","?","?","R","$","R","T","M","?","E","R","?","R","BOSS","M","?","M","M","M","R","?","M","T","R","?","R","M","$","R","BOSS","M","?","?","M","M","E"],"build_version":"2019-07-17","purchased_purges":3,"victory":false,"max_hp_per_floor":[66,66,66,66,66,66,66,66,66,66,66,66,66,66,66,66,66,66,66,66,66,66,66,66,66,66,66,66,66,66,66,66,66,66,66,66,66,66,66,66],"card_choices":[{"not_picked":["All Out Attack","Flying Knee"],"picked":"Terror","floor":1.0},{"not_picked":["Sucker Punch","Flying Knee"],"picked":"Masterful Stab","floor":2.0},{"not_picked":["Dagger Spray","Acrobatics"],"picked":"Bouncing Flask","floor":3.0},{"not_picked":["Sucker Punch","Quick Slash","Skewer"],"picked":"SKIP","floor":10.0},{"not_picked":["Deflect","PiercingWail"],"picked":"Concentrate","floor":12.0},{"not_picked":["Tools of the Trade","Envenom"],"picked":"Doppelganger","floor":16.0},{"not_picked":["Leg Sweep","Sucker Punch+1","Slice"],"picked":"SKIP","floor":18.0},{"not_picked":["Slice","Bane","Poisoned Stab+1"],"picked":"SKIP","floor":20.0},{"not_picked":["Backstab","Underhanded Strike","Blade Dance+1"],"picked":"SKIP","floor":21.0},{"not_picked":["Backstab","Underhanded Strike","Blade Dance+1"],"picked":"SKIP","floor":21.0},{"not_picked":["Deflect","Slice+1","Bouncing Flask"],"picked":"SKIP","floor":22.0},{"not_picked":["Cloak And Dagger","Deflect"],"picked":"Prepared+1","floor":24.0},{"not_picked":["Backstab","Quick Slash"],"picked":"Footwork","floor":25.0},{"not_picked":["Cloak And Dagger","Bane"],"picked":"Adrenaline","floor":30.0},{"not_picked":["Blade Dance+1","Flying Knee"],"picked":"Acrobatics","floor":35},{"not_picked":["Flying Knee","Terror+1","Venomology"],"picked":"SKIP","floor":38},{"not_picked":["Masterful Stab","Distraction"],"picked":"PiercingWail+1","floor":39}],"player_experience":967113,"relics_obtained":[{"floor":9.0,"key":"Whetstone"},{"floor":12.0,"key":"Ninja Scroll"},{"floor":26.0,"key":"Meat on the Bone"},{"floor":34,"key":"Pen Nib"},{"floor":34,"key":"Matryoshka"},{"floor":34,"key":"Girya"}],"event_choices":[{"damage_healed":0.0,"max_hp_gain":0.0,"max_hp_loss":0.0,"gold_gain":75.0,"event_name":"World of Goop","player_choice":"Gather Gold","floor":4.0,"gold_loss":0.0,"damage_taken":11.0},{"cards_removed":["Strike_G"],"damage_healed":0.0,"max_hp_gain":0.0,"max_hp_loss":0.0,"gold_gain":0.0,"event_name":"Golden Wing","player_choice":"Card Removal","floor":5.0,"gold_loss":0.0,"damage_taken":7.0},{"damage_healed":0.0,"max_hp_gain":0.0,"max_hp_loss":0.0,"gold_gain":0.0,"event_name":"Scrap Ooze","player_choice":"Fled","floor":11.0,"gold_loss":0.0,"damage_taken":0.0},{"damage_healed":0.0,"max_hp_gain":0.0,"max_hp_loss":0.0,"gold_gain":0.0,"event_name":"The Woman in Blue","player_choice":"Bought 2 Potions","floor":19.0,"gold_loss":0.0,"damage_taken":0.0},{"damage_healed":0.0,"max_hp_gain":0.0,"max_hp_loss":0.0,"gold_gain":0.0,"event_name":"Colosseum","player_choice":"Fight","floor":28.0,"gold_loss":0.0,"damage_taken":0.0},{"damage_healed":0.0,"max_hp_gain":0.0,"max_hp_loss":0.0,"gold_gain":0.0,"event_name":"Colosseum","player_choice":"Fled From Nobs","floor":28.0,"gold_loss":0.0,"damage_taken":0.0},{"damage_healed":0,"gold_gain":50,"player_choice":"Pray","damage_taken":0,"max_hp_gain":0,"max_hp_loss":0,"event_name":"Golden Shrine","floor":36,"gold_loss":0}],"is_beta":false,"boss_relics":[{"not_picked":["Cursed Key","Tiny House"],"picked":"Coffee Dripper"},{"not_picked":["Black Star","Philosopher\u0027s Stone"],"picked":"Calling Bell"}],"items_purged_floors":[7,31,37],"is_endless":false,"potions_floor_spawned":[1,20,25,30,33,38,39],"killed_by":"Reptomancer","ascension_level":20}