{"gold_per_floor":[109,59,71,88,100,100,126,139,165,90,90,116,116,136,136,237,237,251,351,364,380,395,395,426,426,426,168,168],"floor_reached":28,"playtime":1449,"items_purged":["Strike_R"],"score":250,"play_id":"9b52c45d-9ffa-4b30-8d3b-17d2f21acca1","local_time":"20190919171526","is_ascension_mode":false,"campfire_choices":[{"data":"Bash","floor":6,"key":"SMITH"},{"floor":13,"key":"REST"},{"floor":15,"key":"REST"},{"floor":23,"key":"REST"},{"data":"Anger","floor":25,"key":"SMITH"}],"neow_cost":"NONE","seed_source_timestamp":1987077060281600,"circlet_count":0,"master_deck":["Strike_R","Strike_R","Strike_R","Defend_R","Defend_R","Defend_R","Defend_R","Bash+1","Cleave","Seeing Red","Shrug It Off","Spot Weakness","Dual Wield","Anger+1","Double Tap","Battle Trance","Sword Boomerang+1","Shrug It Off","Violence","Brutality"],"relics":["Burning Blood","NeowsBlessing","Nunchaku","Boot","Lantern","Cursed Key","Ancient Tea Set"],"potions_floor_usage":[24,24,24],"damage_taken":[{"damage":0,"enemies":"2 Louse","floor":1,"turns":1},{"damage":0,"enemies":"Small Slimes","floor":3,"turns":1},{"damage":0,"enemies":"Cultist","floor":4,"turns":1},{"damage":8,"enemies":"2 Fungi Beasts","floor":5,"turns":3},{"damage":32,"enemies":"Lagavulin","floor":7,"turns":8},{"damage":7,"enemies":"Exordium Thugs","floor":8,"turns":4},{"damage":23,"enemies":"3 Sentries","floor":12,"turns":6},{"damage":5,"enemies":"Exordium Wildlife","floor":14,"turns":3},{"damage":42,"enemies":"Slime Boss","floor":16,"turns":8},{"damage":11,"enemies":"Chosen","floor":18,"turns":5},{"damage":12,"enemies":"2 Thieves","floor":20,"turns":4},{"damage":45,"enemies":"Sentry and Sphere","floor":21,"turns":7},{"damage":12,"enemies":"Centurion and Healer","floor":22,"turns":7},{"damage":10,"enemies":"Gremlin Leader","floor":24,"turns":5},{"damage":49,"enemies":"Slavers","floor":28,"turns":3}],"seed_played":"-7668555750506079355","potions_obtained":[{"floor":1,"key":"Weak Potion"},{"floor":4,"key":"GamblersBrew"},{"floor":7,"key":"PowerPotion"},{"floor":8,"key":"Poison Potion"}],"is_trial":false,"path_per_floor":["M","?","M","M","M","R","E","M","T","$","?","E","R","M","R","B",null,"M","?","M","M","M","R","E","R","T","$","E"],"character_chosen":"IRONCLAD","items_purchased":["Violence","Brutality"],"campfire_rested":3,"item_purchase_floors":[27,27],"current_hp_per_floor":[80,80,80,80,78,78,52,51,51,51,51,34,58,59,80,44,80,75,75,69,30,24,48,44,44,44,44,0],"gold":168,"neow_bonus":"THREE_ENEMY_KILL","is_prod":false,"is_daily":false,"chose_seed":false,"campfire_upgraded":2,"win_rate":0,"timestamp":1568927726,"path_taken":["M","?","M","M","M","R","E","M","T","$","?","E","R","M","R","BOSS","M","?","M","?","M","R","E","R","T","$","E"],"build_version":"2019-07-17","purchased_purges":1,"victory":false,"max_hp_per_floor":[80,80,80,80,80,80,80,80,80,80,80,80,80,80,80,80,80,80,80,80,80,80,80,80,80,80,80,80],"card_choices":[{"not_picked":["Sever Soul","Fire Breathing"],"picked":"Cleave","floor":1},{"not_picked":["Heavy Blade","Flex","Shockwave"],"picked":"SKIP","floor":3},{"not_picked":["Rupture","Warcry"],"picked":"Seeing Red","floor":4},{"not_picked":["Havoc","Headbutt"],"picked":"Shrug It Off","floor":5},{"not_picked":["Dual Wield","Shrug It Off"],"picked":"Spot Weakness","floor":7},{"not_picked":["Thunderclap","True Grit"],"picked":"Dual Wield","floor":8},{"not_picked":["Armaments","Entrench"],"picked":"Anger","floor":12},{"not_picked":["Burning Pact","Body Slam","Flex"],"picked":"SKIP","floor":14},{"not_picked":["Juggernaut","Reaper"],"picked":"Double Tap","floor":16},{"not_picked":["Corruption","Thunderclap","Sentinel"],"picked":"SKIP","floor":18},{"not_picked":["Carnage","Reckless Charge+1"],"picked":"Battle Trance","floor":20},{"not_picked":["Headbutt","Perfected Strike"],"picked":"Sword Boomerang+1","floor":21},{"not_picked":["Heavy Blade","Cleave","Sword Boomerang"],"picked":"SKIP","floor":22},{"not_picked":["Havoc","Flex"],"picked":"Shrug It Off","floor":24}],"player_experience":98328,"relics_obtained":[{"floor":7,"key":"Nunchaku"},{"floor":9,"key":"Boot"},{"floor":12,"key":"Lantern"},{"floor":24,"key":"Ancient Tea Set"}],"event_choices":[{"cards_removed":["Strike_R"],"damage_healed":0,"gold_gain":0,"player_choice":"Card Removal","damage_taken":0,"max_hp_gain":0,"max_hp_loss":0,"event_name":"The Cleric","floor":2,"gold_loss":50},{"damage_healed":0,"gold_gain":0,"player_choice":"Searched \u00270\u0027 times","damage_taken":0,"max_hp_gain":0,"max_hp_loss":0,"event_name":"Dead Adventurer","floor":11,"gold_loss":0},{"damage_healed":0,"gold_gain":100,"player_choice":"Pray","damage_taken":0,"max_hp_gain":0,"max_hp_loss":0,"event_name":"Golden Shrine","floor":19,"gold_loss":0}],"is_beta":false,"boss_relics":[{"not_picked":["Coffee Dripper","White Beast Statue"],"picked":"Cursed Key"}],"items_purged_floors":[10],"is_endless":false,"potions_floor_spawned":[1,4,7,8,12,16,18],"killed_by":"Slavers","ascension_level":0}