{"gold_per_floor":[113,113,125,125,144,144,174,174,197,231,246,171,68,98,98,171,171,142,159,434,162,179,179,204,204,204,230,230,265,279,307,307,381,381,396,396,416,432,439,467,485,485],"floor_reached":42,"playtime":1296,"items_purged":["Strike_R","Strike_R"],"score":1119,"play_id":"e180dd42-a1a9-4902-bdf4-78bc2f851ea6","local_time":"20190918224744","is_ascension_mode":true,"campfire_choices":[{"data":"Fire Breathing","floor":6.0,"key":"SMITH"},{"data":"Barricade","floor":8.0,"key":"SMITH"},{"data":"Armaments","floor":15.0,"key":"SMITH"},{"data":"Evolve","floor":23.0,"key":"SMITH"},{"data":"Body Slam","floor":25.0,"key":"SMITH"},{"floor":28.0,"key":"REST"},{"floor":32.0,"key":"REST"}],"neow_cost":"NONE","seed_source_timestamp":708724273601471,"circlet_count":0,"master_deck":["AscendersBane","Defend_R","Defend_R+1","Defend_R","Seeing Red+1","Fire Breathing+1","Barricade+1","Evolve+1","Wild Strike","Armaments+1","Body Slam+1","Shrug It Off","True Grit+1","Burning Pact","Sword Boomerang","Demon Form","Flash of Steel"],"special_seed":0,"relics":["Burning Blood","NeowsBlessing","WarpedTongs","Ancient Tea Set","Orichalcum","Smiling Mask","Omamori","Empty Cage","Juzu Bracelet","Strawberry","Singing Bowl","Shuriken","CeramicFish","War Paint","Fusion Hammer","Akabeko"],"potions_floor_usage":[],"damage_taken":[{"damage":0.0,"enemies":"Jaw Worm","floor":1.0,"turns":1.0},{"damage":0.0,"enemies":"Small Slimes","floor":3.0,"turns":1.0},{"damage":0.0,"enemies":"Cultist","floor":5.0,"turns":1.0},{"damage":30.0,"enemies":"Gremlin Nob","floor":7.0,"turns":4.0},{"damage":22.0,"enemies":"3 Sentries","floor":10.0,"turns":4.0},{"damage":18.0,"enemies":"3 Louse","floor":11.0,"turns":4.0},{"damage":16.0,"enemies":"Lagavulin","floor":14.0,"turns":5.0},{"damage":23.0,"enemies":"The Guardian","floor":16.0,"turns":10.0},{"damage":23.0,"enemies":"2 Thieves","floor":18.0,"turns":5.0},{"damage":16.0,"enemies":"3 Byrds","floor":19.0,"turns":5.0},{"damage":0.0,"enemies":"Cultist and Chosen","floor":22.0,"turns":4.0},{"damage":17.0,"enemies":"Gremlin Leader","floor":24.0,"turns":6.0},{"damage":25.0,"enemies":"Book of Stabbing","floor":27.0,"turns":5.0},{"damage":17.0,"enemies":"Slavers","floor":29.0,"turns":4.0},{"damage":31.0,"enemies":"Gremlin Leader","floor":31.0,"turns":6.0},{"damage":26.0,"enemies":"Champ","floor":33.0,"turns":8.0},{"damage":23.0,"enemies":"Orb Walker","floor":35.0,"turns":5.0},{"damage":5.0,"enemies":"3 Shapes","floor":37.0,"turns":4.0},{"damage":19.0,"enemies":"Jaw Worm Horde","floor":38.0,"turns":5.0},{"damage":0.0,"enemies":"Nemesis","floor":40.0,"turns":5.0},{"damage":31.0,"enemies":"Spire Growth","floor":41.0,"turns":6.0},{"damage":24,"enemies":"Giant Head","floor":42,"turns":6}],"seed_played":"1589770874204646533","potions_obtained":[{"floor":1.0,"key":"AttackPotion"},{"floor":5.0,"key":"Strength Potion"},{"floor":10.0,"key":"BloodPotion"},{"floor":14.0,"key":"Weak Potion"},{"floor":18.0,"key":"Fire Potion"},{"floor":19.0,"key":"Swift Potion"},{"floor":29.0,"key":"PowerPotion"},{"floor":31.0,"key":"PowerPotion"},{"floor":35.0,"key":"PowerPotion"}],"is_trial":false,"path_per_floor":["M","?","M","?","M","R","E","R","T","E","M","?","$","E","R","B",null,"M","M","?","$","M","R","E","R","T","E","R","E","?","E","R","B",null,"M","?","M","M","?","E","M","E"],"character_chosen":"IRONCLAD","items_purchased":["Wild Strike","SkillPotion","Juzu Bracelet"],"campfire_rested":2,"item_purchase_floors":[13,21,21],"current_hp_per_floor":[74,67,73,73,75,75,51,51,51,35,41,41,41,31,31,14,60,43,33,33,33,39,39,35,35,35,18,43,32,32,9,34,16,70,55,55,58,47,41,49,26,2],"gold":485,"neow_bonus":"THREE_ENEMY_KILL","is_prod":false,"is_daily":false,"chose_seed":false,"campfire_upgraded":5,"win_rate":0,"timestamp":1568818064,"path_taken":["M","?","M","?","M","R","E","R","T","E","?","?","?","E","R","BOSS","M","M","?","$","M","R","E","R","T","E","R","E","?","E","R","BOSS","M","?","M","M","?","E","M","E"],"build_version":"2019-09-17","purchased_purges":2,"victory":false,"max_hp_per_floor":[75,75,75,75,75,75,75,75,75,75,75,75,75,75,75,75,75,75,75,75,75,75,75,82,82,82,84,84,84,84,86,86,88,88,90,90,92,94,98,100,102,102],"card_choices":[{"not_picked":["Ghostly Armor","Corruption"],"picked":"Seeing Red","floor":1.0},{"not_picked":["Clash","Seeing Red","Headbutt"],"picked":"SKIP","floor":3.0},{"not_picked":["Clash","Thunderclap"],"picked":"Fire Breathing","floor":5.0},{"not_picked":["Reckless Charge","Sword Boomerang"],"picked":"Barricade","floor":7.0},{"not_picked":["Clash","Anger"],"picked":"Evolve","floor":10.0},{"not_picked":["Pommel Strike","Wild Strike","Sword Boomerang"],"picked":"SKIP","floor":11.0},{"not_picked":["Spot Weakness","Searing Blow"],"picked":"Armaments","floor":14.0},{"not_picked":["Flex","Iron Wave"],"picked":"Body Slam","floor":18.0},{"not_picked":["Bloodletting","Havoc"],"picked":"Shrug It Off","floor":19.0},{"not_picked":["Burning Pact","Inflame+1"],"picked":"True Grit+1","floor":22.0},{"not_picked":["True Grit","Clash","Spot Weakness+1"],"picked":"SKIP","floor":24.0},{"not_picked":["Pommel Strike","Pummel","Perfected Strike"],"picked":"Singing Bowl","floor":27.0},{"not_picked":["Seeing Red","Juggernaut"],"picked":"Burning Pact","floor":29.0},{"not_picked":["Dual Wield","Whirlwind","Rage"],"picked":"Singing Bowl","floor":31.0},{"not_picked":["Bludgeon","Barricade","Brutality"],"picked":"Singing Bowl","floor":33.0},{"not_picked":["Havoc+1","Body Slam","Wild Strike"],"picked":"Singing Bowl","floor":35.0},{"not_picked":["Cleave","Searing Blow","Thunderclap"],"picked":"Singing Bowl","floor":37.0},{"not_picked":["Clothesline+1","True Grit","Sever Soul+1"],"picked":"Singing Bowl","floor":38.0},{"not_picked":["Good Instincts","Dramatic Entrance","Discovery"],"picked":"Singing Bowl","floor":39.0},{"not_picked":["Jack Of All Trades","Thinking Ahead","Deep Breath"],"picked":"Singing Bowl","floor":39.0},{"not_picked":["Trip","Bandage Up"],"picked":"Flash of Steel","floor":39.0},{"not_picked":["True Grit+1","Havoc","Thunderclap"],"picked":"Singing Bowl","floor":40.0},{"not_picked":["Cleave","Thunderclap","Wild Strike"],"picked":"Singing Bowl","floor":41.0}],"player_experience":848120,"relics_obtained":[{"floor":7.0,"key":"Ancient Tea Set"},{"floor":9.0,"key":"Orichalcum"},{"floor":10.0,"key":"Smiling Mask"},{"floor":14.0,"key":"Omamori"},{"floor":24.0,"key":"Strawberry"},{"floor":26.0,"key":"Singing Bowl"},{"floor":27.0,"key":"Shuriken"},{"floor":29.0,"key":"CeramicFish"},{"floor":31.0,"key":"War Paint"},{"floor":40.0,"key":"Akabeko"}],"event_choices":[{"cards_removed":["Strike_R"],"damage_healed":0.0,"max_hp_gain":0.0,"max_hp_loss":0.0,"gold_gain":0.0,"event_name":"Golden Wing","player_choice":"Card Removal","floor":2.0,"gold_loss":0.0,"damage_taken":7.0},{"damage_healed":0.0,"max_hp_gain":0.0,"max_hp_loss":0.0,"gold_gain":0.0,"event_name":"Accursed Blacksmith","player_choice":"Rummage","floor":4.0,"gold_loss":0.0,"damage_taken":0.0,"relics_obtained":["WarpedTongs"],"cards_obtained":["Pain"]},{"cards_removed":["Pain"],"damage_healed":0.0,"max_hp_gain":0.0,"max_hp_loss":0.0,"gold_gain":0.0,"event_name":"The Cleric","player_choice":"Card Removal","floor":12.0,"gold_loss":75.0,"damage_taken":0.0},{"damage_healed":0.0,"max_hp_gain":0.0,"max_hp_loss":0.0,"gold_gain":275.0,"event_name":"Golden Shrine","player_choice":"Desecrate","floor":20.0,"gold_loss":0.0,"damage_taken":0.0,"cards_obtained":["Regret"]},{"damage_healed":0.0,"max_hp_gain":0.0,"max_hp_loss":0.0,"gold_gain":0.0,"cards_transformed":["Bash","Defend_R"],"event_name":"Drug Dealer","player_choice":"Became Test Subject","floor":30.0,"gold_loss":0.0,"damage_taken":0.0,"cards_obtained":["Sword Boomerang","Demon Form"]},{"damage_healed":0.0,"max_hp_gain":0.0,"max_hp_loss":0.0,"gold_gain":0.0,"event_name":"Tomb of Lord Red Mask","player_choice":"Ignored","floor":36.0,"gold_loss":0.0,"damage_taken":0.0},{"damage_healed":0.0,"max_hp_gain":0.0,"max_hp_loss":0.0,"gold_gain":0.0,"event_name":"SensoryStone","player_choice":"Memory 3","floor":39.0,"gold_loss":0.0,"damage_taken":10.0}],"is_beta":true,"boss_relics":[{"not_picked":["Calling Bell","Tiny House"],"picked":"Empty Cage"},{"not_picked":["Black Blood","Philosopher\u0027s Stone"],"picked":"Fusion Hammer"}],"items_purged_floors":[13,21],"is_endless":false,"potions_floor_spawned":[1,5,10,14,18,19,29,31,35,37,38],"killed_by":"Giant Head","ascension_level":20}