{"path_per_floor":["M","M","M","M","M","E","R","E","T","M","$","E","M","M","R","B",null,"M","?","M","$","M","R","E","M","T","R","$"],"character_chosen":"DEFECT","items_purchased":["Loop","Ball Lightning","Static Discharge","Bag of Preparation","Thread and Needle"],"gold_per_floor":[112,127,145,157,174,199,199,530,584,598,438,472,488,506,506,601,601,613,613,630,451,471,471,529,539,592,592,10,10],"floor_reached":29,"campfire_rested":3,"playtime":2396,"item_purchase_floors":[11,11,21,28,28],"current_hp_per_floor":[75,71,71,66,63,46,46,29,29,29,29,22,13,13,35,17,75,56,40,28,28,8,30,32,14,14,36,36,0],"items_purged":["Strike_B","Strike_B","Doubt"],"gold":10,"score":296,"play_id":"4eaf45ec-5c83-48e5-a1e9-d91160164c21","local_time":"20180606015638","is_prod":false,"is_daily":false,"chose_seed":false,"is_ascension_mode":true,"campfire_upgraded":1,"win_rate":0,"timestamp":1528242998,"campfire_choices":[{"data":"Go for the Eyes","floor":7,"key":"SMITH"},{"floor":15,"key":"REST"},{"floor":23,"key":"REST"},{"floor":27,"key":"REST"}],"path_taken":["M","M","M","M","M","E","R","E","T","M","$","E","M","M","R","BOSS","M","?","M","$","M","R","E","M","T","R","$","E"],"build_version":"2018-05-31","seed_source_timestamp":146029856027088,"purchased_purges":3,"victory":false,"master_deck":["Strike_B","Defend_B","Defend_B","Defend_B","Defend_B","Zap","Dualcast","Darkness","White Noise","Go for the Eyes+1","Seek","Leap","Sweeping Beam","Amplify","Loop","Loop","Ball Lightning","Leap","Machine Learning","Hologram","Static Discharge+1","Static Discharge","Leap+1"],"max_hp_per_floor":[75,75,75,75,75,75,75,75,75,75,75,75,75,75,75,75,75,75,75,75,75,75,75,75,75,75,75,75,75],"relics":["Cracked Core","Ornamental Fan","Old Coin","Pen Nib","Pantograph","Cursed Key","Enchiridion","Tiny Chest","Lantern","Bag of Preparation","Thread and Needle"],"card_choices":[{"not_picked":["Undo","Conserve Battery","Double Energy"],"picked":"SKIP","floor":1},{"not_picked":["Barrage","Gash"],"picked":"White Noise","floor":2},{"not_picked":["Compile Driver","Glacier"],"picked":"Go for the Eyes","floor":3},{"not_picked":["Beam Cell","Conserve Battery"],"picked":"Seek","floor":4},{"not_picked":["Go for the Eyes","Double Energy"],"picked":"Leap","floor":5},{"not_picked":["Compile Driver","Hello World"],"picked":"Sweeping Beam","floor":6},{"not_picked":["Reprogram","Conserve Battery"],"picked":"Amplify","floor":8},{"not_picked":["Gash","Redo"],"picked":"Loop","floor":10},{"not_picked":["Redo","Streamline","Conserve Battery"],"picked":"SKIP","floor":12},{"not_picked":["All For One","Streamline"],"picked":"Leap","floor":13},{"not_picked":["Compile Driver","Chaos","Rebound"],"picked":"SKIP","floor":14},{"not_picked":["Fission","Hyperbeam"],"picked":"Machine Learning","floor":16},{"not_picked":["Ball Lightning","Conserve Battery+1"],"picked":"Hologram","floor":18},{"not_picked":["Streamline","Conserve Battery"],"picked":"Static Discharge+1","floor":20},{"not_picked":["Multi-Cast","Leap","Beam Cell"],"picked":"SKIP","floor":22},{"not_picked":["Steam","Turbo"],"picked":"Leap+1","floor":24},{"not_picked":["Double Energy","Static Discharge","Cold Snap"],"picked":"SKIP","floor":25}],"player_experience":755613,"potions_floor_usage":[6,6,14,22,24],"damage_taken":[{"damage":0,"enemies":"Small Slimes","floor":1,"turns":3},{"damage":4,"enemies":"Jaw Worm","floor":2,"turns":3},{"damage":0,"enemies":"2 Louse","floor":3,"turns":3},{"damage":5,"enemies":"Red Slaver","floor":4,"turns":3},{"damage":3,"enemies":"Exordium Wildlife","floor":5,"turns":4},{"damage":24,"enemies":"Gremlin Nob","floor":6,"turns":4},{"damage":17,"enemies":"3 Sentries","floor":8,"turns":6},{"damage":0,"enemies":"3 Louse","floor":10,"turns":3},{"damage":7,"enemies":"Lagavulin","floor":12,"turns":6},{"damage":9,"enemies":"Blue Slaver","floor":13,"turns":4},{"damage":0,"enemies":"Gremlin Gang","floor":14,"turns":4},{"damage":43,"enemies":"Slime Boss","floor":16,"turns":8},{"damage":19,"enemies":"Spheric Guardian","floor":18,"turns":4},{"damage":12,"enemies":"Shell Parasite","floor":20,"turns":3},{"damage":20,"enemies":"Sentry and Sphere","floor":22,"turns":5},{"damage":12,"enemies":"Book of Stabbing","floor":24,"turns":5},{"damage":18,"enemies":"3 Cultists","floor":25,"turns":4},{"damage":53,"enemies":"Gremlin Leader","floor":29,"turns":5}],"relics_obtained":[{"floor":6,"key":"Ornamental Fan"},{"floor":8,"key":"Old Coin"},{"floor":9,"key":"Pen Nib"},{"floor":12,"key":"Pantograph"},{"floor":19,"key":"Enchiridion"},{"floor":24,"key":"Tiny Chest"},{"floor":26,"key":"Lantern"}],"event_choices":[{"event_name":"Cursed Tome","player_choice":"Obtained Book","floor":19,"damage_taken":0}],"boss_relics":[{"not_picked":["Inserter","Runic Pyramid"],"picked":"Cursed Key"}],"items_purged_floors":[11,21,28],"potions_floor_spawned":[1,2,5,6,12,20,22],"seed_played":"4038020439786645290","killed_by":"Gremlin Leader","ascension_level":2,"potions_obtained":[{"floor":1,"key":"GamblersBrew"},{"floor":2,"key":"Poison Potion"},{"floor":5,"key":"LiquidBronze"},{"floor":6,"key":"FairyPotion"},{"floor":12,"key":"Dexterity Potion"},{"floor":20,"key":"SkillPotion"},{"floor":22,"key":"Dexterity Potion"}],"is_trial":false}