{"gold_per_floor":[116,41,41,57,17,17,46,66,66,97,114,132,463,477,477,549,549,561,60,70,87,97,123,123,123,123,138,53,78,78,97,97,174,174,184,197,210,210,226,256,267,267,267,283,283,308,20,50,50,50,50,50,50,50,80,80],"floor_reached":57,"playtime":2487,"items_purged":["Dash","Slice"],"score":3762,"play_id":"75b18462-e825-4fde-9362-5882db641dce","local_time":"20190909101852","daily_mods":["SealedDeck"],"is_ascension_mode":true,"campfire_choices":[{"data":"Prepared","floor":6.0,"key":"SMITH"},{"data":"Acrobatics","floor":15.0,"key":"SMITH"},{"data":"Well Laid Plans","floor":24.0,"key":"SMITH"},{"floor":30.0,"key":"RECALL"},{"data":"Backflip","floor":32.0,"key":"SMITH"},{"data":"Calculated Gamble","floor":45.0,"key":"SMITH"},{"data":"Concentrate","floor":49.0,"key":"SMITH"},{"data":"Terror","floor":53.0,"key":"SMITH"}],"neow_cost":"","seed_source_timestamp":0,"circlet_count":0,"master_deck":["AscendersBane","Prepared+1","Deflect","Terror+1","Backflip+1","Flechettes+1","PiercingWail","Acrobatics+1","Concentrate+1","Well Laid Plans+1","Calculated Gamble+1"],"special_seed":0,"relics":["Ring of the Snake","Letter Opener","Gambling Chip","Old Coin","Philosopher\u0027s Stone","Bag of Preparation","OrangePellets","Snake Skull","Oddly Smooth Stone","Nunchaku","Pear","Calling Bell","Omamori","Question Card","StoneCalendar","Meat on the Bone","Mercury Hourglass","Bottled Tornado","Shuriken","Pantograph","Dodecahedron"],"potions_floor_usage":[56],"damage_taken":[{"damage":3.0,"enemies":"Jaw Worm","floor":1.0,"turns":2.0},{"damage":0.0,"enemies":"Cultist","floor":4.0,"turns":2.0},{"damage":0.0,"enemies":"Lagavulin","floor":7.0,"turns":4.0},{"damage":0.0,"enemies":"2 Louse","floor":8.0,"turns":2.0},{"damage":6.0,"enemies":"3 Sentries","floor":10.0,"turns":4.0},{"damage":0.0,"enemies":"Large Slime","floor":11.0,"turns":1.0},{"damage":0.0,"enemies":"Lots of Slimes","floor":12.0,"turns":1.0},{"damage":0.0,"enemies":"Gremlin Nob","floor":13.0,"turns":1.0},{"damage":0.0,"enemies":"Exordium Wildlife","floor":14.0,"turns":1.0},{"damage":0.0,"enemies":"The Guardian","floor":16.0,"turns":2.0},{"damage":0.0,"enemies":"2 Thieves","floor":18.0,"turns":1.0},{"damage":0.0,"enemies":"3 Byrds","floor":20.0,"turns":1.0},{"damage":0.0,"enemies":"Snake Plant","floor":21.0,"turns":1.0},{"damage":0.0,"enemies":"Shelled Parasite and Fungi","floor":22.0,"turns":1.0},{"damage":0.0,"enemies":"Book of Stabbing","floor":23.0,"turns":1.0},{"damage":0.0,"enemies":"Sentry and Sphere","floor":27.0,"turns":1.0},{"damage":0.0,"enemies":"Slavers","floor":29.0,"turns":1.0},{"damage":0.0,"enemies":"Centurion and Healer","floor":31.0,"turns":1.0},{"damage":0.0,"enemies":"Automaton","floor":33.0,"turns":1.0},{"damage":0.0,"enemies":"3 Shapes","floor":35.0,"turns":1.0},{"damage":0.0,"enemies":"3 Darklings","floor":36.0,"turns":1.0},{"damage":0.0,"enemies":"Maw","floor":37.0,"turns":1.0},{"damage":0.0,"enemies":"Writhing Mass","floor":39.0,"turns":2.0},{"damage":0.0,"enemies":"Nemesis","floor":40.0,"turns":1.0},{"damage":0.0,"enemies":"4 Shapes","floor":41.0,"turns":1.0},{"damage":0.0,"enemies":"Jaw Worm Horde","floor":44.0,"turns":1.0},{"damage":0.0,"enemies":"Reptomancer","floor":46.0,"turns":1.0},{"damage":0.0,"enemies":"Nemesis","floor":48.0,"turns":1.0},{"damage":0.0,"enemies":"Time Eater","floor":50.0,"turns":3.0},{"damage":0.0,"enemies":"Awakened One","floor":51.0,"turns":2.0},{"damage":0.0,"enemies":"Shield and Spear","floor":55.0,"turns":1.0},{"damage":47,"enemies":"The Heart","floor":56,"turns":5}],"seed_played":"3283572984823397816","potions_obtained":[{"floor":5.0,"key":"Dexterity Potion"},{"floor":5.0,"key":"Swift Potion"},{"floor":10.0,"key":"Energy Potion"},{"floor":14.0,"key":"SteroidPotion"},{"floor":31.0,"key":"SpeedPotion"},{"floor":35.0,"key":"Regen Potion"},{"floor":41.0,"key":"PowerPotion"},{"floor":48.0,"key":"GamblersBrew"}],"is_trial":true,"path_per_floor":["M","$","?","M","?","R","E","M","T","E","M","M","E","M","R","B",null,"M","$","M","M","M","E","R","?","T","M","?","E","R","M","R","B",null,"M","M","M","?","M","E","M","$","T","M","R","E","$","E","R","B","B",null,"R","$","E","B",null],"character_chosen":"THE_SILENT","items_purchased":["Bag of Preparation","OrangePellets","Shuriken"],"campfire_rested":0,"item_purchase_floors":[19,19,47],"current_hp_per_floor":[56,56,56,56,56,56,56,56,56,50,50,50,50,50,50,50,62,62,62,62,62,62,62,62,62,62,62,62,72,72,72,72,72,75,75,75,75,75,75,75,75,75,75,75,75,75,75,75,75,76,76,76,76,76,76,41],"gold":80,"neow_bonus":"","is_prod":false,"is_daily":false,"chose_seed":false,"campfire_upgraded":7,"win_rate":0,"timestamp":1567995532,"path_taken":["M","$","?","?","?","R","E","M","T","E","M","M","E","M","R","BOSS","M","$","M","M","M","E","R","?","T","M","?","E","R","M","R","BOSS","M","M","M","?","?","E","?","?","T","M","R","E","$","E","R","BOSS","BOSS","R","$","E","BOSS"],"build_version":"2019-08-26","purchased_purges":2,"victory":true,"max_hp_per_floor":[66,66,66,66,66,66,66,66,66,66,66,66,66,66,66,66,66,66,66,66,66,66,66,66,66,66,66,66,76,76,76,76,76,76,76,76,76,76,76,76,76,76,76,76,76,76,76,76,76,76,76,76,76,76,76,76],"card_choices":[{"not_picked":["Sucker Punch","Deadly Poison","Prepared"],"picked":"SKIP","floor":1.0},{"not_picked":["Cloak And Dagger","Underhanded Strike","Poisoned Stab"],"picked":"SKIP","floor":4.0},{"not_picked":["Dagger Throw","Malaise","Poisoned Stab"],"picked":"SKIP","floor":7.0},{"not_picked":["Dagger Throw","Bouncing Flask","Flying Knee"],"picked":"SKIP","floor":8.0},{"not_picked":["Acrobatics","Dodge and Roll"],"picked":"Concentrate","floor":10.0},{"not_picked":["Flechettes","Endless Agony","Outmaneuver"],"picked":"SKIP","floor":11.0},{"not_picked":["Bane","Concentrate","Sucker Punch"],"picked":"SKIP","floor":12.0},{"not_picked":["Underhanded Strike","Prepared","Poisoned Stab"],"picked":"SKIP","floor":13.0},{"not_picked":["Blade Dance","Glass Knife","Masterful Stab"],"picked":"SKIP","floor":14.0},{"not_picked":["Sucker Punch","Prepared","Caltrops"],"picked":"SKIP","floor":18.0},{"not_picked":["Outmaneuver","Underhanded Strike"],"picked":"Well Laid Plans","floor":20.0},{"not_picked":["Underhanded Strike","Finisher","Flying Knee"],"picked":"SKIP","floor":21.0},{"not_picked":["Sucker Punch","Choke","Predator"],"picked":"SKIP","floor":22.0},{"not_picked":["Deadly Poison+1","Dodge and Roll","Outmaneuver"],"picked":"SKIP","floor":23.0},{"not_picked":["Quick Slash","Backstab","Blur"],"picked":"SKIP","floor":27.0},{"not_picked":["Well Laid Plans","Acrobatics","All Out Attack"],"picked":"SKIP","floor":29.0},{"not_picked":["All Out Attack","Dodge and Roll","Sucker Punch"],"picked":"SKIP","floor":31.0},{"not_picked":["Deflect","Outmaneuver","Leg Sweep","Tools of the Trade"],"picked":"SKIP","floor":35.0},{"not_picked":["Caltrops","Slice","Bane+1","Underhanded Strike"],"picked":"SKIP","floor":36.0},{"not_picked":["Dagger Throw+1","Deflect","Flechettes","Outmaneuver"],"picked":"SKIP","floor":37.0},{"not_picked":["Underhanded Strike","Flying Knee","Deadly Poison+1","Finisher"],"picked":"SKIP","floor":39.0},{"not_picked":["Backflip","Concentrate","Backstab","Masterful Stab"],"picked":"SKIP","floor":40.0},{"not_picked":["Choke+1","Poisoned Stab","Glass Knife","Quick Slash"],"picked":"SKIP","floor":41.0},{"not_picked":["Endless Agony","Cloak And Dagger","Slice","Blade Dance"],"picked":"SKIP","floor":44.0},{"not_picked":["Noxious Fumes+1","PiercingWail+1","Skewer","Malaise"],"picked":"SKIP","floor":46.0},{"not_picked":["Dodge and Roll","Catalyst","Masterful Stab","Concentrate"],"picked":"SKIP","floor":48.0},{"not_picked":["PiercingWail","Dagger Throw","Glass Knife","Deadly Poison"],"picked":"SKIP","floor":55.0}],"player_experience":3215227,"relics_obtained":[{"floor":7.0,"key":"Letter Opener"},{"floor":10.0,"key":"Gambling Chip"},{"floor":13.0,"key":"Old Coin"},{"floor":23.0,"key":"Snake Skull"},{"floor":26.0,"key":"Oddly Smooth Stone"},{"floor":29.0,"key":"Pear"},{"floor":34.0,"key":"Omamori"},{"floor":34.0,"key":"Question Card"},{"floor":34.0,"key":"StoneCalendar"},{"floor":40.0,"key":"Meat on the Bone"},{"floor":43.0,"key":"Mercury Hourglass"},{"floor":46.0,"key":"Bottled Tornado"},{"floor":48.0,"key":"Pantograph"},{"floor":55.0,"key":"Dodecahedron"}],"event_choices":[{"damage_healed":0.0,"max_hp_gain":0.0,"max_hp_loss":0.0,"gold_gain":0.0,"event_name":"Upgrade Shrine","player_choice":"Upgraded","floor":3.0,"gold_loss":0.0,"damage_taken":0.0,"cards_upgraded":["Flechettes"]},{"damage_healed":0.0,"max_hp_gain":0.0,"max_hp_loss":0.0,"gold_gain":0.0,"event_name":"The Woman in Blue","player_choice":"Bought 3 Potions","floor":5.0,"gold_loss":0.0,"damage_taken":0.0},{"damage_healed":0.0,"max_hp_gain":0.0,"max_hp_loss":0.0,"gold_gain":0.0,"event_name":"Ghosts","player_choice":"Ignored","floor":25.0,"gold_loss":0.0,"damage_taken":0.0},{"damage_healed":0.0,"max_hp_gain":0.0,"max_hp_loss":0.0,"gold_gain":0.0,"event_name":"Addict","player_choice":"Obtained Relic","floor":28.0,"gold_loss":85.0,"damage_taken":0.0,"relics_obtained":["Nunchaku"]},{"damage_healed":0.0,"max_hp_gain":0.0,"max_hp_loss":0.0,"gold_gain":0.0,"cards_transformed":["Infinite Blades"],"event_name":"Transmorgrifier","player_choice":"Transformed","floor":38.0,"gold_loss":0.0,"damage_taken":0.0,"cards_obtained":["Calculated Gamble"]}],"is_beta":true,"boss_relics":[{"not_picked":["Snecko Eye","HoveringKite"],"picked":"Philosopher\u0027s Stone"},{"not_picked":["WristBlade","Coffee Dripper"],"picked":"Calling Bell"}],"items_purged_floors":[2,19],"is_endless":false,"potions_floor_spawned":[10,11,13,14,16,18,21,31,35,40,41,44,48],"ascension_level":20}