{"gold_per_floor":[110,185,26,26,26,54,64,64,145,163,177,191,0,26,26,103,103,122,138,150,40,40,72,72,82,82,82,117,135,10,44,44,122,122,133,149,66,66,66,66,95,110,110,138,138,170,170,170,170,170,170,170,170,20,50,50],"floor_reached":57,"playtime":1426,"items_purged":["Strike_G","Strike_G","Defend_G","Corpse Explosion+1"],"score":3662,"play_id":"482e5388-0124-438f-91d8-71b212fb6fb6","local_time":"20190823152407","is_ascension_mode":true,"campfire_choices":[{"data":"Flechettes","floor":8.0,"key":"SMITH"},{"data":"Neutralize","floor":15.0,"key":"SMITH"},{"floor":24,"key":"RECALL"},{"floor":27,"key":"REST"},{"data":"Defend_G","floor":32,"key":"SMITH"}],"neow_cost":"NONE","seed_source_timestamp":0,"circlet_count":0,"master_deck":["AscendersBane","Defend_G+1","Defend_G+1","Defend_G+1","Survivor+1","Neutralize+1","Flechettes+1","PiercingWail+1","Deadly Poison+1","Acrobatics+1","Tactician+1","Deep Breath+1","Acrobatics+1","Calculated Gamble+1","Reflex+1"],"special_seed":0,"relics":["Ring of the Snake","NeowsBlessing","Toxic Egg 2","Kunai","Shuriken","Empty Cage","Boot","Lantern","Snake Skull","War Paint","Coffee Dripper","Strawberry","Bronze Scales","Mercury Hourglass","Bag of Marbles"],"potions_floor_usage":[28,56,56],"damage_taken":[{"damage":0.0,"enemies":"2 Louse","floor":1.0,"turns":1.0},{"damage":0.0,"enemies":"3 Sentries","floor":6.0,"turns":1.0},{"damage":0.0,"enemies":"Cultist","floor":7.0,"turns":1.0},{"damage":2.0,"enemies":"Small Slimes","floor":10.0,"turns":5.0},{"damage":3.0,"enemies":"Exordium Thugs","floor":11.0,"turns":5.0},{"damage":2.0,"enemies":"Looter","floor":12.0,"turns":3.0},{"damage":12.0,"enemies":"Gremlin Nob","floor":14.0,"turns":3.0},{"damage":12,"enemies":"Hexaghost","floor":16,"turns":7},{"damage":0,"enemies":"3 Byrds","floor":18,"turns":2},{"damage":0,"enemies":"Chosen","floor":19,"turns":2},{"damage":0,"enemies":"Snake Plant","floor":20,"turns":2},{"damage":0,"enemies":"Book of Stabbing","floor":23,"turns":2},{"damage":0,"enemies":"Centurion and Healer","floor":25,"turns":1},{"damage":29,"enemies":"Slavers","floor":28,"turns":3},{"damage":0,"enemies":"Chosen and Byrds","floor":29,"turns":1},{"damage":0,"enemies":"Gremlin Leader","floor":31,"turns":1},{"damage":0,"enemies":"Champ","floor":33,"turns":3},{"damage":0,"enemies":"3 Darklings","floor":35,"turns":2},{"damage":0,"enemies":"3 Shapes","floor":36,"turns":1},{"damage":0,"enemies":"Nemesis","floor":41,"turns":1},{"damage":0,"enemies":"3 Darklings","floor":42,"turns":1},{"damage":0,"enemies":"Reptomancer","floor":44,"turns":1},{"damage":0,"enemies":"Giant Head","floor":46,"turns":2},{"damage":0,"enemies":"Donu and Deca","floor":50,"turns":1},{"damage":0,"enemies":"Awakened One","floor":51,"turns":2},{"damage":0,"enemies":"Shield and Spear","floor":55,"turns":1},{"damage":60,"enemies":"The Heart","floor":56,"turns":6}],"seed_played":"-9037081883734747573","potions_obtained":[{"floor":6.0,"key":"Swift Potion"},{"floor":7.0,"key":"Swift Potion"},{"floor":16,"key":"LiquidBronze"},{"floor":19,"key":"SkillPotion"},{"floor":36,"key":"Energy Potion"}],"is_trial":false,"path_per_floor":["M","?","$","?","?","E","M","R","T","M","M","M","$","E","R","B",null,"M","M","M","?","$","E","R","M","T","R","E","M","$","E","R","B",null,"M","M","$","?","?","R","E","M","T","E","?","E","?","?","R","B","B",null,"R","$","E","B",null],"character_chosen":"THE_SILENT","items_purchased":["Flechettes","Deep Breath+1","Well Laid Plans"],"campfire_rested":1,"item_purchase_floors":[3,13,37],"current_hp_per_floor":[59,48,48,53,53,53,53,53,53,51,48,46,46,34,34,22,59,59,59,59,59,59,59,59,59,59,71,42,42,42,42,42,42,64,64,64,64,64,54,54,61,61,61,61,61,61,61,61,61,61,61,71,71,71,71,11],"gold":50,"neow_bonus":"THREE_ENEMY_KILL","is_prod":false,"is_daily":false,"chose_seed":false,"campfire_upgraded":3,"win_rate":0,"timestamp":1566541447,"path_taken":["M","?","$","?","?","E","M","R","T","M","M","?","?","E","R","BOSS","M","M","M","?","$","E","R","M","T","R","E","M","?","E","R","BOSS","M","M","$","?","?","R","E","M","T","E","?","E","?","?","R","BOSS","BOSS","R","$","E","BOSS"],"build_version":"2019-07-17","purchased_purges":4,"victory":true,"max_hp_per_floor":[66,66,66,71,71,71,71,71,71,71,71,71,71,71,71,71,71,71,71,71,71,71,71,71,71,71,71,71,71,71,71,71,71,71,71,71,71,71,71,71,78,78,78,78,78,78,74,74,74,74,74,74,74,74,74,74],"card_choices":[{"not_picked":["Bane","Leg Sweep","Crippling Poison"],"picked":"SKIP","floor":1.0},{"not_picked":["Outmaneuver","Flying Knee","Choke"],"picked":"SKIP","floor":6.0},{"not_picked":["Leg Sweep+1","Eviscerate"],"picked":"PiercingWail+1","floor":7.0},{"not_picked":["Sucker Punch","Backstab"],"picked":"Deadly Poison+1","floor":10.0},{"not_picked":["Blur+1","PiercingWail+1"],"picked":"Acrobatics+1","floor":11.0},{"not_picked":["Dagger Throw","Expertise+1"],"picked":"Tactician+1","floor":12.0},{"not_picked":["Outmaneuver+1","Endless Agony","Bouncing Flask+1"],"picked":"SKIP","floor":14.0},{"not_picked":["A Thousand Cuts","Venomology+1"],"picked":"Corpse Explosion+1","floor":16},{"not_picked":["Bouncing Flask+1","Caltrops"],"picked":"Acrobatics+1","floor":18},{"not_picked":["Quick Slash","Underhanded Strike","Dodge and Roll+1"],"picked":"SKIP","floor":19},{"not_picked":["Heel Hook","Backstab","Slice+1"],"picked":"SKIP","floor":20},{"not_picked":["Acrobatics+1","Bane+1"],"picked":"Calculated Gamble+1","floor":23},{"not_picked":["Deadly Poison+1","Deflect+1","Catalyst+1"],"picked":"SKIP","floor":25},{"not_picked":["Underhanded Strike","Skewer+1"],"picked":"Reflex+1","floor":28},{"not_picked":["Infinite Blades","Dodge and Roll+1","Underhanded Strike"],"picked":"SKIP","floor":29},{"not_picked":["Dodge and Roll+1","Underhanded Strike","Die Die Die"],"picked":"SKIP","floor":31},{"not_picked":["Flying Knee","Sucker Punch","Bouncing Flask+1"],"picked":"SKIP","floor":35},{"not_picked":["Poisoned Stab","Deadly Poison+1","Catalyst+1"],"picked":"SKIP","floor":36},{"not_picked":["Quick Slash+1","PiercingWail+1","Dagger Throw+1"],"picked":"SKIP","floor":41},{"not_picked":["Heel Hook+1","Acrobatics+1","Footwork+1"],"picked":"SKIP","floor":42},{"not_picked":["Dash","Underhanded Strike","Heel Hook"],"picked":"SKIP","floor":44},{"not_picked":["Slice","Quick Slash","Blade Dance+1"],"picked":"SKIP","floor":46},{"not_picked":["Choke","Catalyst+1","Masterful Stab"],"picked":"SKIP","floor":55}],"player_experience":974979,"relics_obtained":[{"floor":6.0,"key":"Toxic Egg 2"},{"floor":9.0,"key":"Kunai"},{"floor":14.0,"key":"Shuriken"},{"floor":23,"key":"Boot"},{"floor":26,"key":"Lantern"},{"floor":28,"key":"Snake Skull"},{"floor":31,"key":"War Paint"},{"floor":41,"key":"Strawberry"},{"floor":44,"key":"Bronze Scales"},{"floor":46,"key":"Mercury Hourglass"},{"floor":55,"key":"Bag of Marbles"}],"event_choices":[{"damage_healed":0.0,"max_hp_gain":0.0,"max_hp_loss":0.0,"gold_gain":75.0,"event_name":"World of Goop","player_choice":"Gather Gold","floor":2.0,"gold_loss":0.0,"damage_taken":11.0},{"damage_healed":0.0,"max_hp_gain":5.0,"max_hp_loss":0.0,"gold_gain":0.0,"event_name":"Big Fish","player_choice":"Donut","floor":4.0,"gold_loss":0.0,"damage_taken":0.0},{"cards_removed":["Strike_G"],"damage_healed":0.0,"max_hp_gain":0.0,"max_hp_loss":0.0,"gold_gain":0.0,"event_name":"Bonfire Elementals","player_choice":"Offered Basic","floor":5.0,"gold_loss":0.0,"damage_taken":0.0},{"cards_removed":["Defend_G"],"damage_healed":0,"gold_gain":0,"player_choice":"Upgrade and Remove","damage_taken":0,"max_hp_gain":0,"max_hp_loss":0,"event_name":"Designer","floor":21,"gold_loss":110,"cards_upgraded":["Defend_G"]},{"cards_removed":["Well Laid Plans"],"damage_healed":0,"gold_gain":0,"player_choice":"Removed Power","damage_taken":0,"max_hp_gain":0,"max_hp_loss":0,"event_name":"Falling","floor":38,"gold_loss":0},{"damage_healed":0,"gold_gain":0,"player_choice":"Memory 3","damage_taken":10,"max_hp_gain":0,"max_hp_loss":0,"event_name":"SensoryStone","floor":39,"gold_loss":0},{"damage_healed":0,"gold_gain":0,"player_choice":"Ignored","damage_taken":0,"max_hp_gain":0,"max_hp_loss":0,"event_name":"Tomb of Lord Red Mask","floor":45,"gold_loss":0},{"damage_healed":0,"gold_gain":0,"player_choice":"Max HP","damage_taken":0,"max_hp_gain":0,"max_hp_loss":4,"event_name":"Winding Halls","floor":47,"gold_loss":0},{"damage_healed":0,"gold_gain":0,"player_choice":"Ignored","damage_taken":0,"max_hp_gain":0,"max_hp_loss":0,"event_name":"Duplicator","floor":48,"gold_loss":0}],"is_beta":false,"boss_relics":[{"not_picked":["Calling Bell","Snecko Eye"],"picked":"Empty Cage"},{"not_picked":["Fusion Hammer","White Beast Statue"],"picked":"Coffee Dripper"}],"items_purged_floors":[3,13,30,54],"is_endless":false,"potions_floor_spawned":[6,7,12,16,19,23,25,36,42],"ascension_level":20}