{"gold_per_floor":[117,77,93,110,128,128,161,161,161,161,181,192,192,219,219,317,317,331,9,9,27,27,59,59,59],"floor_reached":25,"playtime":3702,"items_purged":[],"score":221,"play_id":"ed9dbba3-b779-40b7-9811-1384395a0bc5","local_time":"20190107112550","is_ascension_mode":false,"campfire_choices":[{"data":"Survivor","floor":6,"key":"SMITH"},{"floor":8,"key":"REST"},{"floor":10,"key":"REST"},{"floor":15,"key":"REST"},{"floor":24,"key":"REST"}],"neow_cost":"NONE","seed_source_timestamp":175675449033640,"circlet_count":0,"master_deck":["Defend_G+1","Defend_G","Defend_G+1","Defend_G","Defend_G","Strike_G","Strike_G","Strike_G","Strike_G","Survivor+1","Neutralize","Acrobatics","Catalyst","Flying Knee","PiercingWail","Poisoned Stab","Poisoned Stab","PiercingWail","Crippling Poison","Malaise","Prepared+1","Caltrops+1","Prepared","Predator+1","After Image+1"],"relics":["Ring of the Snake","PreservedInsect","War Paint","Omamori","Philosopher\u0027s Stone","Lee\u0027s Waffle","Frozen Egg 2"],"potions_floor_usage":[7,16],"damage_taken":[{"damage":0,"enemies":"2 Louse","floor":1,"turns":3},{"damage":7,"enemies":"Jaw Worm","floor":3,"turns":9},{"damage":2,"enemies":"Small Slimes","floor":4,"turns":6},{"damage":0,"enemies":"Looter","floor":5,"turns":4},{"damage":54,"enemies":"Gremlin Nob","floor":7,"turns":6},{"damage":3,"enemies":"Exordium Wildlife","floor":11,"turns":4},{"damage":1,"enemies":"Blue Slaver","floor":12,"turns":5},{"damage":75,"enemies":"Slime Boss","floor":16,"turns":15},{"damage":39,"enemies":"3 Byrds","floor":18,"turns":7},{"damage":23,"enemies":"Spheric Guardian","floor":21,"turns":6},{"damage":23,"enemies":"Book of Stabbing","floor":23,"turns":4},{"damage":67,"enemies":"Gremlin Leader","floor":25,"turns":8}],"seed_played":"5234345322975929340","potions_obtained":[{"floor":1,"key":"LiquidBronze"},{"floor":5,"key":"LiquidBronze"},{"floor":16,"key":"SkillPotion"}],"is_trial":false,"path_per_floor":["M","$","M","M","M","R","E","R","T","R","M","M","?","T","R","B",null,"M","$","?","M","$","E","R","E"],"character_chosen":"THE_SILENT","items_purchased":["Catalyst","Caltrops","Lee\u0027s Waffle","Prepared"],"campfire_rested":4,"item_purchase_floors":[2,19,19,19],"current_hp_per_floor":[77,77,70,68,68,68,14,37,37,60,57,56,56,56,77,2,77,38,84,84,61,61,38,63,0],"gold":59,"neow_bonus":"TEN_PERCENT_HP_BONUS","is_prod":false,"is_daily":false,"chose_seed":false,"campfire_upgraded":1,"win_rate":0.0,"timestamp":1546889150,"path_taken":["M","$","M","M","M","R","E","R","T","R","M","M","?","?","R","BOSS","M","$","?","M","$","E","R","E"],"build_version":"2019-01-03v4","purchased_purges":0,"victory":false,"max_hp_per_floor":[77,77,77,77,77,77,77,77,77,77,77,77,77,77,77,77,77,77,84,84,84,84,84,84,84],"card_choices":[{"not_picked":["Bouncing Flask","Catalyst"],"picked":"Acrobatics","floor":1},{"not_picked":["Prepared","Quick Slash"],"picked":"Flying Knee","floor":3},{"not_picked":["Deflect","Flying Knee"],"picked":"PiercingWail","floor":4},{"not_picked":["Footwork","Dagger Throw"],"picked":"Poisoned Stab","floor":5},{"not_picked":["Prepared","Outmaneuver"],"picked":"Poisoned Stab","floor":7},{"not_picked":["Underhanded Strike","Outmaneuver"],"picked":"PiercingWail","floor":11},{"not_picked":["Unload","Escape Plan"],"picked":"Crippling Poison","floor":12},{"not_picked":["Glass Knife","Wraith Form v2"],"picked":"Malaise","floor":16},{"not_picked":["Sucker Punch","PiercingWail"],"picked":"Prepared+1","floor":18},{"not_picked":["Slice","Deadly Poison"],"picked":"Predator+1","floor":21},{"not_picked":["Sucker Punch+1","Outmaneuver"],"picked":"After Image","floor":23}],"player_experience":111685,"relics_obtained":[{"floor":7,"key":"PreservedInsect"},{"floor":9,"key":"War Paint"},{"floor":14,"key":"Omamori"},{"floor":23,"key":"Frozen Egg 2"}],"event_choices":[{"cards_removed":["Strike_G"],"damage_healed":0,"gold_gain":0,"player_choice":"Forget","damage_taken":0,"max_hp_gain":0,"max_hp_loss":0,"event_name":"Living Wall","floor":13,"gold_loss":0},{"damage_healed":0,"gold_gain":0,"player_choice":"Forge","damage_taken":0,"max_hp_gain":0,"max_hp_loss":0,"event_name":"Accursed Blacksmith","floor":20,"gold_loss":0,"cards_upgraded":["Caltrops"]}],"is_beta":false,"boss_relics":[{"not_picked":["Sozu","Coffee Dripper"],"picked":"Philosopher\u0027s Stone"}],"items_purged_floors":[],"is_endless":false,"potions_floor_spawned":[1,5,16],"killed_by":"Gremlin Leader","ascension_level":0}