{"gold_per_floor":[119,130,130,146,146,146,163,163,186,16,16,50,64,89,89,168,168,183,15,33,33,43,43,59,59,136,146,146,71,84,84,84,156,156,171,71,0,16,26,26],"floor_reached":40,"playtime":1263,"items_purged":["Defend_G","Defend_G"],"score":946,"play_id":"168beb8e-87da-4045-921d-94064314a10b","local_time":"20190811034112","is_ascension_mode":true,"campfire_choices":[{"data":"Strike_G","floor":6.0,"key":"PURGE"},{"data":"Strike_G","floor":8.0,"key":"PURGE"},{"data":"Bouncing Flask","floor":11.0,"key":"SMITH"},{"data":"Neutralize","floor":15.0,"key":"SMITH"},{"data":"Tactician","floor":23.0,"key":"SMITH"},{"data":"Strike_G","floor":25.0,"key":"PURGE"},{"data":"Strike_G","floor":28.0,"key":"PURGE"},{"data":"Expertise","floor":32.0,"key":"SMITH"}],"neow_cost":"PERCENT_DAMAGE","seed_source_timestamp":399899501911822,"circlet_count":0,"master_deck":["AscendersBane","Defend_G","Defend_G+1","Defend_G","Survivor","Neutralize+1","Masterful Stab","Terror+1","Heel Hook","Bouncing Flask+1","Footwork","Caltrops","Reflex","Grand Finale","Backflip","Tactician+1","Expertise+1","Prepared"],"special_seed":0,"relics":["Ring of the Snake","Peace Pipe","War Paint","PreservedInsect","Boot","Calling Bell","Ancient Tea Set","Kunai","Tough Bandages","Bag of Preparation","Omamori","Ornamental Fan","Black Star","Red Mask"],"potions_floor_usage":[40,40],"damage_taken":[{"damage":0.0,"enemies":"2 Louse","floor":1.0,"turns":4.0},{"damage":0.0,"enemies":"Cultist","floor":2.0,"turns":3.0},{"damage":1.0,"enemies":"Small Slimes","floor":4.0,"turns":5.0},{"damage":3.0,"enemies":"3 Louse","floor":7.0,"turns":5.0},{"damage":19.0,"enemies":"3 Sentries","floor":12.0,"turns":11.0},{"damage":4.0,"enemies":"Large Slime","floor":13.0,"turns":7.0},{"damage":0.0,"enemies":"Lagavulin","floor":14.0,"turns":5.0},{"damage":0.0,"enemies":"Hexaghost","floor":16.0,"turns":8.0},{"damage":14.0,"enemies":"Spheric Guardian","floor":18.0,"turns":5.0},{"damage":10.0,"enemies":"Shell Parasite","floor":20.0,"turns":5.0},{"damage":0.0,"enemies":"Snecko","floor":22.0,"turns":3.0},{"damage":6.0,"enemies":"3 Cultists","floor":24.0,"turns":3.0},{"damage":0.0,"enemies":"Snake Plant","floor":27.0,"turns":3.0},{"damage":0.0,"enemies":"Cultist and Chosen","floor":30.0,"turns":2.0},{"damage":13.0,"enemies":"Champ","floor":33.0,"turns":12.0},{"damage":0.0,"enemies":"Orb Walker","floor":35.0,"turns":5.0},{"damage":3.0,"enemies":"3 Darklings","floor":38.0,"turns":3.0},{"damage":13.0,"enemies":"Writhing Mass","floor":39.0,"turns":6.0},{"damage":28,"enemies":"Nemesis","floor":40,"turns":6}],"seed_played":"6286552480887485947","potions_obtained":[{"floor":5.0,"key":"Ancient Potion"},{"floor":5.0,"key":"GamblersBrew"},{"floor":7.0,"key":"PowerPotion"},{"floor":12.0,"key":"SpeedPotion"},{"floor":16.0,"key":"LiquidBronze"},{"floor":18.0,"key":"PowerPotion"},{"floor":22.0,"key":"EssenceOfSteel"},{"floor":30.0,"key":"SpeedPotion"},{"floor":33.0,"key":"EssenceOfSteel"}],"is_trial":false,"path_per_floor":["M","M","?","M","?","R","M","R","T","$","R","E","M","E","R","B",null,"M","$","M","?","M","R","M","R","T","M","R","$","M","?","R","B",null,"M","$","?","M","M","E"],"character_chosen":"THE_SILENT","items_purchased":["Bouncing Flask","Footwork","Bag of Preparation"],"campfire_rested":0,"item_purchase_floors":[10,10,19],"current_hp_per_floor":[44,44,44,43,43,43,40,40,40,40,40,21,17,17,17,17,54,40,40,30,30,30,30,24,24,24,24,24,24,24,24,24,11,52,52,52,52,49,36,8],"gold":26,"neow_bonus":"ONE_RARE_RELIC","is_prod":false,"is_daily":false,"chose_seed":false,"campfire_upgraded":4,"win_rate":0,"timestamp":1565462472,"path_taken":["M","M","?","?","?","R","?","R","T","$","R","E","M","E","R","BOSS","M","$","M","?","M","R","?","R","T","M","R","$","?","?","R","BOSS","M","$","?","M","M","E"],"build_version":"2019-07-17","purchased_purges":2,"victory":false,"max_hp_per_floor":[66,66,66,66,66,66,66,66,66,66,66,66,66,66,66,66,66,66,66,66,66,66,66,66,66,66,66,66,66,66,66,66,66,66,66,66,66,66,66,66],"card_choices":[{"not_picked":["Backflip","Dagger Spray"],"picked":"Masterful Stab","floor":1.0},{"not_picked":["Slice","Poisoned Stab"],"picked":"Terror","floor":2.0},{"not_picked":["Bullet Time","Skewer","Heel Hook"],"picked":"SKIP","floor":4.0},{"not_picked":["Bullet Time","Skewer"],"picked":"Heel Hook","floor":4.0},{"not_picked":["Terror","Dagger Throw","Outmaneuver"],"picked":"SKIP","floor":7.0},{"not_picked":["Infinite Blades","Skewer","Quick Slash"],"picked":"SKIP","floor":12.0},{"not_picked":["Infinite Blades","Skewer","Quick Slash"],"picked":"SKIP","floor":12.0},{"not_picked":["Caltrops","Quick Slash","Setup"],"picked":"SKIP","floor":13.0},{"not_picked":["Quick Slash","Setup"],"picked":"Caltrops","floor":13.0},{"not_picked":["Dagger Throw","Deflect"],"picked":"Reflex","floor":14.0},{"not_picked":["Corpse Explosion","Malaise"],"picked":"Grand Finale","floor":16.0},{"not_picked":["Deadly Poison","Bane"],"picked":"Backflip","floor":18.0},{"not_picked":["Heel Hook","Choke"],"picked":"Tactician","floor":20.0},{"not_picked":["Skewer","Infinite Blades","Flying Knee"],"picked":"SKIP","floor":22.0},{"not_picked":["Underhanded Strike","Bane","Deadly Poison"],"picked":"SKIP","floor":24.0},{"not_picked":["Underhanded Strike","Bane","Deadly Poison"],"picked":"SKIP","floor":24.0},{"not_picked":["Flying Knee","Underhanded Strike","Infinite Blades"],"picked":"SKIP","floor":27.0},{"not_picked":["Riddle With Holes","Accuracy"],"picked":"Expertise","floor":30.0},{"not_picked":["Blade Dance","Dagger Throw+1","Bane+1"],"picked":"SKIP","floor":35.0},{"not_picked":["Backflip+1","Terror"],"picked":"Prepared","floor":38.0},{"not_picked":["Underhanded Strike","Footwork+1","Outmaneuver"],"picked":"SKIP","floor":39.0}],"player_experience":847261,"relics_obtained":[{"floor":9.0,"key":"War Paint"},{"floor":12.0,"key":"PreservedInsect"},{"floor":14.0,"key":"Boot"},{"floor":17.0,"key":"Ancient Tea Set"},{"floor":17.0,"key":"Kunai"},{"floor":17.0,"key":"Tough Bandages"},{"floor":26.0,"key":"Ornamental Fan"}],"event_choices":[{"cards_removed":["Strike_G"],"damage_healed":0.0,"max_hp_gain":0.0,"max_hp_loss":0.0,"gold_gain":0.0,"event_name":"Bonfire Elementals","player_choice":"Offered Basic","floor":3.0,"gold_loss":0.0,"damage_taken":0.0},{"damage_healed":0.0,"max_hp_gain":0.0,"max_hp_loss":0.0,"gold_gain":0.0,"event_name":"Lab","player_choice":"Got Potions","floor":5.0,"gold_loss":0.0,"damage_taken":0.0},{"damage_healed":0.0,"max_hp_gain":0.0,"max_hp_loss":0.0,"gold_gain":0.0,"event_name":"WeMeetAgain","player_choice":"Gave Potion","floor":21.0,"gold_loss":0.0,"damage_taken":0.0,"relics_obtained":["Omamori"]},{"damage_healed":0.0,"max_hp_gain":0.0,"max_hp_loss":0.0,"gold_gain":0.0,"event_name":"Tomb of Lord Red Mask","player_choice":"Paid","floor":37.0,"gold_loss":71.0,"damage_taken":0.0,"relics_obtained":["Red Mask"]}],"is_beta":false,"boss_relics":[{"not_picked":["Velvet Choker","Sozu"],"picked":"Calling Bell"},{"not_picked":["Coffee Dripper","Cursed Key"],"picked":"Black Star"}],"items_purged_floors":[29,36],"is_endless":false,"potions_floor_spawned":[7,12,13,16,18,22,30,33,38,39],"killed_by":"Nemesis","ascension_level":20}