{"gold_per_floor":[116,133,151,151,101,126,126,156,156,156,168,178,194,122,122,220,220,230,248,173,173,190,220,231,231,231,231,251,268,268,24,24,24],"floor_reached":33,"playtime":13487,"items_purged":["Strike_R","Injury"],"score":279,"play_id":"ec4f9faf-db2e-41f6-9d7f-07785715f3ec","local_time":"20190919220856","is_ascension_mode":false,"campfire_choices":[{"floor":7,"key":"REST"},{"data":"Armaments","floor":10,"key":"SMITH"},{"data":"Uppercut","floor":15,"key":"SMITH"},{"floor":25,"key":"REST"},{"floor":30,"key":"REST"},{"data":"Spot Weakness","floor":32,"key":"SMITH"}],"neow_cost":"NONE","seed_source_timestamp":1992616674479500,"circlet_count":0,"master_deck":["Strike_R","Strike_R","Defend_R","Defend_R","Defend_R","Defend_R","Bash+1","Uppercut+1","Shrug It Off","Armaments+1","Twin Strike","Shrug It Off","Cleave","Shrug It Off+1","Flex+1","Spot Weakness+1","Clash+1","Clash"],"relics":["Burning Blood","Pear","Smiling Mask","Matryoshka","Cursed Key","Ornamental Fan","Orichalcum","Nunchaku","Potion Belt"],"potions_floor_usage":[16,19,19,28,33,33,33],"damage_taken":[{"damage":0,"enemies":"Small Slimes","floor":1,"turns":3},{"damage":0,"enemies":"2 Louse","floor":2,"turns":2},{"damage":1,"enemies":"Cultist","floor":3,"turns":4},{"damage":40,"enemies":"3 Sentries","floor":6,"turns":12},{"damage":22,"enemies":"Gremlin Nob","floor":8,"turns":4},{"damage":2,"enemies":"Blue Slaver","floor":11,"turns":5},{"damage":12,"enemies":"Large Slime","floor":12,"turns":6},{"damage":0,"enemies":"Exordium Wildlife","floor":13,"turns":3},{"damage":40,"enemies":"The Guardian","floor":16,"turns":18},{"damage":16,"enemies":"Spheric Guardian","floor":18,"turns":6},{"damage":12,"enemies":"3 Byrds","floor":19,"turns":7},{"damage":8,"enemies":"Cultist and Chosen","floor":22,"turns":6},{"damage":17,"enemies":"Book of Stabbing","floor":23,"turns":5},{"damage":17,"enemies":"Centurion and Healer","floor":24,"turns":7},{"damage":22,"enemies":"Chosen and Byrds","floor":28,"turns":5},{"damage":16,"enemies":"Snecko","floor":29,"turns":6},{"damage":79,"enemies":"Automaton","floor":33,"turns":6}],"seed_played":"4927268907842417448","potions_obtained":[{"floor":2,"key":"Swift Potion"},{"floor":12,"key":"EssenceOfSteel"},{"floor":13,"key":"GamblersBrew"},{"floor":16,"key":"SpeedPotion"},{"floor":18,"key":"Weak Potion"},{"floor":24,"key":"AttackPotion"},{"floor":27,"key":"SkillPotion"}],"is_trial":false,"path_per_floor":["M","M","M","?","$","E","R","E","T","R","M","M","M","$","R","B",null,"M","M","?","?","M","E","M","R","T","?","M","M","R","$","R","B"],"character_chosen":"IRONCLAD","items_purchased":["Armaments","Cleave","Potion Belt","AttackPotion"],"campfire_rested":3,"item_purchase_floors":[5,14,31,31],"current_hp_per_floor":[80,80,80,73,73,49,76,60,60,60,64,58,64,64,64,30,90,80,74,74,74,72,61,50,77,77,77,61,51,78,78,78,0],"gold":24,"neow_bonus":"UPGRADE_CARD","is_prod":false,"is_daily":false,"chose_seed":false,"campfire_upgraded":3,"win_rate":0,"timestamp":1568945336,"path_taken":["M","M","M","?","$","E","R","E","T","R","M","M","M","$","R","BOSS","M","M","?","?","M","E","M","R","T","?","M","M","R","$","R","BOSS"],"build_version":"2019-07-17","purchased_purges":2,"victory":false,"max_hp_per_floor":[80,80,80,80,80,90,90,90,90,90,90,90,90,90,90,90,90,90,90,90,90,90,90,90,90,90,90,90,90,90,90,90,90],"card_choices":[{"not_picked":["Anger","Perfected Strike"],"picked":"Uppercut","floor":1},{"not_picked":["Iron Wave","Dual Wield"],"picked":"Shrug It Off","floor":2},{"not_picked":["Sword Boomerang","Shockwave","Wild Strike"],"picked":"SKIP","floor":3},{"not_picked":["Reckless Charge","Entrench"],"picked":"Twin Strike","floor":6},{"not_picked":["Warcry","Juggernaut","Whirlwind"],"picked":"SKIP","floor":8},{"not_picked":["Flex","Hemokinesis","Heavy Blade"],"picked":"SKIP","floor":11},{"not_picked":["Clothesline","Warcry","Blood for Blood"],"picked":"SKIP","floor":12},{"not_picked":["Heavy Blade","True Grit"],"picked":"Shrug It Off","floor":13},{"not_picked":["Seeing Red+1","Havoc"],"picked":"Shrug It Off+1","floor":18},{"not_picked":["True Grit","Carnage+1"],"picked":"Flex+1","floor":19},{"not_picked":["Whirlwind","Metallicize"],"picked":"Spot Weakness","floor":22},{"not_picked":["Rampage+1","Uppercut"],"picked":"Clash+1","floor":23},{"not_picked":["Sever Soul","Body Slam"],"picked":"Clash","floor":24},{"not_picked":["True Grit","Shrug It Off","Warcry"],"picked":"SKIP","floor":28},{"not_picked":["Disarm","Headbutt","Body Slam+1"],"picked":"SKIP","floor":29}],"player_experience":103454,"relics_obtained":[{"floor":6,"key":"Pear"},{"floor":8,"key":"Smiling Mask"},{"floor":9,"key":"Matryoshka"},{"floor":23,"key":"Ornamental Fan"},{"floor":26,"key":"Orichalcum"},{"floor":26,"key":"Nunchaku"}],"event_choices":[{"cards_removed":["Strike_R"],"damage_healed":0,"gold_gain":0,"player_choice":"Card Removal","damage_taken":7,"max_hp_gain":0,"max_hp_loss":0,"event_name":"Golden Wing","floor":4,"gold_loss":0},{"cards_removed":["Strike_R"],"damage_healed":0,"gold_gain":0,"player_choice":"Gave Gold","damage_taken":0,"max_hp_gain":0,"max_hp_loss":0,"event_name":"Beggar","floor":20,"gold_loss":75},{"damage_healed":0,"gold_gain":0,"player_choice":"Ignored","damage_taken":0,"max_hp_gain":0,"max_hp_loss":0,"event_name":"Ghosts","floor":21,"gold_loss":0},{"damage_healed":0,"gold_gain":0,"player_choice":"Got Potions","damage_taken":0,"max_hp_gain":0,"max_hp_loss":0,"event_name":"Lab","floor":27,"gold_loss":0}],"is_beta":false,"boss_relics":[{"not_picked":["Empty Cage","Coffee Dripper"],"picked":"Cursed Key"}],"items_purged_floors":[14,31],"is_endless":false,"potions_floor_spawned":[2,12,13,16,18,24],"killed_by":"Automaton","ascension_level":0}