{"gold_per_floor":[117,117,42,42,63,99,99,123,200,218,12,36,70,94,94,189,189,214,12,28,49,49,49,62,62,134,153,153,173,191,191,191,282,282,302,316,131,131,150,188,188,206,206,247,271,62,83,107,107,107,107],"floor_reached":52,"playtime":2653,"items_purged":["Strike_G","Strike_G","Strike_G","Defend_G","Defend_G"],"score":2460,"play_id":"3454e2d0-cb94-4946-a93c-c791164632bf","local_time":"20190914190356","is_ascension_mode":true,"campfire_choices":[{"data":"Bouncing Flask","floor":7.0,"key":"SMITH"},{"data":"Catalyst","floor":15.0,"key":"SMITH"},{"data":"Well Laid Plans","floor":23.0,"key":"SMITH"},{"data":"Calculated Gamble","floor":25.0,"key":"SMITH"},{"data":"Reflex","floor":28.0,"key":"SMITH"},{"data":"Acrobatics","floor":32.0,"key":"SMITH"},{"data":"Tactician","floor":41.0,"key":"SMITH"},{"data":"Neutralize","floor":49.0,"key":"SMITH"}],"neow_cost":"NONE","seed_source_timestamp":0,"circlet_count":0,"master_deck":["AscendersBane","Defend_G","Defend_G","Defend_G","Survivor","Neutralize+1","Backstab","Bouncing Flask+1","Catalyst+1","Well Laid Plans+1","After Image","Adrenaline","Acrobatics+1","Calculated Gamble+1","Reflex+1","Prepared+1","Writhe","Tactician+1","Adrenaline","Footwork+1"],"special_seed":0,"relics":["Ring of the Snake","NeowsBlessing","Golden Idol","Snake Skull","The Courier","Bag of Preparation","HoveringKite","Orichalcum","Sundial","Blue Candle","Empty Cage","Frozen Egg 2","Akabeko","Molten Egg 2"],"potions_floor_usage":[],"damage_taken":[{"damage":0.0,"enemies":"Small Slimes","floor":1.0,"turns":1.0},{"damage":0.0,"enemies":"Jaw Worm","floor":5.0,"turns":1.0},{"damage":0.0,"enemies":"3 Sentries","floor":6.0,"turns":1.0},{"damage":0.0,"enemies":"Cultist","floor":8.0,"turns":2.0},{"damage":0.0,"enemies":"Gremlin Gang","floor":10.0,"turns":5.0},{"damage":4.0,"enemies":"2 Fungi Beasts","floor":12.0,"turns":2.0},{"damage":11.0,"enemies":"Gremlin Nob","floor":13.0,"turns":3.0},{"damage":0.0,"enemies":"Red Slaver","floor":14.0,"turns":3.0},{"damage":0.0,"enemies":"The Guardian","floor":16.0,"turns":5.0},{"damage":3.0,"enemies":"Shell Parasite","floor":18.0,"turns":3.0},{"damage":2.0,"enemies":"3 Byrds","floor":20.0,"turns":5.0},{"damage":1.0,"enemies":"Snecko","floor":21.0,"turns":4.0},{"damage":8.0,"enemies":"Centurion and Healer","floor":24.0,"turns":5.0},{"damage":2.0,"enemies":"Shelled Parasite and Fungi","floor":27.0,"turns":6.0},{"damage":0.0,"enemies":"Snake Plant","floor":29.0,"turns":2.0},{"damage":13.0,"enemies":"3 Cultists","floor":30.0,"turns":4.0},{"damage":2.0,"enemies":"Champ","floor":33.0,"turns":5.0},{"damage":1.0,"enemies":"Orb Walker","floor":35.0,"turns":2.0},{"damage":28.0,"enemies":"3 Darklings","floor":36.0,"turns":3.0},{"damage":1.0,"enemies":"Transient","floor":39.0,"turns":6.0},{"damage":2.0,"enemies":"Giant Head","floor":40.0,"turns":4.0},{"damage":7.0,"enemies":"4 Shapes","floor":42.0,"turns":4.0},{"damage":2.0,"enemies":"Nemesis","floor":44.0,"turns":3.0},{"damage":2.0,"enemies":"Spire Growth","floor":45.0,"turns":2.0},{"damage":1.0,"enemies":"Jaw Worm Horde","floor":47.0,"turns":2.0},{"damage":2.0,"enemies":"Transient","floor":48.0,"turns":6.0},{"damage":2.0,"enemies":"Awakened One","floor":50.0,"turns":6.0},{"damage":1,"enemies":"Time Eater","floor":51,"turns":4}],"seed_played":"-84604079296015819","potions_obtained":[{"floor":4.0,"key":"PowerPotion"},{"floor":4.0,"key":"Weak Potion"},{"floor":10.0,"key":"FearPotion"},{"floor":12.0,"key":"Energy Potion"},{"floor":14.0,"key":"GamblersBrew"},{"floor":20.0,"key":"Fire Potion"},{"floor":27.0,"key":"Fruit Juice"},{"floor":36.0,"key":"Ancient Potion"},{"floor":42.0,"key":"Regen Potion"}],"is_trial":false,"path_per_floor":["M","?","$","?","M","E","R","M","T","M","$","M","E","M","R","B",null,"M","$","M","M","?","R","M","R","T","M","R","M","M","?","R","B",null,"M","M","$","?","M","E","R","M","T","E","M","$","M","M","R","B","B",null],"character_chosen":"THE_SILENT","items_purchased":["Catalyst","Well Laid Plans","Acrobatics","Calculated Gamble","Tactician","GhostInAJar"],"campfire_rested":0,"item_purchase_floors":[11,11,19,19,37,46],"current_hp_per_floor":[59,59,59,59,59,59,59,59,59,59,59,55,44,44,44,44,56,53,53,51,50,50,50,42,42,42,45,45,45,32,32,32,30,56,55,27,27,27,26,24,24,17,17,27,25,25,24,22,22,20,19],"gold":107,"neow_bonus":"THREE_ENEMY_KILL","is_prod":false,"is_daily":false,"chose_seed":false,"campfire_upgraded":8,"win_rate":0,"timestamp":1568459036,"path_taken":["M","?","$","?","M","E","R","?","T","M","$","?","E","M","R","BOSS","M","$","M","M","?","R","M","R","T","M","R","M","?","?","R","BOSS","M","M","$","?","M","E","R","M","T","E","M","$","?","M","R","BOSS","BOSS"],"build_version":"2019-09-12","purchased_purges":5,"victory":true,"max_hp_per_floor":[66,60,60,60,60,60,60,60,60,60,60,60,60,60,60,60,60,60,60,60,60,60,60,60,60,60,65,65,65,65,65,65,65,65,65,65,65,65,65,65,65,65,65,65,65,65,65,65,65,65,65],"card_choices":[{"not_picked":["Prepared","Sucker Punch","Bane"],"picked":"SKIP","floor":1.0},{"not_picked":["Leg Sweep","Choke"],"picked":"Backstab","floor":5.0},{"not_picked":["Endless Agony","Distraction"],"picked":"Bouncing Flask","floor":6.0},{"not_picked":["Caltrops","Deflect","Bane"],"picked":"SKIP","floor":8.0},{"not_picked":["Prepared","Sucker Punch","Choke"],"picked":"SKIP","floor":10.0},{"not_picked":["Bouncing Flask","Choke","Sucker Punch"],"picked":"SKIP","floor":12.0},{"not_picked":["Deadly Poison","Riddle With Holes"],"picked":"PiercingWail","floor":13.0},{"not_picked":["Quick Slash","Sucker Punch"],"picked":"After Image","floor":14.0},{"not_picked":["Unload","Envenom"],"picked":"Adrenaline","floor":16.0},{"not_picked":["Dagger Spray","Flying Knee","Deadly Poison"],"picked":"SKIP","floor":18.0},{"not_picked":["Masterful Stab","Cloak And Dagger","Dagger Spray"],"picked":"SKIP","floor":20.0},{"not_picked":["Bane","Adrenaline","Dagger Throw"],"picked":"SKIP","floor":21.0},{"not_picked":["PiercingWail+1","Choke"],"picked":"Reflex","floor":24.0},{"not_picked":["Bane","Well Laid Plans"],"picked":"Prepared+1","floor":27.0},{"not_picked":["Bane","Quick Slash","Slice"],"picked":"SKIP","floor":29.0},{"not_picked":["Blur","Flying Knee","Poisoned Stab"],"picked":"SKIP","floor":30.0},{"not_picked":["Prepared","Quick Slash","Well Laid Plans+1"],"picked":"SKIP","floor":35.0},{"not_picked":["Accuracy","Catalyst","Underhanded Strike"],"picked":"SKIP","floor":36.0},{"not_picked":["Skewer","Quick Slash+1","Deflect"],"picked":"SKIP","floor":39.0},{"not_picked":["Bane","Dodge and Roll+1","Accuracy+1"],"picked":"SKIP","floor":40.0},{"not_picked":["Noxious Fumes+1","Deflect+1","Calculated Gamble"],"picked":"SKIP","floor":42.0},{"not_picked":["Crippling Poison","Dash+1","Calculated Gamble"],"picked":"SKIP","floor":44.0},{"not_picked":["Concentrate+1","Expertise+1","Slice+1"],"picked":"SKIP","floor":45.0},{"not_picked":["PiercingWail","Slice+1"],"picked":"Footwork+1","floor":47.0},{"not_picked":["Tactician+1","Quick Slash+1","After Image+1"],"picked":"SKIP","floor":48.0}],"player_experience":3299929,"relics_obtained":[{"floor":6.0,"key":"Snake Skull"},{"floor":9.0,"key":"The Courier"},{"floor":13.0,"key":"Bag of Preparation"},{"floor":26.0,"key":"Sundial"},{"floor":40.0,"key":"Frozen Egg 2"},{"floor":43.0,"key":"Akabeko"},{"floor":44.0,"key":"Molten Egg 2"}],"event_choices":[{"damage_healed":0.0,"max_hp_gain":0.0,"max_hp_loss":6.0,"gold_gain":0.0,"event_name":"Golden Idol","player_choice":"Lose Max HP","floor":2.0,"gold_loss":0.0,"damage_taken":0.0,"relics_obtained":["Golden Idol"]},{"damage_healed":0.0,"max_hp_gain":0.0,"max_hp_loss":0.0,"gold_gain":0.0,"event_name":"Lab","player_choice":"Got Potions","floor":4.0,"gold_loss":0.0,"damage_taken":0.0},{"cards_removed":["PiercingWail"],"damage_healed":0.0,"max_hp_gain":0.0,"max_hp_loss":0.0,"gold_gain":0.0,"event_name":"WeMeetAgain","player_choice":"Gave Card","floor":22.0,"gold_loss":0.0,"damage_taken":0.0,"relics_obtained":["Orichalcum"]},{"damage_healed":0.0,"max_hp_gain":0.0,"max_hp_loss":0.0,"gold_gain":0.0,"event_name":"The Mausoleum","player_choice":"Opened","floor":31.0,"gold_loss":0.0,"damage_taken":0.0,"relics_obtained":["Blue Candle"],"cards_obtained":["Writhe"]},{"damage_healed":0.0,"max_hp_gain":0.0,"max_hp_loss":0.0,"gold_gain":0.0,"event_name":"Duplicator","player_choice":"Copied","floor":38.0,"gold_loss":0.0,"damage_taken":0.0,"cards_obtained":["Adrenaline"]}],"is_beta":true,"boss_relics":[{"not_picked":["Black Star","Fusion Hammer"],"picked":"HoveringKite"},{"not_picked":["Astrolabe","Velvet Choker"],"picked":"Empty Cage"}],"items_purged_floors":[3,11,19,37,46],"is_endless":false,"potions_floor_spawned":[10,12,13,14,20,24,27,36,40,42,48],"ascension_level":20}