{"gold_per_floor":[110,126,48,67,67,67,96,112,162,162,19,19,19,19,19,19],"floor_reached":16,"playtime":1370,"items_purged":[],"score":98,"play_id":"c9f6f54b-e7cf-492c-8265-84b5c2688612","local_time":"20190916144821","is_ascension_mode":false,"campfire_choices":[{"data":"Protect","floor":6,"key":"SMITH"},{"floor":10,"key":"REST"},{"floor":15,"key":"REST"}],"neow_cost":"NONE","seed_source_timestamp":179718124359380,"circlet_count":0,"master_deck":["Strike_P","Strike_P","Strike_P","Defend_P","Defend_P","Defend_P","Defend_P","Eruption","Vigilance","CarveReality","ThirdEye","Protect+1","CutThroughFate","SashWhip","SpiritShield","Halt","TalkToTheHand"],"relics":["PureWater","Bottled Flame","Bag of Preparation","Toy Ornithopter"],"potions_floor_usage":[16],"damage_taken":[{"damage":6,"enemies":"Small Slimes","floor":1,"turns":5},{"damage":0,"enemies":"Cultist","floor":2,"turns":2},{"damage":0,"enemies":"2 Louse","floor":4,"turns":3},{"damage":29,"enemies":"3 Sentries","floor":7,"turns":10},{"damage":0,"enemies":"Large Slime","floor":8,"turns":4},{"damage":106,"enemies":"The Guardian","floor":16,"turns":22}],"seed_played":"5453402672145758851","potions_obtained":[{"floor":4,"key":"SpeedPotion"}],"is_trial":false,"path_per_floor":["M","M","$","M","?","R","E","M","T","R","$","$","?","?","R","B"],"character_chosen":"WATCHER","items_purchased":["Protect","CutThroughFate","Toy Ornithopter"],"campfire_rested":2,"item_purchase_floors":[3,3,11],"current_hp_per_floor":[65,65,65,65,65,65,36,36,36,57,57,57,57,57,71,0],"gold":19,"neow_bonus":"TEN_PERCENT_HP_BONUS","is_prod":false,"is_daily":false,"chose_seed":false,"campfire_upgraded":1,"win_rate":0.0,"timestamp":1568670501,"path_taken":["M","M","$","M","?","R","E","M","T","R","?","$","?","?","R","BOSS"],"build_version":"2019-09-16","purchased_purges":0,"victory":false,"max_hp_per_floor":[71,71,71,71,71,71,71,71,71,71,71,71,71,71,71,71],"card_choices":[{"not_picked":["BowlingBash","EmptyFist"],"picked":"CarveReality","floor":1},{"not_picked":["EmptyFist","SashWhip"],"picked":"ThirdEye","floor":2},{"not_picked":["Tantrum","CrushJoints"],"picked":"SashWhip","floor":4},{"not_picked":["FearNoEvil","FollowUp"],"picked":"Halt","floor":7},{"not_picked":["Crescendo","FlyingSleeves"],"picked":"TalkToTheHand","floor":8}],"player_experience":42659,"relics_obtained":[{"floor":7,"key":"Bottled Flame"},{"floor":9,"key":"Bag of Preparation"}],"event_choices":[{"damage_healed":0,"gold_gain":0,"cards_transformed":["Strike_P"],"player_choice":"Transformed","damage_taken":0,"max_hp_gain":0,"max_hp_loss":0,"event_name":"Transmorgrifier","floor":5,"gold_loss":0,"cards_obtained":["SpiritShield"]},{"damage_healed":0,"gold_gain":0,"player_choice":"Ignored","damage_taken":0,"max_hp_gain":0,"max_hp_loss":0,"event_name":"Golden Idol","floor":13,"gold_loss":0},{"damage_healed":0,"gold_gain":0,"player_choice":"Fled","damage_taken":0,"max_hp_gain":0,"max_hp_loss":0,"event_name":"Scrap Ooze","floor":14,"gold_loss":0}],"is_beta":true,"boss_relics":[],"items_purged_floors":[],"is_endless":false,"potions_floor_spawned":[4],"killed_by":"The Guardian","ascension_level":0}