{"gold_per_floor":[362,373,373,373,386,386,41,58,58,70,145,145,156,176,176,251,251,266,266,286,286,302,302,334,334,334,361,377,377,404,64,64,135,135,147,147,167,167,167,196,196,227,251,262,311,136,136,11,11,11,11,11,11,11,45,45],"floor_reached":57,"playtime":3597,"items_purged":["Strike_B","Strike_B","Defend_B"],"score":3166,"play_id":"d8d6b63d-5dce-48b9-88dc-a7c4b2cfa51d","local_time":"20190916154411","is_ascension_mode":true,"campfire_choices":[{"data":"Zap","floor":6.0,"key":"SMITH"},{"floor":12.0,"key":"REST"},{"floor":15.0,"key":"REST"},{"data":"Blizzard","floor":23.0,"key":"SMITH"},{"data":"Deep Breath","floor":25.0,"key":"SMITH"},{"data":"Turbo","floor":32.0,"key":"SMITH"},{"data":"Biased Cognition","floor":41.0,"key":"SMITH"},{"floor":47.0,"key":"DIG"},{"floor":49.0,"key":"RECALL"},{"floor":53.0,"key":"DIG"}],"neow_cost":"TEN_PERCENT_HP_LOSS","seed_source_timestamp":506935816871189,"circlet_count":0,"master_deck":["AscendersBane","Defend_B","Defend_B","Defend_B","Zap+1","Dualcast+1","Turbo+1","Blizzard+1","Compile Driver","Cold Snap","Skim+1","Deep Breath+1","Cold Snap","Skim+1","Compile Driver","Coolheaded+1","Seek+1","Auto Shields+1","Coolheaded+1","Turbo+1","Hologram+1","Biased Cognition+1","Self Repair","Ghostly+1","Ghostly+1","Ghostly+1","Reprogram+1","Purity+1","Multi-Cast+1","Chaos+1","Chaos+1","Deep Breath+1","Purity+1","Deep Breath+1","Turbo+1","Hologram+1","Redo+1","Fission+1","Double Energy+1"],"special_seed":0,"relics":["Cracked Core","Darkstone Periapt","MealTicket","Toxic Egg 2","Coffee Dripper","Kunai","Potion Belt","Boot","War Paint","OrangePellets","Nuclear Battery","Ancient Tea Set","Shovel","Anchor","Bottled Tornado","Vajra"],"potions_floor_usage":[56,56],"damage_taken":[{"damage":7.0,"enemies":"Jaw Worm","floor":1.0,"turns":3.0},{"damage":10.0,"enemies":"2 Louse","floor":2.0,"turns":3.0},{"damage":1.0,"enemies":"Cultist","floor":5.0,"turns":3.0},{"damage":14.0,"enemies":"Exordium Thugs","floor":8.0,"turns":6.0},{"damage":13.0,"enemies":"Gremlin Gang","floor":10.0,"turns":4.0},{"damage":6.0,"enemies":"3 Louse","floor":13.0,"turns":2.0},{"damage":12.0,"enemies":"2 Fungi Beasts","floor":14.0,"turns":3.0},{"damage":17.0,"enemies":"The Guardian","floor":16.0,"turns":15.0},{"damage":17.0,"enemies":"Chosen","floor":18.0,"turns":5.0},{"damage":11.0,"enemies":"Spheric Guardian","floor":20.0,"turns":4.0},{"damage":12.0,"enemies":"Chosen and Byrds","floor":22.0,"turns":7.0},{"damage":9.0,"enemies":"Book of Stabbing","floor":24.0,"turns":5.0},{"damage":0.0,"enemies":"Slavers","floor":27.0,"turns":4.0},{"damage":11.0,"enemies":"Snake Plant","floor":28.0,"turns":5.0},{"damage":0.0,"enemies":"Gremlin Leader","floor":30.0,"turns":9.0},{"damage":0.0,"enemies":"Automaton","floor":33.0,"turns":7.0},{"damage":0.0,"enemies":"3 Shapes","floor":35.0,"turns":3.0},{"damage":0.0,"enemies":"3 Darklings","floor":37.0,"turns":2.0},{"damage":0.0,"enemies":"Giant Head","floor":40.0,"turns":7.0},{"damage":0.0,"enemies":"Reptomancer","floor":42.0,"turns":4.0},{"damage":0.0,"enemies":"Sphere and 2 Shapes","floor":44.0,"turns":4.0},{"damage":11.0,"enemies":"2 Orb Walkers","floor":45.0,"turns":5.0},{"damage":0.0,"enemies":"Awakened One","floor":50.0,"turns":8.0},{"damage":25.0,"enemies":"Time Eater","floor":51.0,"turns":12.0},{"damage":18.0,"enemies":"Shield and Spear","floor":55.0,"turns":7.0},{"damage":9,"enemies":"The Heart","floor":56,"turns":9}],"seed_played":"5411736936987361858","potions_obtained":[{"floor":1.0,"key":"SpeedPotion"},{"floor":8.0,"key":"EssenceOfSteel"},{"floor":13.0,"key":"Swift Potion"},{"floor":16.0,"key":"DuplicationPotion"},{"floor":20.0,"key":"PowerPotion"},{"floor":27.0,"key":"SpeedPotion"},{"floor":28.0,"key":"Dexterity Potion"},{"floor":40.0,"key":"Energy Potion"}],"is_trial":false,"path_per_floor":["M","M","?","?","M","R","$","M","T","M","?","R","M","M","R","B",null,"M","?","M","?","M","R","E","R","T","E","M","?","E","$","R","B",null,"M","?","M","?","?","E","R","E","T","M","?","$","R","$","R","B","B",null,"R","$","E","B",null],"character_chosen":"DEFECT","items_purchased":["Skim","MealTicket","Deep Breath","Purity+1","OrangePellets","Double Energy+1"],"campfire_rested":2,"item_purchase_floors":[7,7,7,31,31,46],"current_hp_per_floor":[57,47,47,42,41,41,41,27,27,14,3,22,16,4,23,6,50,33,64,53,53,41,41,32,32,32,32,21,21,28,32,32,32,32,32,32,32,32,22,29,29,32,32,32,28,32,32,32,32,32,14,28,28,32,21,19],"gold":45,"neow_bonus":"TWO_FIFTY_GOLD","is_prod":false,"is_daily":false,"chose_seed":false,"campfire_upgraded":5,"win_rate":0,"timestamp":1568619851,"path_taken":["M","M","?","?","?","R","$","M","T","M","?","R","M","M","R","BOSS","M","?","?","?","M","R","E","R","T","E","?","?","E","$","R","BOSS","M","?","M","?","?","E","R","E","T","M","?","$","R","$","R","BOSS","BOSS","R","$","E","BOSS"],"build_version":"2019-09-12","purchased_purges":3,"victory":true,"max_hp_per_floor":[64,64,64,64,64,64,64,64,64,64,64,64,64,64,64,64,64,64,64,64,64,64,64,64,64,64,64,64,32,32,32,32,32,32,32,32,32,32,32,32,32,32,32,32,32,32,32,32,32,32,32,32,32,32,32,32],"card_choices":[{"not_picked":["Consume","Barrage"],"picked":"Turbo","floor":1.0},{"not_picked":["Fusion","Turbo"],"picked":"Blizzard","floor":2.0},{"not_picked":["Capacitor","Sweeping Beam"],"picked":"Cold Snap","floor":5.0},{"not_picked":["Stack","Leap"],"picked":"Cold Snap","floor":8.0},{"not_picked":["Auto Shields+1","Scrape"],"picked":"Skim+1","floor":10.0},{"not_picked":["Auto Shields+1","Doom and Gloom"],"picked":"Compile Driver","floor":13.0},{"not_picked":["Go for the Eyes","Rebound"],"picked":"Coolheaded+1","floor":14.0},{"not_picked":["Thunder Strike","Creative AI"],"picked":"Seek+1","floor":16.0},{"not_picked":["Force Field+1","Steam+1"],"picked":"Auto Shields+1","floor":18.0},{"not_picked":["Capacitor","Barrage"],"picked":"Coolheaded+1","floor":20.0},{"not_picked":["Gash","Ball Lightning+1"],"picked":"Hologram+1","floor":22.0},{"not_picked":["Go for the Eyes","Leap+1"],"picked":"Biased Cognition","floor":24.0},{"not_picked":["Leap+1","Melter","Rebound"],"picked":"SKIP","floor":27.0},{"not_picked":["Stack+1","Rebound"],"picked":"Self Repair","floor":28.0},{"not_picked":["Consume+1","Doom and Gloom"],"picked":"Reprogram+1","floor":30.0},{"not_picked":["Machine Learning","Core Surge"],"picked":"Multi-Cast+1","floor":33.0},{"not_picked":["Cold Snap+1","Conserve Battery+1"],"picked":"Chaos+1","floor":35.0},{"not_picked":["Beam Cell+1","Leap+1"],"picked":"Chaos+1","floor":37.0},{"not_picked":["Bandage Up+1","Mayhem"],"picked":"Deep Breath+1","floor":39.0},{"not_picked":["Good Instincts+1","Secret Technique+1"],"picked":"Purity+1","floor":39.0},{"not_picked":["Bandage Up+1","Swift Strike"],"picked":"Deep Breath+1","floor":39.0},{"not_picked":["Hologram+1","Conserve Battery+1"],"picked":"Turbo+1","floor":40.0},{"not_picked":["Beam Cell+1","FTL"],"picked":"Hologram+1","floor":42.0},{"not_picked":["Lockon","Streamline+1"],"picked":"Redo+1","floor":44.0},{"not_picked":["Reinforced Body+1","Chaos+1"],"picked":"Fission+1","floor":45.0},{"not_picked":["Ball Lightning","Cold Snap","All For One"],"picked":"SKIP","floor":55.0}],"player_experience":794308,"relics_obtained":[{"floor":9.0,"key":"Toxic Egg 2"},{"floor":24.0,"key":"Kunai"},{"floor":26.0,"key":"Potion Belt"},{"floor":27.0,"key":"Boot"},{"floor":30.0,"key":"War Paint"},{"floor":40.0,"key":"Ancient Tea Set"},{"floor":42.0,"key":"Shovel"},{"floor":47.0,"key":"Anchor"},{"floor":53.0,"key":"Bottled Tornado"},{"floor":55.0,"key":"Vajra"}],"event_choices":[{"damage_healed":0.0,"max_hp_gain":0.0,"max_hp_loss":0.0,"gold_gain":0.0,"cards_transformed":["Strike_B"],"event_name":"Living Wall","player_choice":"Change","floor":3.0,"gold_loss":0.0,"damage_taken":0.0,"cards_obtained":["Compile Driver"]},{"damage_healed":0.0,"max_hp_gain":0.0,"max_hp_loss":0.0,"gold_gain":0.0,"event_name":"Scrap Ooze","player_choice":"Success","floor":4.0,"gold_loss":0.0,"damage_taken":5.0,"relics_obtained":["Darkstone Periapt"]},{"damage_healed":0.0,"max_hp_gain":0.0,"max_hp_loss":0.0,"gold_gain":75.0,"event_name":"World of Goop","player_choice":"Gather Gold","floor":11.0,"gold_loss":0.0,"damage_taken":11.0},{"damage_healed":31.0,"max_hp_gain":0.0,"max_hp_loss":0.0,"gold_gain":0.0,"event_name":"Wheel of Change","player_choice":"Full Heal","floor":19.0,"gold_loss":0.0,"damage_taken":0.0},{"damage_healed":0.0,"max_hp_gain":0.0,"max_hp_loss":0.0,"gold_gain":0.0,"event_name":"Duplicator","player_choice":"Copied","floor":21.0,"gold_loss":0.0,"damage_taken":0.0,"cards_obtained":["Turbo"]},{"damage_healed":0.0,"max_hp_gain":0.0,"max_hp_loss":32.0,"gold_gain":0.0,"event_name":"Ghosts","player_choice":"Became a Ghost","floor":29.0,"gold_loss":0.0,"damage_taken":0.0,"cards_obtained":["Ghostly","Ghostly","Ghostly"]},{"damage_healed":0.0,"max_hp_gain":0.0,"max_hp_loss":0.0,"gold_gain":0.0,"event_name":"Tomb of Lord Red Mask","player_choice":"Ignored","floor":36.0,"gold_loss":0.0,"damage_taken":0.0},{"cards_removed":["Strike_B"],"damage_healed":0.0,"max_hp_gain":0.0,"max_hp_loss":0.0,"gold_gain":0.0,"event_name":"Falling","player_choice":"Removed Attack","floor":38.0,"gold_loss":0.0,"damage_taken":0.0},{"damage_healed":0.0,"max_hp_gain":0.0,"max_hp_loss":0.0,"gold_gain":0.0,"event_name":"SensoryStone","player_choice":"Memory 3","floor":39.0,"gold_loss":0.0,"damage_taken":10.0},{"damage_healed":0.0,"max_hp_gain":0.0,"max_hp_loss":0.0,"gold_gain":0.0,"event_name":"Mysterious Sphere","player_choice":"Fight","floor":45.0,"gold_loss":0.0,"damage_taken":0.0}],"is_beta":true,"boss_relics":[{"not_picked":["Black Star","SlaversCollar"],"picked":"Coffee Dripper"},{"not_picked":["Snecko Eye","Busted Crown"],"picked":"Nuclear Battery"}],"items_purged_floors":[31,46,48],"is_endless":false,"potions_floor_spawned":[1,8,13,14,16,20,24,27,28,40],"ascension_level":20}