{"gold_per_floor":[112,112,112,133,149,182,182,54,54,88,88,88,129,145,145,145],"floor_reached":16,"playtime":322,"items_purged":["Strike_B"],"score":236,"play_id":"c6ec07b8-82f7-4773-9e51-196631319fd9","local_time":"20190918173747","is_ascension_mode":true,"campfire_choices":[{"data":"Sunder","floor":7.0,"key":"SMITH"},{"data":"Zap","floor":11.0,"key":"SMITH"},{"data":"Beam Cell","floor":15.0,"key":"SMITH"}],"neow_cost":"NONE","seed_source_timestamp":691007539777385,"circlet_count":0,"master_deck":["AscendersBane","Strike_B","Strike_B","Defend_B","Defend_B","Defend_B","Defend_B","Zap+1","Dualcast","Self Repair","Echo Form","Hologram","Genetic Algorithm","Go for the Eyes","Sunder+1","Turbo","Recycle","Ball Lightning","Beam Cell+1"],"special_seed":0,"relics":["Cracked Core","NeowsBlessing","Golden Idol","DataDisk","Pear","TungstenRod","Dream Catcher"],"potions_floor_usage":[16],"damage_taken":[{"damage":0.0,"enemies":"2 Louse","floor":1.0,"turns":1.0},{"damage":0.0,"enemies":"Small Slimes","floor":4.0,"turns":1.0},{"damage":0.0,"enemies":"Cultist","floor":5.0,"turns":1.0},{"damage":86.0,"enemies":"Gremlin Nob","floor":6.0,"turns":6.0},{"damage":25.0,"enemies":"3 Sentries","floor":10.0,"turns":5.0},{"damage":7.0,"enemies":"Gremlin Nob","floor":13.0,"turns":3.0},{"damage":7.0,"enemies":"Exordium Wildlife","floor":14.0,"turns":4.0},{"damage":18,"enemies":"Hexaghost","floor":16,"turns":7}],"seed_played":"-2249150791843619314","potions_obtained":[{"floor":1.0,"key":"Energy Potion"},{"floor":5.0,"key":"FairyPotion"},{"floor":14.0,"key":"EssenceOfSteel"}],"is_trial":false,"path_per_floor":["M","?","?","M","M","E","R","$","T","E","R","?","E","M","R","B"],"character_chosen":"DEFECT","items_purchased":["Turbo"],"campfire_rested":0,"item_purchase_floors":[8],"current_hp_per_floor":[64,64,64,64,64,16,16,16,26,15,15,15,15,15,15,0],"gold":145,"neow_bonus":"THREE_ENEMY_KILL","is_prod":false,"is_daily":false,"chose_seed":false,"campfire_upgraded":3,"win_rate":0,"timestamp":1568799467,"path_taken":["M","?","?","?","M","E","R","$","T","E","R","?","E","M","R","BOSS"],"build_version":"2019-09-17","purchased_purges":1,"victory":false,"max_hp_per_floor":[71,64,64,64,64,64,64,64,74,74,74,74,74,74,74,74],"card_choices":[{"not_picked":["Darkness","Stack"],"picked":"Self Repair","floor":1.0},{"not_picked":["Stack","Loop"],"picked":"Genetic Algorithm","floor":4.0},{"not_picked":["Hologram","FTL"],"picked":"Go for the Eyes","floor":5.0},{"not_picked":["Sweeping Beam","Coolheaded"],"picked":"Sunder","floor":6.0},{"not_picked":["Hologram","Steam Power"],"picked":"Recycle","floor":10.0},{"not_picked":["Aggregate","Steam"],"picked":"Ball Lightning","floor":13.0},{"not_picked":["Consume","Gash"],"picked":"Beam Cell","floor":14.0}],"player_experience":835563,"relics_obtained":[{"floor":6.0,"key":"DataDisk"},{"floor":9.0,"key":"Pear"},{"floor":10.0,"key":"TungstenRod"},{"floor":13.0,"key":"Dream Catcher"}],"event_choices":[{"damage_healed":0.0,"max_hp_gain":0.0,"max_hp_loss":7.0,"gold_gain":0.0,"event_name":"Golden Idol","player_choice":"Lose Max HP","floor":2.0,"gold_loss":0.0,"damage_taken":0.0,"relics_obtained":["Golden Idol"]},{"damage_healed":0.0,"max_hp_gain":0.0,"max_hp_loss":0.0,"gold_gain":0.0,"event_name":"Match and Keep!","player_choice":"2 cards matched","floor":3.0,"gold_loss":0.0,"damage_taken":0.0,"cards_obtained":["Echo Form","Hologram"]},{"cards_removed":["Strike_B"],"damage_healed":0.0,"max_hp_gain":0.0,"max_hp_loss":0.0,"gold_gain":0.0,"event_name":"Living Wall","player_choice":"Forget","floor":12.0,"gold_loss":0.0,"damage_taken":0.0}],"is_beta":true,"boss_relics":[],"items_purged_floors":[8],"is_endless":false,"potions_floor_spawned":[1,5,14],"killed_by":"Hexaghost","ascension_level":20}