{"gold_per_floor":[219,232,232,31,50,50,83,100,100,275,275,309,327,6,6,101,101,111,111,130,0,0,0],"floor_reached":23,"playtime":3066,"items_purged":[],"score":199,"play_id":"54704358-bab2-41ce-80c8-73a2ce225663","local_time":"20190112160518","is_ascension_mode":false,"campfire_choices":[{"data":"Survivor","floor":6,"key":"SMITH"},{"floor":15,"key":"REST"}],"neow_cost":"NONE","seed_source_timestamp":10051362599560,"circlet_count":0,"master_deck":["Survivor+1","Neutralize","Dagger Spray+1","Footwork","PiercingWail","Deadly Poison","Bouncing Flask","Doubt","Corpse Explosion","Sucker Punch","Deadly Poison","Slice","Wraith Form v2","Flying Knee","After Image","Quick Slash","Night Terror","Prepared","Venomology","Escape Plan","Reflex","PiercingWail","Bouncing Flask","Poisoned Stab","Dodge and Roll","Bouncing Flask","Dagger Spray","Bane"],"relics":["Ring of the Snake","Medical Kit","Bottled Tornado","Thread and Needle","Turnip","Mummified Hand","Pandora\u0027s Box"],"potions_floor_usage":[12,16,16,23,23,23],"damage_taken":[{"damage":0,"enemies":"Small Slimes","floor":1,"turns":4},{"damage":0,"enemies":"2 Louse","floor":2,"turns":4},{"damage":0,"enemies":"Cultist","floor":5,"turns":3},{"damage":9,"enemies":"3 Sentries","floor":7,"turns":9},{"damage":5,"enemies":"Blue Slaver","floor":8,"turns":4},{"damage":7,"enemies":"Gremlin Nob","floor":12,"turns":5},{"damage":4,"enemies":"Red Slaver","floor":13,"turns":4},{"damage":45,"enemies":"Slime Boss","floor":16,"turns":12},{"damage":23,"enemies":"Chosen","floor":18,"turns":5},{"damage":9,"enemies":"2 Thieves","floor":20,"turns":5},{"damage":72,"enemies":"Gremlin Leader","floor":23,"turns":7}],"seed_played":"8165751179891499802","potions_obtained":[{"floor":5,"key":"SpeedPotion"},{"floor":8,"key":"SteroidPotion"},{"floor":13,"key":"GamblersBrew"},{"floor":18,"key":"GamblersBrew"},{"floor":20,"key":"FearPotion"}],"is_trial":false,"path_per_floor":["M","M","?","$","M","R","E","M","T","?","?","E","M","$","R","B",null,"M","?","M","$","?","E"],"character_chosen":"THE_SILENT","items_purchased":["Medical Kit","Mummified Hand","Deadly Poison","Slice","Bouncing Flask","Dagger Spray","Bane"],"campfire_rested":1,"item_purchase_floors":[4,14,14,14,21,21,21],"current_hp_per_floor":[70,70,70,70,70,70,61,56,56,56,53,46,42,42,63,18,70,47,70,61,61,61,0],"gold":0,"neow_bonus":"HUNDRED_GOLD","is_prod":false,"is_daily":false,"chose_seed":false,"campfire_upgraded":1,"win_rate":0.0,"timestamp":1547337918,"path_taken":["M","M","?","$","M","R","E","M","T","?","?","E","M","$","R","BOSS","M","?","M","$","?","E"],"build_version":"2019-01-10","purchased_purges":0,"victory":false,"max_hp_per_floor":[70,70,70,70,70,70,70,70,70,70,70,70,70,70,70,70,70,70,70,70,70,70,70],"card_choices":[{"not_picked":["Masterful Stab","Slice"],"picked":"Dagger Spray","floor":1},{"not_picked":["Infinite Blades","PiercingWail"],"picked":"Footwork","floor":2},{"not_picked":["Sucker Punch","Outmaneuver"],"picked":"PiercingWail","floor":5},{"not_picked":["Distraction","Catalyst"],"picked":"Deadly Poison","floor":7},{"not_picked":["Outmaneuver","PiercingWail"],"picked":"Bouncing Flask","floor":8},{"not_picked":["Sucker Punch","Choke"],"picked":"Corpse Explosion","floor":12},{"not_picked":["Infinite Blades","Distraction"],"picked":"Sucker Punch","floor":13},{"not_picked":["Malaise","Bullet Time"],"picked":"Wraith Form v2","floor":16},{"not_picked":["Calculated Gamble","Riddle With Holes+1"],"picked":"Poisoned Stab","floor":18},{"not_picked":["Sucker Punch","Deflect"],"picked":"Dodge and Roll","floor":20}],"player_experience":150948,"relics_obtained":[{"floor":7,"key":"Bottled Tornado"},{"floor":9,"key":"Thread and Needle"},{"floor":12,"key":"Turnip"}],"event_choices":[{"damage_healed":0,"gold_gain":0,"player_choice":"Grow","damage_taken":0,"max_hp_gain":0,"max_hp_loss":0,"event_name":"Living Wall","floor":3,"gold_loss":0,"cards_upgraded":["Dagger Spray"]},{"damage_healed":0,"gold_gain":175,"player_choice":"AGREE","damage_taken":0,"max_hp_gain":0,"max_hp_loss":0,"event_name":"Liars Game","floor":10,"gold_loss":0,"cards_obtained":["Doubt"]},{"damage_healed":0,"gold_gain":0,"player_choice":"Fled","damage_taken":3,"max_hp_gain":0,"max_hp_loss":0,"event_name":"Scrap Ooze","floor":11,"gold_loss":0},{"damage_healed":23,"gold_gain":0,"player_choice":"Heal","damage_taken":0,"max_hp_gain":0,"max_hp_loss":0,"event_name":"The Library","floor":19,"gold_loss":0}],"is_beta":false,"boss_relics":[{"not_picked":["Lizard Tail","Runic Dome"],"picked":"Pandora\u0027s Box"}],"items_purged_floors":[],"is_endless":false,"potions_floor_spawned":[5,8,13,18,20],"killed_by":"Gremlin Leader","ascension_level":0}