{"gold_per_floor":[115,115,127,147,17,17,42,42,42,42,42,42,60,75,75,179,179,194,174,174,174,10,41,55,55,55,55,55,55,81,96,96,198,198,211,4,21,21],"floor_reached":38,"playtime":3120,"items_purged":[],"score":392,"play_id":"6b7af055-3cb0-466f-841b-e6f0d7d35bd0","local_time":"20190124203010","is_ascension_mode":false,"campfire_choices":[{"floor":6.0,"key":"REST"},{"data":"White Noise","floor":8.0,"key":"SMITH"},{"data":"Conserve Battery","floor":12.0,"key":"SMITH"},{"floor":15.0,"key":"REST"},{"floor":25,"key":"REST"},{"data":"Zap","floor":27,"key":"SMITH"},{"data":"Sunder","floor":29,"key":"SMITH"},{"floor":32,"key":"REST"}],"neow_cost":"NONE","seed_source_timestamp":0,"circlet_count":0,"master_deck":["Defend_B+1","Defend_B+1","Defend_B+1","Defend_B+1","Zap+1","Dualcast","Go for the Eyes","Stack","Conserve Battery+1","Doom and Gloom","Cold Snap+1","White Noise+1","Double Energy","Conserve Battery","Chill","Rainbow","Thunder Strike+1","Reboot+1","Force Field+1","Coolheaded","Leap","Electrodynamics","Ball Lightning","Coolheaded","Sunder+1","Aggregate+1","Core Surge","Chill","Go for the Eyes"],"special_seed":0,"relics":["Cracked Core","Meat on the Bone","Orichalcum","Whetstone","Astrolabe","Regal Pillow","Oddly Smooth Stone","Ancient Tea Set","Eternal Feather","DataDisk"],"potions_floor_usage":[23,37,38],"damage_taken":[{"damage":9.0,"enemies":"2 Louse","floor":1.0,"turns":3.0},{"damage":8.0,"enemies":"Small Slimes","floor":3.0,"turns":3.0},{"damage":0.0,"enemies":"Jaw Worm","floor":4.0,"turns":4.0},{"damage":7.0,"enemies":"Lagavulin","floor":7.0,"turns":6.0},{"damage":1.0,"enemies":"Exordium Thugs","floor":13.0,"turns":4.0},{"damage":2.0,"enemies":"Red Slaver","floor":14.0,"turns":4.0},{"damage":47.0,"enemies":"Hexaghost","floor":16.0,"turns":9.0},{"damage":15,"enemies":"3 Byrds","floor":18,"turns":5},{"damage":11,"enemies":"2 Thieves","floor":19,"turns":4},{"damage":8,"enemies":"Gremlin Leader","floor":23,"turns":8},{"damage":0,"enemies":"Snake Plant","floor":24,"turns":4},{"damage":11,"enemies":"Snecko","floor":31,"turns":5},{"damage":57,"enemies":"Automaton","floor":33,"turns":11},{"damage":3,"enemies":"Orb Walker","floor":35,"turns":3},{"damage":7,"enemies":"3 Shapes","floor":37,"turns":3},{"damage":92,"enemies":"2 Orb Walkers","floor":38,"turns":6}],"seed_played":"-7145418680279547750","potions_obtained":[{"floor":7.0,"key":"GamblersBrew"},{"floor":13.0,"key":"Fire Potion"},{"floor":14.0,"key":"FairyPotion"},{"floor":19,"key":"AttackPotion"},{"floor":33,"key":"Ancient Potion"}],"is_trial":false,"path_per_floor":["M","?","M","M","$","R","E","R","T","?","T","R","M","M","R","B",null,"M","M","?","?","$","E","M","R","T","R","?","R","T","M","R","B",null,"M","$","M","?"],"character_chosen":"DEFECT","items_purchased":["Doom and Gloom","Cold Snap","Electrodynamics","DataDisk","FearPotion"],"campfire_rested":4,"item_purchase_floors":[5,5,22,36,36],"current_hp_per_floor":[73,73,65,65,65,82,75,75,75,75,75,75,74,72,82,47,82,67,56,56,56,56,48,48,82,82,82,82,82,82,71,82,37,82,79,79,72,0],"gold":21,"neow_bonus":"TEN_PERCENT_HP_BONUS","is_prod":false,"is_daily":false,"chose_seed":false,"campfire_upgraded":4,"win_rate":0.0,"timestamp":1548390610,"path_taken":["M","?","M","M","$","R","E","R","T","?","?","R","?","M","R","BOSS","M","M","?","?","$","E","M","R","T","R","?","R","?","M","R","BOSS","M","$","M","?"],"build_version":"2019-01-23","purchased_purges":0,"victory":false,"max_hp_per_floor":[82,82,82,82,82,82,82,82,82,82,82,82,82,82,82,82,82,82,82,82,82,82,82,82,82,82,82,82,82,82,82,82,82,82,82,82,82,82],"card_choices":[{"not_picked":["Turbo","Stack"],"picked":"Go for the Eyes","floor":1.0},{"not_picked":["Leap","Blizzard"],"picked":"Stack","floor":3.0},{"not_picked":["Steam Power","Blizzard"],"picked":"Conserve Battery","floor":4.0},{"not_picked":["Recycle","Stack"],"picked":"White Noise","floor":7.0},{"not_picked":["Turbo","Force Field"],"picked":"Conserve Battery","floor":13.0},{"not_picked":["Turbo","Rebound"],"picked":"Chill","floor":14.0},{"not_picked":["Machine Learning","Multi-Cast"],"picked":"Rainbow","floor":16.0},{"not_picked":["Consume","Scrape"],"picked":"Coolheaded","floor":18},{"not_picked":["Turbo","Heatsinks"],"picked":"Leap","floor":19},{"not_picked":["Echo Form","Biased Cognition"],"picked":"Ball Lightning","floor":23},{"not_picked":["Turbo","Rebound"],"picked":"Coolheaded","floor":24},{"not_picked":["Hologram+1","Cold Snap"],"picked":"Aggregate+1","floor":31},{"not_picked":["Hyperbeam","Machine Learning"],"picked":"Core Surge","floor":33},{"not_picked":["Redo","Conserve Battery+1"],"picked":"Chill","floor":35},{"not_picked":["Genetic Algorithm+1","Leap"],"picked":"Go for the Eyes","floor":37}],"player_experience":281630,"relics_obtained":[{"floor":7.0,"key":"Meat on the Bone"},{"floor":9.0,"key":"Orichalcum"},{"floor":11.0,"key":"Whetstone"},{"floor":23,"key":"Regal Pillow"},{"floor":26,"key":"Oddly Smooth Stone"},{"floor":30,"key":"Ancient Tea Set"}],"event_choices":[{"damage_healed":0.0,"max_hp_gain":0.0,"max_hp_loss":0.0,"gold_gain":0.0,"event_name":"Liars Game","player_choice":"Ignored","floor":2.0,"gold_loss":0.0,"damage_taken":0.0},{"damage_healed":0.0,"max_hp_gain":0.0,"max_hp_loss":0.0,"gold_gain":0.0,"cards_transformed":["Strike_B"],"event_name":"Living Wall","player_choice":"Change","floor":10.0,"gold_loss":0.0,"damage_taken":0.0,"cards_obtained":["Double Energy"]},{"damage_healed":0,"gold_gain":0,"player_choice":"Simplicity","damage_taken":0,"max_hp_gain":0,"max_hp_loss":0,"event_name":"Back to Basics","floor":20,"gold_loss":0,"cards_upgraded":["Defend_B","Defend_B","Defend_B","Defend_B"]},{"damage_healed":0,"gold_gain":0,"player_choice":"Ignored","damage_taken":0,"max_hp_gain":0,"max_hp_loss":0,"event_name":"Ghosts","floor":21,"gold_loss":0},{"damage_healed":0,"gold_gain":0,"player_choice":"Read","damage_taken":0,"max_hp_gain":0,"max_hp_loss":0,"event_name":"The Library","floor":28,"gold_loss":0,"cards_obtained":["Sunder"]},{"damage_healed":0,"gold_gain":0,"player_choice":"Fight","damage_taken":0,"max_hp_gain":0,"max_hp_loss":0,"event_name":"Mysterious Sphere","floor":38,"gold_loss":0}],"is_beta":false,"boss_relics":[{"not_picked":["Snecko Eye","Calling Bell"],"picked":"Astrolabe"},{"not_picked":["White Beast Statue","Nuclear Battery"],"picked":"Eternal Feather"}],"items_purged_floors":[],"is_endless":false,"potions_floor_spawned":[7,13,14,19,33],"killed_by":"2 Orb Walkers","ascension_level":0}