{"gold_per_floor":[113,124,140,140,156,156,204,223,248,276,288,388,388,54,54,155,155,175,186,112,112,127,153,153,153,178,178,191,204,217,248,248,353,353,365,61,61,75,75,75,85,96,122,122,222,136,151,151,151,151],"floor_reached":51,"playtime":4337,"items_purged":[],"score":664,"play_id":"02273282-702a-49f5-bba3-87c4b1d2895c","local_time":"20190917154434","is_ascension_mode":false,"campfire_choices":[{"data":"Zap","floor":6,"key":"SMITH"},{"floor":13,"key":"REST"},{"floor":15,"key":"REST"},{"floor":24,"key":"REST"},{"floor":27,"key":"REST"},{"data":"Conserve Battery","floor":32,"key":"SMITH"},{"data":"Apotheosis","floor":40,"key":"SMITH"},{"data":"Undo","floor":44,"key":"SMITH"},{"data":"Conserve Battery","floor":49,"key":"SMITH"}],"neow_cost":"NONE","seed_source_timestamp":210434772132084,"circlet_count":0,"master_deck":["Strike_B","Strike_B","Strike_B","Strike_B","Defend_B","Defend_B+1","Defend_B","Defend_B","Zap+1","Dualcast+1","Undo+1","Cold Snap","Reinforced Body","Storm","Redo","Ball Lightning","Melter","Electrodynamics","Ball Lightning","Self Repair","Chill","Conserve Battery+1","Heatsinks","Biased Cognition","Conserve Battery+1","Blizzard","Glacier","Leap+1","Apotheosis+1","Capacitor","Conserve Battery","Good Instincts","Undo+1","Go for the Eyes","Self Repair"],"relics":["Cracked Core","War Paint","Omamori","Bag of Preparation","Happy Flower","PreservedInsect","OrangePellets","Inserter","Toy Ornithopter","Bottled Flame","Blood Vial","Strawberry","SacredBark","Anchor","Thread and Needle"],"potions_floor_usage":[10,16,16,22,31,33,42,47,50,50],"damage_taken":[{"damage":1,"enemies":"Cultist","floor":1,"turns":4},{"damage":0,"enemies":"Jaw Worm","floor":2,"turns":3},{"damage":3,"enemies":"Small Slimes","floor":3,"turns":3},{"damage":1,"enemies":"Red Slaver","floor":5,"turns":4},{"damage":0,"enemies":"Exordium Wildlife","floor":8,"turns":4},{"damage":30,"enemies":"Gremlin Nob","floor":10,"turns":7},{"damage":7,"enemies":"Gremlin Gang","floor":11,"turns":6},{"damage":22,"enemies":"Hexaghost","floor":16,"turns":13},{"damage":0,"enemies":"Spheric Guardian","floor":18,"turns":1},{"damage":8,"enemies":"2 Thieves","floor":19,"turns":4},{"damage":24,"enemies":"Snake Plant","floor":22,"turns":5},{"damage":41,"enemies":"Slavers","floor":23,"turns":6},{"damage":0,"enemies":"Snecko","floor":28,"turns":5},{"damage":3,"enemies":"Cultist and Chosen","floor":29,"turns":6},{"damage":6,"enemies":"3 Cultists","floor":30,"turns":5},{"damage":7,"enemies":"Book of Stabbing","floor":31,"turns":4},{"damage":48,"enemies":"Automaton","floor":33,"turns":11},{"damage":0,"enemies":"3 Darklings","floor":35,"turns":6},{"damage":0,"enemies":"Orb Walker","floor":38,"turns":4},{"damage":14,"enemies":"Spire Growth","floor":41,"turns":6},{"damage":11,"enemies":"Sphere and 2 Shapes","floor":42,"turns":5},{"damage":12,"enemies":"Mind Bloom Boss Battle","floor":45,"turns":9},{"damage":0,"enemies":"Transient","floor":47,"turns":5},{"damage":2,"enemies":"Time Eater","floor":50,"turns":13}],"seed_played":"-7976268825612585239","potions_obtained":[{"floor":5,"key":"Regen Potion"},{"floor":8,"key":"Weak Potion"},{"floor":10,"key":"SkillPotion"},{"floor":16,"key":"SteroidPotion"},{"floor":18,"key":"Strength Potion"},{"floor":19,"key":"Energy Potion"},{"floor":28,"key":"Energy Potion"},{"floor":31,"key":"LiquidBronze"},{"floor":38,"key":"SkillPotion"},{"floor":41,"key":"Dexterity Potion"},{"floor":47,"key":"PowerPotion"}],"is_trial":false,"path_per_floor":["M","M","M","?","M","R","T","M","T","E","M","?","R","$","R","B",null,"M","M","$","?","M","E","R","?","T","R","M","M","M","E","R","B",null,"M","$","?","M","?","R","M","M","T","R","?","$","M","?","R","B",null],"character_chosen":"DEFECT","items_purchased":["PreservedInsect","OrangePellets","Melter","Chill","Apotheosis","Capacitor","Conserve Battery","Self Repair","Weak Potion"],"campfire_rested":4,"item_purchase_floors":[14,14,14,20,36,36,36,46,46],"current_hp_per_floor":[74,74,71,71,70,70,70,70,70,40,33,33,55,55,75,62,75,75,67,67,67,55,21,43,43,43,65,74,75,75,82,82,34,82,82,82,82,82,82,82,68,71,71,71,71,71,78,78,78,80],"gold":151,"neow_bonus":"RANDOM_COMMON_RELIC","is_prod":false,"is_daily":false,"chose_seed":false,"campfire_upgraded":5,"win_rate":0,"timestamp":1568760274,"path_taken":["M","M","?","?","M","R","?","M","T","E","?","?","R","$","R","BOSS","M","M","$","?","M","E","R","?","T","R","?","M","M","E","R","BOSS","M","$","?","M","?","R","M","M","T","R","?","?","?","?","R","BOSS"],"build_version":"2019-09-17","purchased_purges":0,"victory":true,"max_hp_per_floor":[75,75,75,75,75,75,75,75,75,75,75,75,75,75,75,75,75,75,75,75,75,75,75,75,75,75,75,75,75,75,82,82,82,82,82,82,82,82,82,82,82,82,82,82,82,82,82,82,82,82],"card_choices":[{"not_picked":["Streamline","Compile Driver"],"picked":"Undo","floor":1},{"not_picked":["Loop","Sweeping Beam"],"picked":"Cold Snap","floor":2},{"not_picked":["Coolheaded","Ball Lightning"],"picked":"Reinforced Body","floor":3},{"not_picked":["Consume","Leap"],"picked":"Storm","floor":5},{"not_picked":["Steam","Rebound"],"picked":"Redo","floor":8},{"not_picked":["Reinforced Body","Steam Power"],"picked":"Ball Lightning","floor":10},{"not_picked":["Beam Cell","Hello World","Gash"],"picked":"SKIP","floor":11},{"not_picked":["Thunder Strike","Reboot"],"picked":"Electrodynamics","floor":16},{"not_picked":["Double Energy+1","Beam Cell"],"picked":"Ball Lightning","floor":18},{"not_picked":["Auto Shields","Heatsinks"],"picked":"Self Repair","floor":19},{"not_picked":["Redo","Turbo+1","Sweeping Beam"],"picked":"SKIP","floor":22},{"not_picked":["Redo+1","Compile Driver"],"picked":"Conserve Battery","floor":23},{"not_picked":["Hologram+1","Ball Lightning"],"picked":"Conserve Battery","floor":28},{"not_picked":["Beam Cell","White Noise"],"picked":"Blizzard","floor":29},{"not_picked":["Static Discharge","Streamline+1","Gash"],"picked":"SKIP","floor":30},{"not_picked":["Coolheaded","White Noise"],"picked":"Glacier","floor":31},{"not_picked":["Conserve Battery","Chill"],"picked":"Leap+1","floor":35},{"not_picked":["Madness","Flash of Steel"],"picked":"Good Instincts","floor":37},{"not_picked":["Consume","Skim","Beam Cell"],"picked":"SKIP","floor":38},{"not_picked":["Compile Driver+1","Turbo+1"],"picked":"Undo+1","floor":41},{"not_picked":["Sweeping Beam+1","Seek"],"picked":"Go for the Eyes","floor":42},{"not_picked":["Chaos+1","Heatsinks","Sweeping Beam"],"picked":"SKIP","floor":47}],"player_experience":57868,"relics_obtained":[{"floor":7,"key":"Omamori"},{"floor":9,"key":"Bag of Preparation"},{"floor":10,"key":"Happy Flower"},{"floor":23,"key":"Bottled Flame"},{"floor":26,"key":"Blood Vial"},{"floor":31,"key":"Strawberry"},{"floor":43,"key":"Anchor"},{"floor":45,"key":"Thread and Needle"}],"event_choices":[{"damage_healed":0,"gold_gain":0,"player_choice":"Ignored","damage_taken":0,"max_hp_gain":0,"max_hp_loss":0,"event_name":"Golden Idol","floor":4,"gold_loss":0},{"damage_healed":0,"gold_gain":100,"player_choice":"Gold","damage_taken":0,"max_hp_gain":0,"max_hp_loss":0,"event_name":"Wheel of Change","floor":12,"gold_loss":0},{"damage_healed":0,"gold_gain":0,"player_choice":"Opened","damage_taken":0,"relics_obtained":["Toy Ornithopter"],"max_hp_gain":0,"max_hp_loss":0,"event_name":"The Mausoleum","floor":21,"gold_loss":0,"cards_obtained":["Writhe"]},{"damage_healed":0,"gold_gain":0,"player_choice":"2 cards matched","damage_taken":0,"max_hp_gain":0,"max_hp_loss":0,"event_name":"Match and Keep!","floor":25,"gold_loss":0,"cards_obtained":["Heatsinks","Biased Cognition"]},{"damage_healed":0,"gold_gain":0,"player_choice":"Memory 1","damage_taken":0,"max_hp_gain":0,"max_hp_loss":0,"event_name":"SensoryStone","floor":37,"gold_loss":0},{"damage_healed":0,"gold_gain":0,"player_choice":"Ignored","damage_taken":0,"max_hp_gain":0,"max_hp_loss":0,"event_name":"Mysterious Sphere","floor":39,"gold_loss":0},{"damage_healed":0,"gold_gain":0,"player_choice":"Fight","damage_taken":0,"max_hp_gain":0,"max_hp_loss":0,"event_name":"MindBloom","floor":45,"gold_loss":0},{"damage_healed":0,"gold_gain":0,"player_choice":"Ignored","damage_taken":0,"max_hp_gain":0,"max_hp_loss":0,"event_name":"SecretPortal","floor":48,"gold_loss":0}],"is_beta":true,"boss_relics":[{"not_picked":["Runic Dome","Fusion Hammer"],"picked":"Inserter"},{"not_picked":["Coffee Dripper","Sozu"],"picked":"SacredBark"}],"items_purged_floors":[],"is_endless":false,"potions_floor_spawned":[5,8,10,16,18,19,28,31,38,41,47],"ascension_level":0}