{"gold_per_floor":[118,128,144,144,157,172,172,216,216,216,234,234,234,175,175,268,268,283,151,171,171,171,171,46,70,70,70,90,90,133,49,49,138,138,154,170,170,170,170,170,213,240,252,282,28,67,67,90,90,90,90,90,90,7,38,38],"floor_reached":57,"playtime":2948,"items_purged":["Strike_B","Streamline"],"score":2885,"play_id":"26bcfa38-28d6-4030-8f3e-fbdd37972dc0","local_time":"20190915225337","is_ascension_mode":true,"campfire_choices":[{"data":"Barrage","floor":7.0,"key":"SMITH"},{"data":"Zap","floor":10.0,"key":"SMITH"},{"data":"Dualcast","floor":13.0,"key":"SMITH"},{"data":"Turbo","floor":15.0,"key":"SMITH"},{"data":"Recycle","floor":23.0,"key":"SMITH"},{"data":"Heatsinks","floor":27,"key":"SMITH"},{"data":"Coolheaded","floor":29,"key":"SMITH"},{"data":"Chaos","floor":32,"key":"SMITH"},{"data":"Skim","floor":40,"key":"SMITH"},{"floor":49,"key":"RECALL"},{"data":"Heatsinks","floor":53,"key":"SMITH"}],"neow_cost":"NONE","seed_source_timestamp":448056915340605,"circlet_count":0,"master_deck":["AscendersBane","Zap+1","Dualcast+1","Buffer","Cold Snap","Turbo+1","Hologram","Barrage+1","White Noise","Cold Snap","Glacier","Echo Form","Recycle+1","Compile Driver","Ball Lightning","Buffer","Echo Form","Heatsinks+1","Chaos+1","Coolheaded+1","Skim+1","Self Repair","Meteor Strike","Self Repair","Force Field","Double Energy+1","Heatsinks+1","Heatsinks+1","White Noise","Heatsinks","Turbo","Echo Form","Steam Power+1","Compile Driver+1","Hologram"],"special_seed":0,"relics":["Cracked Core","Golden Idol","Juzu Bracelet","HornCleat","Mummified Hand","Runic Pyramid","Pear","Mercury Hourglass","Pandora\u0027s Box","MawBank","Orrery","Bottled Tornado","Frozen Egg 2","Symbiotic Virus"],"potions_floor_usage":[50,56,56],"damage_taken":[{"damage":0.0,"enemies":"Cultist","floor":1.0,"turns":4.0},{"damage":6.0,"enemies":"2 Louse","floor":2.0,"turns":3.0},{"damage":5.0,"enemies":"Jaw Worm","floor":3.0,"turns":4.0},{"damage":8.0,"enemies":"Exordium Thugs","floor":5.0,"turns":5.0},{"damage":26.0,"enemies":"Exordium Wildlife","floor":6.0,"turns":7.0},{"damage":3.0,"enemies":"3 Sentries","floor":8.0,"turns":6.0},{"damage":0.0,"enemies":"Large Slime","floor":11.0,"turns":5.0},{"damage":6.0,"enemies":"Slime Boss","floor":16.0,"turns":9.0},{"damage":11.0,"enemies":"Spheric Guardian","floor":18.0,"turns":4.0},{"damage":0.0,"enemies":"Shell Parasite","floor":20.0,"turns":4.0},{"damage":0,"enemies":"3 Cultists","floor":25,"turns":5},{"damage":0,"enemies":"Snake Plant","floor":28,"turns":3},{"damage":32,"enemies":"Slavers","floor":30,"turns":4},{"damage":0,"enemies":"Collector","floor":33,"turns":8},{"damage":16,"enemies":"Orb Walker","floor":35,"turns":3},{"damage":1,"enemies":"3 Shapes","floor":36,"turns":3},{"damage":44,"enemies":"Reptomancer","floor":41,"turns":7},{"damage":14,"enemies":"Writhing Mass","floor":42,"turns":4},{"damage":3,"enemies":"4 Shapes","floor":44,"turns":3},{"damage":0,"enemies":"Nemesis","floor":46,"turns":3},{"damage":0,"enemies":"Jaw Worm Horde","floor":48,"turns":1},{"damage":4,"enemies":"Awakened One","floor":50,"turns":6},{"damage":10,"enemies":"Time Eater","floor":51,"turns":7},{"damage":0,"enemies":"Shield and Spear","floor":55,"turns":1},{"damage":56,"enemies":"The Heart","floor":56,"turns":8}],"seed_played":"-8729809373105675922","potions_obtained":[{"floor":6.0,"key":"AttackPotion"},{"floor":8.0,"key":"FearPotion"},{"floor":28,"key":"SpeedPotion"},{"floor":30,"key":"EssenceOfSteel"},{"floor":33,"key":"PowerPotion"}],"is_trial":false,"path_per_floor":["M","M","M","?","M","M","R","E","T","R","M","?","R","?","R","B",null,"M","$","M","?","?","R","$","M","T","R","M","R","E","$","R","B",null,"M","M","?","?","?","R","E","M","T","M","$","E","?","M","R","B","B",null,"R","$","E","B",null],"character_chosen":"DEFECT","items_purchased":["Compile Driver","Heatsinks","Chaos","Self Repair","Orrery","Hologram","PowerPotion"],"campfire_rested":0,"item_purchase_floors":[19,24,24,31,45,54,54],"current_hp_per_floor":[64,58,53,53,45,19,19,16,16,16,16,9,9,9,9,3,49,38,38,38,38,38,38,38,38,48,48,48,48,16,16,16,23,61,52,65,65,65,65,65,49,56,56,67,67,74,74,74,74,74,74,74,74,74,74,32],"gold":38,"neow_bonus":"TRANSFORM_CARD","is_prod":false,"is_daily":false,"chose_seed":false,"campfire_upgraded":10,"win_rate":0,"timestamp":1568559217,"path_taken":["M","M","?","?","M","M","R","E","T","R","M","?","R","?","R","BOSS","M","$","M","?","?","R","$","M","T","R","M","R","E","$","R","BOSS","M","M","?","?","?","R","E","M","T","M","$","E","?","M","R","BOSS","BOSS","R","$","E","BOSS"],"build_version":"2019-09-12","purchased_purges":2,"victory":true,"max_hp_per_floor":[71,71,71,64,64,64,64,64,64,64,64,64,64,64,64,64,64,64,64,64,64,64,64,64,64,74,74,74,74,74,74,74,74,74,74,74,74,74,74,74,74,74,74,74,74,74,74,74,74,74,74,74,74,74,74,74],"card_choices":[{"not_picked":["Streamline","Turbo"],"picked":"Cold Snap","floor":1.0},{"not_picked":["Rebound","Cold Snap"],"picked":"Turbo","floor":2.0},{"not_picked":["Fusion","Machine Learning"],"picked":"Hologram","floor":3.0},{"not_picked":["Hello World","Go for the Eyes"],"picked":"Barrage","floor":5.0},{"not_picked":["Hologram","BootSequence"],"picked":"White Noise","floor":6.0},{"not_picked":["Go for the Eyes","Lockon"],"picked":"Cold Snap","floor":8.0},{"not_picked":["Hologram","Darkness"],"picked":"Glacier","floor":11.0},{"not_picked":["Core Surge","Buffer"],"picked":"Echo Form","floor":16.0},{"not_picked":["Leap","Heatsinks"],"picked":"Recycle","floor":18.0},{"not_picked":["Rebound","Redo"],"picked":"Ball Lightning","floor":20.0},{"not_picked":["Streamline","Stack"],"picked":"Coolheaded","floor":25},{"not_picked":["Glacier","Beam Cell"],"picked":"Skim","floor":28},{"not_picked":["Streamline","Rip and Tear","Conserve Battery"],"picked":"SKIP","floor":30},{"not_picked":["Rainbow","Electrodynamics"],"picked":"Meteor Strike","floor":33},{"not_picked":["Force Field","Self Repair","Ball Lightning"],"picked":"SKIP","floor":35},{"not_picked":["Self Repair","Ball Lightning"],"picked":"Force Field","floor":35},{"not_picked":["Blizzard","Streamline"],"picked":"Double Energy+1","floor":36},{"not_picked":["Steam+1","Hyperbeam","Sweeping Beam"],"picked":"SKIP","floor":41},{"not_picked":["Static Discharge","Compile Driver"],"picked":"Heatsinks","floor":42},{"not_picked":["Reprogram","Doom and Gloom"],"picked":"White Noise","floor":44},{"not_picked":["Streamline","Reinforced Body"],"picked":"Heatsinks","floor":45},{"not_picked":["Tempest","Steam"],"picked":"Turbo","floor":45},{"not_picked":["Barrage+1","Darkness"],"picked":"Echo Form","floor":45},{"not_picked":["Consume","Streamline+1"],"picked":"Steam Power+1","floor":45},{"not_picked":["Steam Power+1","Steam"],"picked":"Compile Driver+1","floor":46},{"not_picked":["Compile Driver","Conserve Battery","Gash"],"picked":"SKIP","floor":48},{"not_picked":["Compile Driver","Coolheaded","Hyperbeam"],"picked":"SKIP","floor":55}],"player_experience":788617,"relics_obtained":[{"floor":8.0,"key":"Juzu Bracelet"},{"floor":9.0,"key":"HornCleat"},{"floor":26,"key":"Pear"},{"floor":30,"key":"Mercury Hourglass"},{"floor":41,"key":"MawBank"},{"floor":46,"key":"Bottled Tornado"},{"floor":47,"key":"Frozen Egg 2"},{"floor":55,"key":"Symbiotic Virus"}],"event_choices":[{"damage_healed":0.0,"max_hp_gain":0.0,"max_hp_loss":7.0,"gold_gain":0.0,"event_name":"Golden Idol","player_choice":"Lose Max HP","floor":4.0,"gold_loss":0.0,"damage_taken":0.0,"relics_obtained":["Golden Idol"]},{"cards_removed":["Strike_B"],"damage_healed":0.0,"max_hp_gain":0.0,"max_hp_loss":0.0,"gold_gain":0.0,"event_name":"Golden Wing","player_choice":"Card Removal","floor":12.0,"gold_loss":0.0,"damage_taken":7.0},{"damage_healed":0.0,"max_hp_gain":0.0,"max_hp_loss":0.0,"gold_gain":0.0,"event_name":"WeMeetAgain","player_choice":"Paid Gold","floor":14.0,"gold_loss":59.0,"damage_taken":0.0,"relics_obtained":["Mummified Hand"]},{"damage_healed":0.0,"max_hp_gain":0.0,"max_hp_loss":0.0,"gold_gain":0.0,"cards_transformed":["Strike_B","Defend_B"],"event_name":"Drug Dealer","player_choice":"Became Test Subject","floor":21.0,"gold_loss":0.0,"damage_taken":0.0,"cards_obtained":["Buffer","Echo Form"]},{"damage_healed":0.0,"max_hp_gain":0.0,"max_hp_loss":0.0,"gold_gain":0.0,"event_name":"The Mausoleum","player_choice":"Ignored","floor":22.0,"gold_loss":0.0,"damage_taken":0.0},{"damage_healed":0,"gold_gain":0,"player_choice":"Copied","damage_taken":0,"max_hp_gain":0,"max_hp_loss":0,"event_name":"Duplicator","floor":37,"gold_loss":0,"cards_obtained":["Heatsinks"]},{"cards_removed":["Go for the Eyes"],"damage_healed":0,"gold_gain":0,"player_choice":"Removed Attack","damage_taken":0,"max_hp_gain":0,"max_hp_loss":0,"event_name":"Falling","floor":38,"gold_loss":0},{"damage_healed":0,"gold_gain":0,"player_choice":"Ignored","damage_taken":0,"max_hp_gain":0,"max_hp_loss":0,"event_name":"Tomb of Lord Red Mask","floor":39,"gold_loss":0},{"damage_healed":0,"gold_gain":0,"player_choice":"Relic","damage_taken":0,"max_hp_gain":0,"max_hp_loss":0,"event_name":"Wheel of Change","floor":47,"gold_loss":0}],"is_beta":true,"boss_relics":[{"not_picked":["Sozu","Runic Dome"],"picked":"Runic Pyramid"},{"not_picked":["Snecko Eye","SacredBark"],"picked":"Pandora\u0027s Box"}],"items_purged_floors":[19,45],"is_endless":false,"potions_floor_spawned":[6,8,28,30,33,35,41,42,44,48],"ascension_level":20}