{"gold_per_floor":[115,115,40,40,40,40,73,73,99,99,118,130,157,82,82,154,154,164,164,181,229,240,240,25,44,71,71,81,2,28,40,40,117,117,129,140,190,202,221,252,252,281,305,330,344,344,364,376,376,376,376],"floor_reached":54,"playtime":2657,"items_purged":["Strike_G","Strike_G"],"score":1914,"play_id":"49f47cb4-f007-46ca-8642-b2ac74015171","local_time":"20190811235814","is_ascension_mode":true,"campfire_choices":[{"data":"Predator","floor":6.0,"key":"SMITH"},{"data":"Calculated Gamble","floor":10.0,"key":"SMITH"},{"data":"Acrobatics","floor":15.0,"key":"SMITH"},{"data":"Calculated Gamble","floor":23.0,"key":"SMITH"},{"data":"Reflex","floor":27.0,"key":"SMITH"},{"data":"Eviscerate","floor":32.0,"key":"SMITH"},{"data":"Calculated Gamble","floor":44.0,"key":"SMITH"},{"data":"Reflex","floor":49.0,"key":"SMITH"},{"floor":52.0,"key":"RECALL"}],"neow_cost":"NONE","seed_source_timestamp":471198603727468,"circlet_count":0,"master_deck":["AscendersBane","Defend_G","Defend_G","Defend_G","Defend_G","Survivor","Neutralize","Calculated Gamble+1","Acrobatics+1","Escape Plan","Eviscerate+1","Calculated Gamble+1","Well Laid Plans","Reflex+1","Dagger Throw+1","Tools of the Trade+1","Leg Sweep+1","Calculated Gamble+1","Reflex+1","PiercingWail"],"special_seed":0,"relics":["Ring of the Snake","PreservedInsect","Snake Skull","Dodecahedron","Philosopher\u0027s Stone","Smiling Mask","Membership Card","Lantern","Molten Egg 2","Astrolabe","Anchor","Dream Catcher"],"potions_floor_usage":[54,54],"damage_taken":[{"damage":1.0,"enemies":"2 Louse","floor":1.0,"turns":3.0},{"damage":13.0,"enemies":"3 Sentries","floor":7.0,"turns":8.0},{"damage":0.0,"enemies":"Small Slimes","floor":11.0,"turns":2.0},{"damage":1.0,"enemies":"Jaw Worm","floor":12.0,"turns":2.0},{"damage":7.0,"enemies":"Lagavulin","floor":13.0,"turns":5.0},{"damage":34.0,"enemies":"Slime Boss","floor":16.0,"turns":7.0},{"damage":16.0,"enemies":"Chosen","floor":18.0,"turns":5.0},{"damage":8.0,"enemies":"3 Byrds","floor":20.0,"turns":7.0},{"damage":0.0,"enemies":"Sentry and Sphere","floor":22.0,"turns":4.0},{"damage":1.0,"enemies":"Cultist and Chosen","floor":25.0,"turns":5.0},{"damage":1.0,"enemies":"3 Cultists","floor":28.0,"turns":3.0},{"damage":0.0,"enemies":"Book of Stabbing","floor":30.0,"turns":2.0},{"damage":0.0,"enemies":"Centurion and Healer","floor":31.0,"turns":3.0},{"damage":0.0,"enemies":"Collector","floor":33.0,"turns":2.0},{"damage":0.0,"enemies":"3 Shapes","floor":38.0,"turns":6.0},{"damage":0.0,"enemies":"3 Darklings","floor":39.0,"turns":4.0},{"damage":0.0,"enemies":"Jaw Worm Horde","floor":41.0,"turns":2.0},{"damage":0.0,"enemies":"4 Shapes","floor":42.0,"turns":4.0},{"damage":0.0,"enemies":"Giant Head","floor":43.0,"turns":1.0},{"damage":0.0,"enemies":"Reptomancer","floor":45.0,"turns":1.0},{"damage":0.0,"enemies":"Nemesis","floor":47.0,"turns":3.0},{"damage":0.0,"enemies":"Transient","floor":48.0,"turns":4.0},{"damage":0.0,"enemies":"Spire Growth","floor":50.0,"turns":2.0},{"damage":0.0,"enemies":"Writhing Mass","floor":51.0,"turns":3.0},{"damage":0,"enemies":"Awakened One","floor":53,"turns":4},{"damage":68,"enemies":"Time Eater","floor":54,"turns":7}],"seed_played":"1587017421265503461","potions_obtained":[{"floor":0.0,"key":"SmokeBomb"},{"floor":0.0,"key":"SkillPotion"},{"floor":11.0,"key":"SteroidPotion"},{"floor":12.0,"key":"SkillPotion"},{"floor":20.0,"key":"Strength Potion"},{"floor":22.0,"key":"Dexterity Potion"},{"floor":25.0,"key":"Energy Potion"},{"floor":38.0,"key":"Poison Potion"},{"floor":45.0,"key":"FearPotion"},{"floor":50.0,"key":"Regen Potion"}],"is_trial":false,"path_per_floor":["M","?","?","$","?","R","E","?","T","R","M","M","E","$","R","B",null,"M","?","M","T","M","R","$","M","T","R","M","$","E","M","R","B",null,"M","M","?","M","M","E","R","E","T","E","M","R","M","M","R","B","B"],"character_chosen":"THE_SILENT","items_purchased":["Membership Card","Energy Potion"],"campfire_rested":0,"item_purchase_floors":[24,29],"current_hp_per_floor":[58,51,51,51,51,51,38,60,60,60,60,59,52,52,52,18,54,38,38,30,30,30,30,30,29,29,29,28,28,28,28,28,28,66,66,66,66,66,66,66,66,66,66,66,66,66,66,66,66,66,7],"gold":376,"neow_bonus":"THREE_SMALL_POTIONS","is_prod":false,"is_daily":false,"chose_seed":false,"campfire_upgraded":8,"win_rate":0,"timestamp":1565535494,"path_taken":["M","?","?","$","?","R","E","?","T","R","M","M","E","$","R","BOSS","M","?","M","?","?","R","$","M","T","R","M","$","E","M","R","BOSS","M","M","?","M","M","E","R","E","T","E","M","R","?","M","R","BOSS","BOSS"],"build_version":"2019-07-17","purchased_purges":2,"victory":false,"max_hp_per_floor":[66,66,66,66,66,66,66,66,66,66,66,66,66,66,66,66,66,66,66,66,66,66,66,66,66,66,66,66,66,66,66,66,66,66,66,66,66,66,66,66,66,66,66,66,66,66,66,66,66,66,66],"card_choices":[{"not_picked":["Quick Slash","Cloak And Dagger"],"picked":"Predator","floor":1.0},{"not_picked":["Underhanded Strike","Sucker Punch"],"picked":"Acrobatics","floor":7.0},{"not_picked":["Leg Sweep","Dodge and Roll"],"picked":"Escape Plan","floor":11.0},{"not_picked":["Poisoned Stab","Sucker Punch"],"picked":"Eviscerate","floor":12.0},{"not_picked":["Masterful Stab","Flying Knee"],"picked":"Burst","floor":13.0},{"not_picked":["Footwork+1","Finisher"],"picked":"Calculated Gamble","floor":18.0},{"not_picked":["Calculated Gamble+1","Deflect"],"picked":"Well Laid Plans","floor":20.0},{"not_picked":["Deflect","Dagger Spray"],"picked":"Reflex","floor":22.0},{"not_picked":["Flying Knee","Deflect","Dodge and Roll"],"picked":"SKIP","floor":25.0},{"not_picked":["Prepared","Poisoned Stab","Dodge and Roll"],"picked":"SKIP","floor":28.0},{"not_picked":["Bouncing Flask","Acrobatics","Leg Sweep"],"picked":"SKIP","floor":30.0},{"not_picked":["Finisher+1","Endless Agony+1","Dodge and Roll"],"picked":"SKIP","floor":31.0},{"not_picked":["Bane+1","Poisoned Stab+1","Outmaneuver"],"picked":"SKIP","floor":38.0},{"not_picked":["Underhanded Strike+1","Bane+1","Catalyst"],"picked":"SKIP","floor":39.0},{"not_picked":["Slice+1","Bane+1","Masterful Stab+1"],"picked":"SKIP","floor":41.0},{"not_picked":["Dagger Throw+1","Eviscerate+1"],"picked":"Calculated Gamble","floor":42.0},{"not_picked":["All Out Attack+1","Corpse Explosion"],"picked":"Reflex","floor":43.0},{"not_picked":["Sucker Punch+1","Acrobatics+1","Accuracy"],"picked":"SKIP","floor":45.0},{"not_picked":["Leg Sweep+1","Sucker Punch+1"],"picked":"PiercingWail","floor":47.0},{"not_picked":["Caltrops","Slice+1","Prepared"],"picked":"SKIP","floor":48.0},{"not_picked":["Bouncing Flask","Dash+1","Leg Sweep+1"],"picked":"SKIP","floor":50.0},{"not_picked":["Outmaneuver","Deflect","Acrobatics"],"picked":"SKIP","floor":51.0}],"player_experience":853531,"relics_obtained":[{"floor":7.0,"key":"PreservedInsect"},{"floor":9.0,"key":"Snake Skull"},{"floor":13.0,"key":"Dodecahedron"},{"floor":21.0,"key":"Smiling Mask"},{"floor":26.0,"key":"Lantern"},{"floor":30.0,"key":"Molten Egg 2"},{"floor":43.0,"key":"Anchor"},{"floor":45.0,"key":"Dream Catcher"}],"event_choices":[{"cards_removed":["Strike_G"],"damage_healed":0.0,"max_hp_gain":0.0,"max_hp_loss":0.0,"gold_gain":0.0,"event_name":"Golden Wing","player_choice":"Card Removal","floor":2.0,"gold_loss":0.0,"damage_taken":7.0},{"cards_removed":["Strike_G"],"damage_healed":0.0,"max_hp_gain":0.0,"max_hp_loss":0.0,"gold_gain":0.0,"event_name":"The Cleric","player_choice":"Card Removal","floor":3.0,"gold_loss":75.0,"damage_taken":0.0},{"damage_healed":0.0,"max_hp_gain":0.0,"max_hp_loss":0.0,"gold_gain":0.0,"cards_transformed":["Strike_G"],"event_name":"Living Wall","player_choice":"Change","floor":5.0,"gold_loss":0.0,"damage_taken":0.0,"cards_obtained":["Calculated Gamble"]},{"damage_healed":22.0,"max_hp_gain":0.0,"max_hp_loss":0.0,"gold_gain":0.0,"event_name":"Big Fish","player_choice":"Banana","floor":8.0,"gold_loss":0.0,"damage_taken":0.0},{"damage_healed":0.0,"max_hp_gain":0.0,"max_hp_loss":0.0,"gold_gain":0.0,"event_name":"The Mausoleum","player_choice":"Ignored","floor":19.0,"gold_loss":0.0,"damage_taken":0.0},{"damage_healed":0.0,"max_hp_gain":0.0,"max_hp_loss":0.0,"gold_gain":50.0,"event_name":"Golden Shrine","player_choice":"Pray","floor":40.0,"gold_loss":0.0,"damage_taken":0.0}],"is_beta":false,"boss_relics":[{"not_picked":["Fusion Hammer","WristBlade"],"picked":"Philosopher\u0027s Stone"},{"not_picked":["Ring of the Serpent","Coffee Dripper"],"picked":"Astrolabe"}],"items_purged_floors":[14,29],"is_endless":false,"potions_floor_spawned":[11,12,13,20,22,25,30,38,45,50],"killed_by":"Time Eater","ascension_level":20}