{"gold_per_floor":[114,39,54,54,54,86,86,86,86,86,101,101,101,115,115,213,213,226,237,257,107,125,152,152,172,172,271,284,298,51,70,70,166,166,184,184,484,503,277,277,102,121,121,121,150,150,164,178,178,178],"floor_reached":51,"playtime":2899,"items_purged":["Defend_B","Regret","Strike_B","Strike_B","Strike_B"],"score":849,"play_id":"442bfe28-342b-4e11-871b-b109395db425","local_time":"20190919042332","is_ascension_mode":false,"campfire_choices":[{"data":"Go for the Eyes","floor":8,"key":"SMITH"},{"data":"Zap","floor":10,"key":"SMITH"},{"data":"Dualcast","floor":13,"key":"SMITH"},{"floor":15,"key":"REST"},{"floor":24,"key":"REST"},{"floor":32,"key":"REST"},{"data":"Streamline","floor":40,"key":"SMITH"},{"data":"FTL","floor":44,"key":"SMITH"},{"floor":46,"key":"REST"},{"floor":49,"key":"REST"}],"neow_cost":"NONE","seed_source_timestamp":1939291905176000,"circlet_count":0,"master_deck":["Strike_B+1","Defend_B","Defend_B","Defend_B","Zap+1","Dualcast+1","Steam+1","Go for the Eyes+1","Redo+1","Go for the Eyes","Redo+1","Beam Cell","Beam Cell","Go for the Eyes","Streamline+1","Steam+1","BootSequence+1","Redo+1","Steam+1","Redo+1","Redo+1","FTL+1","FTL"],"relics":["Cracked Core","NeowsBlessing","Toxic Egg 2","Unceasing Top","Omamori","Lantern","Orrery","Regal Pillow","Pocketwatch","Busted Crown","Boot","StoneCalendar"],"potions_floor_usage":[20,28,29,33,33,45,50],"damage_taken":[{"damage":0,"enemies":"Small Slimes","floor":1,"turns":1},{"damage":0,"enemies":"Jaw Worm","floor":3,"turns":1},{"damage":0,"enemies":"3 Sentries","floor":6,"turns":1},{"damage":1,"enemies":"Cultist","floor":11,"turns":2},{"damage":5,"enemies":"Exordium Wildlife","floor":14,"turns":4},{"damage":27,"enemies":"Slime Boss","floor":16,"turns":10},{"damage":31,"enemies":"Spheric Guardian","floor":18,"turns":4},{"damage":12,"enemies":"2 Thieves","floor":19,"turns":3},{"damage":23,"enemies":"Chosen and Byrds","floor":20,"turns":7},{"damage":0,"enemies":"Centurion and Healer","floor":22,"turns":5},{"damage":0,"enemies":"Gremlin Leader","floor":23,"turns":4},{"damage":0,"enemies":"Shelled Parasite and Fungi","floor":25,"turns":3},{"damage":0,"enemies":"Cultist and Chosen","floor":28,"turns":3},{"damage":3,"enemies":"Centurion and Healer","floor":29,"turns":8},{"damage":0,"enemies":"Chosen and Byrds","floor":31,"turns":3},{"damage":52,"enemies":"Automaton","floor":33,"turns":9},{"damage":5,"enemies":"Orb Walker","floor":35,"turns":3},{"damage":0,"enemies":"3 Darklings","floor":38,"turns":3},{"damage":0,"enemies":"Writhing Mass","floor":42,"turns":3},{"damage":34,"enemies":"Nemesis","floor":45,"turns":4},{"damage":4,"enemies":"Transient","floor":47,"turns":5},{"damage":0,"enemies":"Sphere and 2 Shapes","floor":48,"turns":2},{"damage":76,"enemies":"Time Eater","floor":50,"turns":9}],"seed_played":"2465095819476733601","potions_obtained":[{"floor":16,"key":"Energy Potion"},{"floor":18,"key":"SteroidPotion"},{"floor":20,"key":"SkillPotion"},{"floor":29,"key":"FairyPotion"},{"floor":33,"key":"Swift Potion"},{"floor":47,"key":"Fire Potion"}],"is_trial":false,"path_per_floor":["M","$","M","?","?","E","?","R","T","R","M","?","R","M","R","B",null,"M","M","M","$","M","E","R","M","T","?","M","M","$","M","R","B",null,"M","?","?","M","$","R","$","M","T","R","E","R","M","M","R","B",null],"character_chosen":"DEFECT","items_purchased":["Steam+1","Regen Potion","Fire Potion","FTL"],"campfire_rested":5,"item_purchase_floors":[21,30,30,39],"current_hp_per_floor":[75,75,75,60,60,60,53,53,53,53,52,52,52,47,69,42,75,44,32,9,9,9,9,46,46,46,46,46,43,43,43,75,35,75,70,70,70,70,70,70,70,70,70,70,36,73,69,69,75,7],"gold":178,"neow_bonus":"THREE_ENEMY_KILL","is_prod":false,"is_daily":false,"chose_seed":false,"campfire_upgraded":5,"win_rate":0.0,"timestamp":1568881412,"path_taken":["M","$","M","?","?","E","?","R","T","R","M","?","R","M","R","BOSS","M","?","M","$","M","E","R","M","T","?","M","M","$","M","R","BOSS","M","?","?","M","$","R","$","M","T","R","E","R","M","M","R","BOSS"],"build_version":"2019-07-17","purchased_purges":5,"victory":true,"max_hp_per_floor":[75,75,75,75,75,75,75,75,75,75,75,75,75,75,75,75,75,75,75,75,75,75,75,75,75,75,75,75,75,75,75,75,75,75,75,75,75,75,75,75,75,75,75,75,75,75,75,75,75,75],"card_choices":[{"not_picked":["Conserve Battery","Compile Driver"],"picked":"Steam","floor":1},{"not_picked":["Chaos","Compile Driver"],"picked":"Go for the Eyes","floor":3},{"not_picked":["Gash","Go for the Eyes"],"picked":"Redo+1","floor":6},{"not_picked":["Double Energy+1","Cold Snap"],"picked":"Go for the Eyes","floor":11},{"not_picked":["Capacitor","Rip and Tear"],"picked":"Redo+1","floor":14},{"not_picked":["Conserve Battery+1","Go for the Eyes"],"picked":"Beam Cell","floor":17},{"not_picked":["Undo+1","Aggregate+1"],"picked":"Beam Cell","floor":17},{"not_picked":["Coolheaded+1","Doom and Gloom"],"picked":"Go for the Eyes","floor":17},{"not_picked":["Self Repair","Go for the Eyes"],"picked":"Streamline","floor":17},{"not_picked":["Compile Driver","Lockon"],"picked":"Steam+1","floor":18},{"not_picked":["Consume+1","Storm"],"picked":"BootSequence+1","floor":19},{"not_picked":["Hologram+1","Stack+1"],"picked":"Redo+1","floor":20},{"not_picked":["Coolheaded+1","Undo+1","Cold Snap"],"picked":"SKIP","floor":22},{"not_picked":["Melter","Barrage","Coolheaded+1"],"picked":"SKIP","floor":23},{"not_picked":["Stack+1","Conserve Battery+1","Blizzard+1"],"picked":"SKIP","floor":25},{"not_picked":["Hello World","Consume+1"],"picked":"Redo+1","floor":28},{"not_picked":["Rip and Tear","Barrage+1","Fission+1"],"picked":"SKIP","floor":29},{"not_picked":["Loop","Coolheaded+1","Chaos+1"],"picked":"SKIP","floor":31},{"not_picked":[],"picked":"Redo+1","floor":35},{"not_picked":[],"picked":"FTL","floor":38},{"not_picked":["Scrape"],"picked":"SKIP","floor":42},{"not_picked":["Conserve Battery+1"],"picked":"SKIP","floor":45},{"not_picked":["Compile Driver"],"picked":"SKIP","floor":47},{"not_picked":["Aggregate+1"],"picked":"SKIP","floor":48}],"player_experience":94876,"relics_obtained":[{"floor":6,"key":"Unceasing Top"},{"floor":9,"key":"Lantern"},{"floor":23,"key":"Regal Pillow"},{"floor":26,"key":"Pocketwatch"},{"floor":43,"key":"Boot"},{"floor":45,"key":"StoneCalendar"}],"event_choices":[{"damage_healed":0,"gold_gain":0,"player_choice":"Entered Light","damage_taken":15,"max_hp_gain":0,"max_hp_loss":0,"event_name":"Shining Light","floor":4,"gold_loss":0,"cards_upgraded":["Strike_B","Steam"]},{"damage_healed":0,"gold_gain":0,"player_choice":"Box","damage_taken":0,"relics_obtained":["Toxic Egg 2"],"max_hp_gain":0,"max_hp_loss":0,"event_name":"Big Fish","floor":5,"gold_loss":0,"cards_obtained":["Regret"]},{"damage_healed":0,"gold_gain":0,"player_choice":"Success","damage_taken":7,"relics_obtained":["Omamori"],"max_hp_gain":0,"max_hp_loss":0,"event_name":"Scrap Ooze","floor":7,"gold_loss":0},{"damage_healed":0,"gold_gain":0,"player_choice":"Bought 0 Potions","damage_taken":0,"max_hp_gain":0,"max_hp_loss":0,"event_name":"The Woman in Blue","floor":12,"gold_loss":0},{"damage_healed":0,"gold_gain":99,"player_choice":"Stole From Cult","damage_taken":0,"max_hp_gain":0,"max_hp_loss":0,"event_name":"Nest","floor":27,"gold_loss":0},{"damage_healed":0,"gold_gain":0,"player_choice":"Ignored","damage_taken":0,"max_hp_gain":0,"max_hp_loss":0,"event_name":"Tomb of Lord Red Mask","floor":36,"gold_loss":0},{"damage_healed":0,"gold_gain":300,"player_choice":"Gold","damage_taken":0,"max_hp_gain":0,"max_hp_loss":0,"event_name":"Wheel of Change","floor":37,"gold_loss":0}],"is_beta":false,"boss_relics":[{"not_picked":["Runic Pyramid","Astrolabe"],"picked":"Orrery"},{"not_picked":["Philosopher\u0027s Stone","Runic Dome"],"picked":"Busted Crown"}],"items_purged_floors":[2,21,30,39,41],"is_endless":false,"potions_floor_spawned":[16,18,20,29,33,47],"ascension_level":0}