{"gold_per_floor":[18,35,35,35,51,51,63,80,80,98,110,123,135,166,166,239,239,255,94,112,125,175,175,209,225,277,277,277,111,124,152,152,230,230,248,248,265,34,54,54,79,79,127,157,157,31,45,55,55,55,55,55,55,13,47,47],"floor_reached":57,"playtime":2171,"items_purged":["Strike_G","Defend_G","Defend_G"],"score":3266,"play_id":"b98e043d-00c8-4f52-b8dc-af260de209db","local_time":"20190919135106","is_ascension_mode":true,"campfire_choices":[{"data":"Reflex","floor":6.0,"key":"SMITH"},{"data":"Calculated Gamble","floor":15.0,"key":"SMITH"},{"data":"Acrobatics","floor":23.0,"key":"SMITH"},{"data":"Prepared","floor":27.0,"key":"SMITH"},{"data":"Purity","floor":32.0,"key":"SMITH"},{"data":"Tactician","floor":40.0,"key":"SMITH"},{"data":"Defend_G","floor":45,"key":"PURGE"},{"floor":49,"key":"RECALL"},{"data":"Reflex+1","floor":53,"key":"PURGE"}],"neow_cost":"NO_GOLD","seed_source_timestamp":271932793141579,"circlet_count":0,"master_deck":["AscendersBane","Defend_G","Survivor","Neutralize","After Image","Catalyst","Grand Finale","Reflex+1","Calculated Gamble+1","Well Laid Plans","Backflip","Outmaneuver+1","Backstab+1","Expertise","Acrobatics+1","Prepared+1","Tactician+1","Purity+1"],"special_seed":0,"relics":["Ring of the Snake","Paper Crane","Astrolabe","The Courier","PreservedInsect","Mercury Hourglass","Busted Crown","OrangePellets","Peace Pipe","Lantern","Medical Kit","Dodecahedron"],"potions_floor_usage":[50,56,56],"damage_taken":[{"damage":0.0,"enemies":"2 Louse","floor":1.0,"turns":5.0},{"damage":9.0,"enemies":"Jaw Worm","floor":2.0,"turns":4.0},{"damage":10.0,"enemies":"Cultist","floor":5.0,"turns":6.0},{"damage":6.0,"enemies":"Large Slime","floor":7.0,"turns":8.0},{"damage":9.0,"enemies":"3 Louse","floor":8.0,"turns":6.0},{"damage":1.0,"enemies":"Exordium Wildlife","floor":10.0,"turns":2.0},{"damage":0.0,"enemies":"Exordium Thugs","floor":11.0,"turns":3.0},{"damage":21.0,"enemies":"Lots of Slimes","floor":12.0,"turns":3.0},{"damage":2.0,"enemies":"Looter","floor":13.0,"turns":4.0},{"damage":7.0,"enemies":"3 Sentries","floor":14.0,"turns":3.0},{"damage":0.0,"enemies":"The Guardian","floor":16.0,"turns":10.0},{"damage":8.0,"enemies":"3 Byrds","floor":18.0,"turns":6.0},{"damage":10.0,"enemies":"Chosen","floor":20.0,"turns":7.0},{"damage":0.0,"enemies":"Snake Plant","floor":21.0,"turns":3.0},{"damage":0.0,"enemies":"Book of Stabbing","floor":24.0,"turns":3.0},{"damage":0.0,"enemies":"Centurion and Healer","floor":25.0,"turns":6.0},{"damage":0.0,"enemies":"3 Cultists","floor":30.0,"turns":2.0},{"damage":0.0,"enemies":"Gremlin Leader","floor":31.0,"turns":2.0},{"damage":0.0,"enemies":"Collector","floor":33.0,"turns":2.0},{"damage":0.0,"enemies":"3 Darklings","floor":35.0,"turns":1.0},{"damage":0.0,"enemies":"Orb Walker","floor":37.0,"turns":2.0},{"damage":2.0,"enemies":"4 Shapes","floor":39.0,"turns":1.0},{"damage":0,"enemies":"Nemesis","floor":41,"turns":1},{"damage":0,"enemies":"Reptomancer","floor":44,"turns":1},{"damage":0,"enemies":"Sphere and 2 Shapes","floor":47,"turns":1},{"damage":0,"enemies":"Maw","floor":48,"turns":2},{"damage":15,"enemies":"Time Eater","floor":50,"turns":4},{"damage":8,"enemies":"Donu and Deca","floor":51,"turns":2},{"damage":0,"enemies":"Shield and Spear","floor":55,"turns":1},{"damage":55,"enemies":"The Heart","floor":56,"turns":7}],"seed_played":"926934576744050916","potions_obtained":[{"floor":5.0,"key":"SkillPotion"},{"floor":10.0,"key":"Regen Potion"},{"floor":11.0,"key":"GhostInAJar"},{"floor":14.0,"key":"Energy Potion"},{"floor":18.0,"key":"GamblersBrew"},{"floor":24.0,"key":"Energy Potion"},{"floor":25.0,"key":"SkillPotion"},{"floor":39.0,"key":"Poison Potion"},{"floor":41,"key":"SkillPotion"},{"floor":44,"key":"Ancient Potion"}],"is_trial":false,"path_per_floor":["M","M","?","?","M","R","M","M","T","M","M","M","M","E","R","B",null,"M","$","M","M","?","R","E","M","T","R","?","$","M","E","R","B",null,"M","?","M","$","M","R","E","$","T","E","R","$","M","M","R","B","B",null,"R","$","E","B",null],"character_chosen":"THE_SILENT","items_purchased":["Expertise","Purity","OrangePellets","Medical Kit","Swift Potion"],"campfire_rested":0,"item_purchase_floors":[19,29,38,46,54],"current_hp_per_floor":[59,50,66,66,56,56,50,41,41,40,40,19,17,19,19,19,54,46,46,36,36,36,36,36,36,36,36,36,36,36,36,36,36,59,59,59,59,59,57,57,57,57,57,57,57,57,57,57,57,42,34,58,58,58,58,3],"gold":47,"neow_bonus":"THREE_RARE_CARDS","is_prod":false,"is_daily":false,"chose_seed":false,"campfire_upgraded":6,"win_rate":0,"timestamp":1568868666,"path_taken":["M","M","?","?","M","R","M","M","T","M","M","?","M","E","R","BOSS","M","$","M","M","?","R","E","M","T","R","?","$","?","E","R","BOSS","M","?","M","?","?","R","E","$","T","E","R","$","M","M","R","BOSS","BOSS","R","$","E","BOSS"],"build_version":"2019-09-18","purchased_purges":3,"victory":true,"max_hp_per_floor":[66,66,66,66,66,66,66,66,66,66,66,66,66,66,66,66,66,66,66,66,66,66,66,66,66,66,66,66,66,66,66,66,66,66,66,66,66,66,66,66,66,66,66,66,66,66,66,66,66,66,66,66,66,66,66,66],"card_choices":[{"not_picked":["Tools of the Trade","Envenom"],"picked":"After Image","floor":0.0},{"not_picked":["Dodge and Roll","Heel Hook"],"picked":"Catalyst","floor":1.0},{"not_picked":["Blade Dance","Flying Knee","Dagger Throw"],"picked":"SKIP","floor":2.0},{"not_picked":["PiercingWail","Dagger Spray"],"picked":"Reflex","floor":5.0},{"not_picked":["Choke","Deflect"],"picked":"Calculated Gamble","floor":7.0},{"not_picked":["Noxious Fumes","Deadly Poison"],"picked":"Well Laid Plans","floor":8.0},{"not_picked":["Flechettes","Prepared"],"picked":"Backflip","floor":10.0},{"not_picked":["A Thousand Cuts","Dagger Throw","Outmaneuver"],"picked":"SKIP","floor":11.0},{"not_picked":["Blade Dance","Outmaneuver","Deflect"],"picked":"SKIP","floor":12.0},{"not_picked":["Terror","Flechettes","Flying Knee"],"picked":"SKIP","floor":13.0},{"not_picked":["Underhanded Strike","Poisoned Stab","Deadly Poison"],"picked":"SKIP","floor":14.0},{"not_picked":["Flying Knee","Sucker Punch","Riddle With Holes"],"picked":"SKIP","floor":18.0},{"not_picked":["Outmaneuver","Dagger Spray+1"],"picked":"Acrobatics","floor":20.0},{"not_picked":["Blade Dance+1","Dodge and Roll","Underhanded Strike"],"picked":"SKIP","floor":21.0},{"not_picked":["Slice","Phantasmal Killer"],"picked":"Prepared","floor":24.0},{"not_picked":["Escape Plan","Eviscerate"],"picked":"Tactician","floor":25.0},{"not_picked":["Prepared","Cloak And Dagger","Choke"],"picked":"SKIP","floor":30.0},{"not_picked":["Concentrate","Poisoned Stab","Acrobatics"],"picked":"SKIP","floor":31.0},{"not_picked":["Outmaneuver+1"],"picked":"SKIP","floor":35.0},{"not_picked":["Masterful Stab"],"picked":"SKIP","floor":37.0},{"not_picked":["Sucker Punch"],"picked":"SKIP","floor":39.0},{"not_picked":["Bane+1"],"picked":"SKIP","floor":41},{"not_picked":["Quick Slash"],"picked":"SKIP","floor":44},{"not_picked":["Unload"],"picked":"SKIP","floor":47},{"not_picked":["Footwork"],"picked":"SKIP","floor":48},{"not_picked":["Underhanded Strike"],"picked":"SKIP","floor":55}],"player_experience":1097803,"relics_obtained":[{"floor":9.0,"key":"Paper Crane"},{"floor":24.0,"key":"The Courier"},{"floor":26.0,"key":"PreservedInsect"},{"floor":31.0,"key":"Mercury Hourglass"},{"floor":41,"key":"Peace Pipe"},{"floor":44,"key":"Lantern"},{"floor":55,"key":"Dodecahedron"}],"event_choices":[{"damage_healed":22.0,"max_hp_gain":0.0,"max_hp_loss":0.0,"gold_gain":0.0,"event_name":"Big Fish","player_choice":"Banana","floor":3.0,"gold_loss":0.0,"damage_taken":0.0},{"damage_healed":0.0,"max_hp_gain":0.0,"max_hp_loss":0.0,"gold_gain":0.0,"cards_transformed":["Strike_G"],"event_name":"Transmorgrifier","player_choice":"Transformed","floor":4.0,"gold_loss":0.0,"damage_taken":0.0,"cards_obtained":["Grand Finale"]},{"damage_healed":0.0,"max_hp_gain":0.0,"max_hp_loss":0.0,"gold_gain":50.0,"event_name":"Nest","player_choice":"Stole From Cult","floor":22.0,"gold_loss":0.0,"damage_taken":0.0},{"cards_removed":["Defend_G"],"damage_healed":0.0,"max_hp_gain":0.0,"max_hp_loss":0.0,"gold_gain":0.0,"event_name":"Back to Basics","player_choice":"Elegance","floor":28.0,"gold_loss":0.0,"damage_taken":0.0},{"damage_healed":0.0,"max_hp_gain":0.0,"max_hp_loss":0.0,"gold_gain":0.0,"event_name":"Tomb of Lord Red Mask","player_choice":"Ignored","floor":36.0,"gold_loss":0.0,"damage_taken":0.0}],"is_beta":true,"boss_relics":[{"not_picked":["Ring of the Serpent","Coffee Dripper"],"picked":"Astrolabe"},{"not_picked":["Snecko Eye","SlaversCollar"],"picked":"Busted Crown"}],"items_purged_floors":[19,29,38],"is_endless":false,"potions_floor_spawned":[5,10,11,12,14,18,24,25,30,39,41,44,48],"ascension_level":20}