{"path_per_floor":["M","M","M","M","T","R","E","M","T","R","E","M","M","M","R","B",null,"M","M","M","M","M","M","M","?","T","$","M","?","M","M","R","B",null,"M","$","M","M","M","R","?","?","T","M"],"character_chosen":"DEFECT","items_purchased":["Self Repair","Capacitor","Coolheaded"],"gold_per_floor":[116,127,137,148,148,148,174,188,214,214,243,257,274,293,293,367,367,367,367,367,367,367,367,367,367,367,217,217,217,217,217,217,217,217,217,89,89,89,89,89,89,89,89,89,89],"floor_reached":45,"campfire_rested":3,"playtime":2547,"item_purchase_floors":[],"current_hp_per_floor":[63,63,62,58,58,58,46,36,36,36,20,19,9,5,24,21,53,48,47,43,41,31,31,37,37,37,37,42,42,28,21,40,10,51,53,53,51,40,21,40,40,31,31,22,0],"items_purged":["Decay"],"gold":89,"score":797,"play_id":"0d352c44-9e61-456b-97cd-c7522fdecc37","local_time":"20180611070937","is_prod":false,"is_daily":false,"chose_seed":false,"is_ascension_mode":true,"campfire_upgraded":2,"win_rate":0,"timestamp":1528693777,"campfire_choices":[{"data":"Defragment","floor":6.0,"key":"SMITH"},{"data":"Zap","floor":10.0,"key":"SMITH"},{"floor":15.0,"key":"REST"},{"floor":32.0,"key":"REST"},{"floor":40,"key":"REST"}],"path_taken":["M","M","M","M","?","R","E","M","T","R","E","M","M","?","R","BOSS","M","M","M","M","M","M","M","?","T","$","M","?","M","M","R","BOSS","M","$","?","M","M","R","?","?","T","M","M"],"build_version":"2018-06-07v3","seed_source_timestamp":0,"purchased_purges":1,"victory":false,"master_deck":["Strike_B","Strike_B","Strike_B","Strike_B","Defend_B","Defend_B+1","Defend_B+1","Defend_B","Zap+1","Dualcast","AscendersBane","Biased Cognition","Defragment+1","Cold Snap","Coolheaded","Ball Lightning","Compile Driver","Coolheaded","Barrage","Machine Learning","Coolheaded","Barrage","Self Repair","Blizzard","Capacitor+1","Biased Cognition","Cold Snap","Capacitor","Coolheaded","Compile Driver"],"max_hp_per_floor":[64,64,64,64,64,64,64,64,64,64,64,64,64,64,64,64,64,64,64,64,64,64,64,64,64,64,64,64,64,64,64,64,64,64,64,64,64,64,64,64,64,64,64,64,64],"relics":["Cracked Core","Centennial Puzzle","Boot","War Paint","Peace Pipe","Ectoplasm","Ornamental Fan","Inserter","Blood Vial"],"card_choices":[{"not_picked":["Amplify","Hyperbeam"],"picked":"Biased Cognition","floor":0.0},{"not_picked":["Steam Power","Streamline"],"picked":"Defragment","floor":1.0},{"not_picked":["Rebound","Rip and Tear"],"picked":"Cold Snap","floor":2.0},{"not_picked":["Redo","Turbo","Beam Cell"],"picked":"SKIP","floor":3.0},{"not_picked":["Beam Cell","Chill"],"picked":"Coolheaded","floor":4.0},{"not_picked":["Chill","Redo"],"picked":"Ball Lightning","floor":7.0},{"not_picked":["Undo","Reinforced Body"],"picked":"Compile Driver","floor":8.0},{"not_picked":["Scrape","Redo","Steam"],"picked":"SKIP","floor":11.0},{"not_picked":["Chaos","Multi-Cast"],"picked":"Leap","floor":12.0},{"not_picked":["Turbo","Conserve Battery"],"picked":"Coolheaded","floor":13.0},{"not_picked":["Conserve Battery","White Noise"],"picked":"Barrage","floor":14.0},{"not_picked":["Buffer","Amplify"],"picked":"Machine Learning","floor":16.0},{"not_picked":["Hello World","Gash","Turbo"],"picked":"SKIP","floor":18.0},{"not_picked":["White Noise","BootSequence","Turbo"],"picked":"SKIP","floor":19.0},{"not_picked":["Recycle","Streamline+1"],"picked":"Coolheaded","floor":20.0},{"not_picked":["Consume","Cold Snap"],"picked":"Barrage","floor":21.0},{"not_picked":["Compile Driver","Ball Lightning","Hello World"],"picked":"SKIP","floor":22.0},{"not_picked":["Storm","Chaos","Conserve Battery"],"picked":"SKIP","floor":23.0},{"not_picked":["Multi-Cast","Heatsinks+1","Redo"],"picked":"SKIP","floor":24.0},{"not_picked":["Redo","Double Energy","Sunder"],"picked":"SKIP","floor":28.0},{"not_picked":["Ball Lightning","Hello World"],"picked":"Blizzard","floor":30.0},{"not_picked":["Sweeping Beam","Go for the Eyes"],"picked":"Capacitor+1","floor":31.0},{"not_picked":["Thunder Strike","Multi-Cast"],"picked":"Biased Cognition","floor":33},{"not_picked":["Sweeping Beam","Steam"],"picked":"Cold Snap","floor":35},{"not_picked":["Doom and Gloom","Aggregate","Gash+1"],"picked":"SKIP","floor":37},{"not_picked":["Reprogram","Coolheaded"],"picked":"Compile Driver","floor":38},{"not_picked":["Fusion","Conserve Battery+1","Rebound"],"picked":"SKIP","floor":39},{"not_picked":["Conserve Battery+1","Meteor Strike","Steam+1"],"picked":"SKIP","floor":44}],"player_experience":864124,"potions_floor_usage":[33,45],"damage_taken":[{"damage":1.0,"enemies":"Cultist","floor":1.0,"turns":3.0},{"damage":0.0,"enemies":"Small Slimes","floor":2.0,"turns":3.0},{"damage":1.0,"enemies":"Jaw Worm","floor":3.0,"turns":3.0},{"damage":4.0,"enemies":"Looter","floor":4.0,"turns":3.0},{"damage":12.0,"enemies":"3 Sentries","floor":7.0,"turns":5.0},{"damage":10.0,"enemies":"Large Slime","floor":8.0,"turns":3.0},{"damage":16.0,"enemies":"Gremlin Nob","floor":11.0,"turns":3.0},{"damage":1.0,"enemies":"2 Fungi Beasts","floor":12.0,"turns":2.0},{"damage":10.0,"enemies":"Gremlin Gang","floor":13.0,"turns":2.0},{"damage":4.0,"enemies":"Large Slime","floor":14.0,"turns":4.0},{"damage":3.0,"enemies":"Slime Boss","floor":16.0,"turns":7.0},{"damage":5.0,"enemies":"Spheric Guardian","floor":18.0,"turns":4.0},{"damage":1.0,"enemies":"Chosen","floor":19.0,"turns":5.0},{"damage":4.0,"enemies":"Snecko","floor":20.0,"turns":4.0},{"damage":2.0,"enemies":"Cultist and Chosen","floor":21.0,"turns":5.0},{"damage":10.0,"enemies":"Snake Plant","floor":22.0,"turns":5.0},{"damage":0.0,"enemies":"Centurion and Healer","floor":23.0,"turns":7.0},{"damage":8.0,"enemies":"Cultist and Chosen","floor":24.0,"turns":8.0},{"damage":2.0,"enemies":"Sentry and Sphere","floor":28.0,"turns":6.0},{"damage":21.0,"enemies":"Centurion and Healer","floor":30.0,"turns":7.0},{"damage":14.0,"enemies":"Slaver and Parasite","floor":31.0,"turns":5.0},{"damage":37,"enemies":"Automaton","floor":33,"turns":12},{"damage":5,"enemies":"3 Shapes","floor":35,"turns":6},{"damage":9,"enemies":"Orb Walker","floor":37,"turns":4},{"damage":18,"enemies":"4 Shapes","floor":38,"turns":5},{"damage":26,"enemies":"Sphere and 2 Shapes","floor":39,"turns":6},{"damage":18,"enemies":"Maw","floor":44,"turns":8},{"damage":25,"enemies":"3 Darklings","floor":45,"turns":1}],"relics_obtained":[{"floor":5.0,"key":"Centennial Puzzle"},{"floor":7.0,"key":"Boot"},{"floor":9.0,"key":"War Paint"},{"floor":11.0,"key":"Peace Pipe"},{"floor":26.0,"key":"Ornamental Fan"},{"floor":43,"key":"Blood Vial"}],"event_choices":[{"event_name":"Forgotten Altar","player_choice":"Smashed Altar","floor":25.0,"damage_taken":0.0},{"event_name":"Drug Dealer","player_choice":"Ignored","floor":29.0,"damage_taken":0.0},{"event_name":"Falling","player_choice":"Removed Skill","floor":41,"damage_taken":0},{"event_name":"Wheel of Change","player_choice":"Damage","floor":42,"damage_taken":0}],"boss_relics":[{"not_picked":["Pandora\u0027s Box","Eternal Feather"],"picked":"Ectoplasm"},{"not_picked":["Cursed Key","Snecko Eye"],"picked":"Inserter"}],"items_purged_floors":[],"potions_floor_spawned":[1,7,8,11,18,23,24,31,33,35,38],"seed_played":"-2111190258689529098","killed_by":"3 Darklings","ascension_level":15,"potions_obtained":[{"floor":1.0,"key":"SkillPotion"},{"floor":7.0,"key":"Poison Potion"},{"floor":8.0,"key":"Explosive Potion"},{"floor":11.0,"key":"Poison Potion"},{"floor":18.0,"key":"Poison Potion"},{"floor":23.0,"key":"Regen Potion"},{"floor":24.0,"key":"Poison Potion"},{"floor":31.0,"key":"SteroidPotion"},{"floor":33,"key":"Energy Potion"},{"floor":35,"key":"Strength Potion"}],"is_trial":false}