{"path_per_floor":["M","?","?","M","M","R","E","M","T","E","M","?","R","$","R","B",null,"M","?","M","$","?","M","R","?","T","M","M","$","R","M","R"],"character_chosen":"DEFECT","items_purchased":["Capacitor","Consume","Barrage","Pantograph","Ball Lightning"],"gold_per_floor":[117,117,117,131,149,149,190,203,203,234,254,504,504,11,11,135,135,160,160,175,100,100,118,118,118,172,187,201,101,101,120,120,120],"floor_reached":33,"campfire_rested":1,"playtime":1292,"item_purchase_floors":[],"current_hp_per_floor":[63,63,60,57,50,50,38,14,14,8,8,8,8,8,8,19,61,50,50,39,39,39,17,17,17,22,11,8,8,30,35,35,0],"items_purged":["Strike_B","Strike_B"],"gold":120,"score":373,"play_id":"58b21975-6f4f-4642-b779-8d691e007a0f","local_time":"20180610120814","is_prod":false,"is_daily":false,"chose_seed":false,"is_ascension_mode":true,"campfire_upgraded":5,"win_rate":0,"timestamp":1528625294,"campfire_choices":[{"data":"Sweeping Beam","floor":6.0,"key":"SMITH"},{"data":"Fission","floor":13.0,"key":"SMITH"},{"data":"Zap","floor":15.0,"key":"SMITH"},{"data":"Consume","floor":24,"key":"SMITH"},{"floor":30,"key":"REST"},{"data":"Seek","floor":32,"key":"SMITH"}],"path_taken":["M","?","?","M","M","R","E","M","T","E","?","?","R","$","R","BOSS","M","?","M","?","?","?","R","?","T","M","M","$","R","M","R","BOSS"],"build_version":"2018-06-07v3","seed_source_timestamp":47646570467707,"purchased_purges":2,"victory":false,"master_deck":["Strike_B","Strike_B","Defend_B","Defend_B","Defend_B","Defend_B","Zap+1","Dualcast","Sweeping Beam+1","Leap","Cold Snap","Fission+1","Capacitor","Consume+1","Barrage","Ball Lightning","Buffer","Compile Driver","Cold Snap","Seek+1","Barrage"],"max_hp_per_floor":[75,75,75,75,75,75,75,75,75,75,75,75,75,75,75,75,75,75,75,75,75,75,75,75,75,75,75,75,75,75,75,75,75],"relics":["Cracked Core","Omamori","Bloody Idol","Bronze Scales","Matryoshka","Cables","Art of War","Bag of Preparation","Pantograph","Runic Dome","Lantern","Vajra"],"card_choices":[{"not_picked":["Gash","Stack","Chaos"],"picked":"SKIP","floor":1.0},{"not_picked":["Streamline","Redo","Undo"],"picked":"SKIP","floor":4.0},{"not_picked":["Blizzard","Hologram"],"picked":"Sweeping Beam","floor":5.0},{"not_picked":["Compile Driver","Steam Power"],"picked":"Leap","floor":7.0},{"not_picked":["Chaos","Hologram"],"picked":"Cold Snap","floor":8.0},{"not_picked":["Redo","Amplify"],"picked":"Fission","floor":10.0},{"not_picked":["Rebound","Steam","Redo"],"picked":"SKIP","floor":11.0},{"not_picked":["Core Surge","Hyperbeam"],"picked":"Buffer","floor":16.0},{"not_picked":["Consume+1","Leap"],"picked":"Compile Driver","floor":18.0},{"not_picked":["Gash","Undo","Compile Driver"],"picked":"SKIP","floor":20.0},{"not_picked":["Rebound","Redo","Sunder"],"picked":"SKIP","floor":23},{"not_picked":["Compile Driver","Beam Cell","Hologram+1"],"picked":"SKIP","floor":27},{"not_picked":["Double Energy","Blizzard"],"picked":"Seek","floor":28},{"not_picked":["Beam Cell","Streamline"],"picked":"Barrage","floor":31}],"player_experience":843797,"potions_floor_usage":[33,33,33],"damage_taken":[{"damage":5.0,"enemies":"Small Slimes","floor":1.0,"turns":4.0},{"damage":3.0,"enemies":"2 Louse","floor":4.0,"turns":2.0},{"damage":7.0,"enemies":"Jaw Worm","floor":5.0,"turns":3.0},{"damage":12.0,"enemies":"Gremlin Nob","floor":7.0,"turns":3.0},{"damage":24.0,"enemies":"Exordium Wildlife","floor":8.0,"turns":4.0},{"damage":6.0,"enemies":"3 Sentries","floor":10.0,"turns":5.0},{"damage":0.0,"enemies":"2 Fungi Beasts","floor":11.0,"turns":2.0},{"damage":14.0,"enemies":"Hexaghost","floor":16.0,"turns":10.0},{"damage":11.0,"enemies":"Spheric Guardian","floor":18.0,"turns":3.0},{"damage":11.0,"enemies":"Chosen","floor":20.0,"turns":6.0},{"damage":27,"enemies":"3 Cultists","floor":23,"turns":5},{"damage":16,"enemies":"Snake Plant","floor":27,"turns":4},{"damage":8,"enemies":"Cultist and Chosen","floor":28,"turns":6},{"damage":0,"enemies":"Snecko","floor":31,"turns":5},{"damage":70,"enemies":"Collector","floor":33,"turns":9}],"relics_obtained":[{"floor":7.0,"key":"Matryoshka"},{"floor":9.0,"key":"Cables"},{"floor":9.0,"key":"Art of War"},{"floor":10.0,"key":"Bag of Preparation"},{"floor":26,"key":"Lantern"},{"floor":26,"key":"Vajra"}],"event_choices":[{"event_name":"Golden Idol","player_choice":"Take Wound","floor":2.0,"damage_taken":0.0},{"event_name":"Scrap Ooze","player_choice":"success","floor":3.0,"damage_taken":3.0},{"event_name":"Golden Shrine","player_choice":"Desecrate","floor":12.0,"damage_taken":0.0},{"event_name":"Cursed Tome","player_choice":"Ignored","floor":19.0,"damage_taken":0.0},{"event_name":"Forgotten Altar","player_choice":"Gave Idol","floor":22.0,"damage_taken":0.0},{"event_name":"Duplicator","player_choice":"One dupe","floor":25,"damage_taken":0}],"boss_relics":[{"not_picked":["Pandora\u0027s Box","Snecko Eye"],"picked":"Runic Dome"}],"items_purged_floors":[],"potions_floor_spawned":[1,5,10,11,20,23,27],"seed_played":"8807805874469027715","killed_by":"Collector","ascension_level":9,"potions_obtained":[{"floor":1.0,"key":"LiquidBronze"},{"floor":5.0,"key":"AttackPotion"},{"floor":10.0,"key":"Weak Potion"},{"floor":11.0,"key":"Poison Potion"},{"floor":20.0,"key":"PowerPotion"},{"floor":23,"key":"Fire Potion"}],"is_trial":false}