{"gold_per_floor":[116,135,135,11,11,11,11,11,11,40,50,82,94,114,114,114],"floor_reached":16,"playtime":319,"items_purged":[],"score":270,"play_id":"abb0c7d9-a884-462a-88ee-e2cbabad5c55","local_time":"20190817141142","is_ascension_mode":true,"campfire_choices":[{"data":"Endless Agony","floor":6.0,"key":"SMITH"},{"data":"Calculated Gamble","floor":8.0,"key":"SMITH"},{"data":"Tactician","floor":15.0,"key":"SMITH"}],"neow_cost":"NONE","seed_source_timestamp":211441578648262,"circlet_count":0,"master_deck":["AscendersBane","Strike_G","Strike_G","Strike_G","Strike_G","Defend_G","Defend_G","Defend_G","Defend_G","Defend_G","Survivor","Neutralize","Tactician+1","Calculated Gamble+1","Endless Agony+1","Flechettes","Calculated Gamble","Escape Plan","Acrobatics","Burst"],"special_seed":0,"relics":["Ring of the Snake","NeowsBlessing","Mummified Hand","StoneCalendar","Thread and Needle"],"potions_floor_usage":[16,16],"damage_taken":[{"damage":0.0,"enemies":"Jaw Worm","floor":1.0,"turns":1.0},{"damage":0.0,"enemies":"2 Louse","floor":2.0,"turns":1.0},{"damage":0.0,"enemies":"Lagavulin","floor":10.0,"turns":1.0},{"damage":0.0,"enemies":"Small Slimes","floor":11.0,"turns":4.0},{"damage":60.0,"enemies":"Gremlin Nob","floor":12.0,"turns":5.0},{"damage":0.0,"enemies":"2 Fungi Beasts","floor":13.0,"turns":3.0},{"damage":3.0,"enemies":"Exordium Thugs","floor":14.0,"turns":4.0},{"damage":2,"enemies":"Hexaghost","floor":16,"turns":8}],"seed_played":"-5421365896821463755","potions_obtained":[{"floor":1.0,"key":"Dexterity Potion"},{"floor":12.0,"key":"Energy Potion"}],"is_trial":false,"path_per_floor":["M","M","?","$","?","R","?","R","T","E","M","E","M","M","R","B"],"character_chosen":"THE_SILENT","items_purchased":["Calculated Gamble","Endless Agony"],"campfire_rested":0,"item_purchase_floors":[4,4],"current_hp_per_floor":[59,59,59,59,59,59,64,64,64,64,64,4,4,1,1,0],"gold":114,"neow_bonus":"THREE_ENEMY_KILL","is_prod":false,"is_daily":false,"chose_seed":false,"campfire_upgraded":3,"win_rate":0,"timestamp":1566018702,"path_taken":["M","M","?","$","?","R","?","R","T","E","M","E","M","M","R","BOSS"],"build_version":"2019-07-17","purchased_purges":0,"victory":false,"max_hp_per_floor":[66,66,66,66,66,66,71,71,71,71,71,71,71,71,71,71],"card_choices":[{"not_picked":["Reflex","Slice","Cloak And Dagger"],"picked":"SKIP","floor":1.0},{"not_picked":["Footwork","Terror"],"picked":"Tactician","floor":2.0},{"not_picked":["Flying Knee","Blur"],"picked":"Flechettes","floor":10.0},{"not_picked":["Dagger Throw","Dodge and Roll"],"picked":"Calculated Gamble","floor":11.0},{"not_picked":["Bane","Prepared"],"picked":"Escape Plan","floor":12.0},{"not_picked":["Caltrops","Expertise"],"picked":"Acrobatics","floor":13.0},{"not_picked":["Bane","Backstab"],"picked":"Burst","floor":14.0}],"player_experience":918454,"relics_obtained":[{"floor":9.0,"key":"Mummified Hand"},{"floor":10.0,"key":"StoneCalendar"},{"floor":12.0,"key":"Thread and Needle"}],"event_choices":[{"cards_removed":["Strike_G"],"damage_healed":0.0,"max_hp_gain":0.0,"max_hp_loss":0.0,"gold_gain":0.0,"event_name":"Living Wall","player_choice":"Forget","floor":3.0,"gold_loss":0.0,"damage_taken":0.0},{"damage_healed":0.0,"max_hp_gain":0.0,"max_hp_loss":0.0,"gold_gain":0.0,"event_name":"Liars Game","player_choice":"Ignored","floor":5.0,"gold_loss":0.0,"damage_taken":0.0},{"damage_healed":0.0,"max_hp_gain":5.0,"max_hp_loss":0.0,"gold_gain":0.0,"event_name":"Big Fish","player_choice":"Donut","floor":7.0,"gold_loss":0.0,"damage_taken":0.0}],"is_beta":false,"boss_relics":[],"items_purged_floors":[],"is_endless":false,"potions_floor_spawned":[1,12,14],"killed_by":"Hexaghost","ascension_level":20}