{"gold_per_floor":[117,134,134,152,152,177,177,212,212,246,258,116,116,126,126,204,204,221,221,236,25,39,39,39,81,107,107,142,142,167,192,192,276,276,292,292,167,274,292,318,338,364,364,389,403,403,253,269,269,269,269,269,269,120,150,150],"floor_reached":57,"playtime":2609,"items_purged":["Skewer","Quick Slash","Blade Dance","Flechettes+1"],"score":3336,"play_id":"602af45c-6c36-4554-afaf-60383435f528","local_time":"20190915202520","is_ascension_mode":true,"campfire_choices":[{"data":"Flechettes","floor":7.0,"key":"SMITH"},{"data":"Acrobatics","floor":15.0,"key":"SMITH"},{"data":"Calculated Gamble","floor":23.0,"key":"SMITH"},{"data":"Malaise","floor":27.0,"key":"SMITH"},{"floor":29.0,"key":"REST"},{"data":"Neutralize","floor":32.0,"key":"SMITH"},{"floor":49.0,"key":"RECALL"},{"data":"Backflip","floor":53,"key":"SMITH"}],"neow_cost":"NONE","seed_source_timestamp":157617375759378,"circlet_count":0,"master_deck":["AscendersBane","Survivor+1","Neutralize+1","Distraction","Corpse Explosion+1","PiercingWail","Endless Agony","Die Die Die","Calculated Gamble+1","Acrobatics+1","Backflip+1","After Image","Malaise+1","Escape Plan","Grand Finale","Prepared+1","Deep Breath+1"],"special_seed":0,"relics":["Pandora\u0027s Box","Paper Crane","Singing Bowl","Boot","Art of War","CeramicFish","Black Star","Mercury Hourglass","White Beast Statue","MealTicket","War Paint","Dodecahedron","PreservedInsect","Toxic Egg 2","SacredBark","Turnip","Blue Candle","Sundial","Juzu Bracelet","Anchor","Shuriken","Eternal Feather","Calipers"],"potions_floor_usage":[51,56,56],"damage_taken":[{"damage":4.0,"enemies":"Small Slimes","floor":1.0,"turns":3.0},{"damage":2.0,"enemies":"Jaw Worm","floor":2.0,"turns":3.0},{"damage":5.0,"enemies":"2 Louse","floor":4.0,"turns":2.0},{"damage":0.0,"enemies":"3 Sentries","floor":6.0,"turns":2.0},{"damage":19.0,"enemies":"Gremlin Nob","floor":8.0,"turns":4.0},{"damage":23.0,"enemies":"3 Sentries","floor":10.0,"turns":6.0},{"damage":2.0,"enemies":"Blue Slaver","floor":11.0,"turns":3.0},{"damage":1.0,"enemies":"Red Slaver","floor":14.0,"turns":4.0},{"damage":9.0,"enemies":"Slime Boss","floor":16.0,"turns":11.0},{"damage":3.0,"enemies":"Spheric Guardian","floor":18.0,"turns":7.0},{"damage":7.0,"enemies":"2 Thieves","floor":20.0,"turns":3.0},{"damage":6.0,"enemies":"Snake Plant","floor":22.0,"turns":6.0},{"damage":28.0,"enemies":"Slavers","floor":25.0,"turns":2.0},{"damage":16.0,"enemies":"Book of Stabbing","floor":28.0,"turns":9.0},{"damage":0.0,"enemies":"Shelled Parasite and Fungi","floor":30.0,"turns":6.0},{"damage":17.0,"enemies":"Slavers","floor":31.0,"turns":3.0},{"damage":12.0,"enemies":"Automaton","floor":33.0,"turns":15.0},{"damage":7.0,"enemies":"3 Shapes","floor":35.0,"turns":4.0},{"damage":0.0,"enemies":"Mind Bloom Boss Battle","floor":38.0,"turns":7.0},{"damage":0.0,"enemies":"3 Darklings","floor":39.0,"turns":2.0},{"damage":0.0,"enemies":"Reptomancer","floor":40.0,"turns":2.0},{"damage":12.0,"enemies":"Jaw Worm Horde","floor":41.0,"turns":3.0},{"damage":0.0,"enemies":"Giant Head","floor":42.0,"turns":3.0},{"damage":0.0,"enemies":"Reptomancer","floor":44.0,"turns":3.0},{"damage":0.0,"enemies":"4 Shapes","floor":45.0,"turns":3.0},{"damage":3.0,"enemies":"Sphere and 2 Shapes","floor":48.0,"turns":3.0},{"damage":0.0,"enemies":"Donu and Deca","floor":50.0,"turns":3.0},{"damage":9,"enemies":"Time Eater","floor":51,"turns":9},{"damage":3,"enemies":"Shield and Spear","floor":55,"turns":2},{"damage":37,"enemies":"The Heart","floor":56,"turns":5}],"seed_played":"5004026100258025457","potions_obtained":[{"floor":1.0,"key":"FearPotion"},{"floor":4.0,"key":"Weak Potion"},{"floor":8.0,"key":"GamblersBrew"},{"floor":18.0,"key":"Strength Potion"},{"floor":28.0,"key":"Fire Potion"},{"floor":30.0,"key":"FearPotion"},{"floor":31.0,"key":"SteroidPotion"},{"floor":35.0,"key":"Swift Potion"},{"floor":40.0,"key":"Explosive Potion"},{"floor":41.0,"key":"Poison Potion"},{"floor":42.0,"key":"Ancient Potion"},{"floor":48.0,"key":"PowerPotion"},{"floor":55,"key":"AttackPotion"}],"is_trial":false,"path_per_floor":["M","M","?","M","T","E","R","E","T","E","M","$","?","M","R","B",null,"M","?","M","$","M","R","?","E","T","R","E","R","M","E","R","B",null,"M","?","$","?","M","E","M","E","T","E","M","?","$","M","R","B","B",null,"R","$","E","B",null],"character_chosen":"THE_SILENT","items_purchased":["Acrobatics","Backflip","EntropicBrew","Deep Breath+1","FearPotion"],"campfire_rested":1,"item_purchase_floors":[12,12,21,54,54],"current_hp_per_floor":[55,53,53,48,48,48,48,31,31,10,10,10,10,11,11,2,56,55,55,50,50,46,46,46,18,18,18,4,28,28,13,13,1,63,58,58,73,73,75,77,67,69,69,71,73,73,88,87,87,87,78,95,95,100,99,62],"gold":150,"neow_bonus":"BOSS_RELIC","is_prod":false,"is_daily":false,"chose_seed":false,"campfire_upgraded":6,"win_rate":0,"timestamp":1568546720,"path_taken":["M","M","?","M","?","E","R","E","T","E","M","$","?","M","R","BOSS","M","?","M","$","M","R","?","E","T","R","E","R","M","E","R","BOSS","M","?","$","?","M","E","M","E","T","E","M","?","?","M","R","BOSS","BOSS","R","$","E","BOSS"],"build_version":"2019-09-12","purchased_purges":4,"victory":true,"max_hp_per_floor":[66,66,66,66,66,66,66,68,68,70,72,72,72,74,74,74,74,76,76,78,78,80,80,80,80,80,80,82,82,82,84,84,84,84,86,86,86,86,88,90,92,94,94,96,98,98,98,100,100,100,100,100,100,100,102,102],"card_choices":[{"not_picked":["Noxious Fumes","Blade Dance","Slice"],"picked":"SKIP","floor":1.0},{"not_picked":["Dodge and Roll","Slice","Dagger Throw"],"picked":"SKIP","floor":2.0},{"not_picked":["Flying Knee","Slice","Infinite Blades"],"picked":"SKIP","floor":4.0},{"not_picked":["Blade Dance","Deadly Poison"],"picked":"Flechettes","floor":6.0},{"not_picked":["Masterful Stab","Sucker Punch","Bane"],"picked":"Singing Bowl","floor":8.0},{"not_picked":["Catalyst","Corpse Explosion","Expertise"],"picked":"Singing Bowl","floor":10.0},{"not_picked":["Footwork","PiercingWail","Crippling Poison"],"picked":"Singing Bowl","floor":11.0},{"not_picked":["Skewer","Blade Dance","Blur"],"picked":"Singing Bowl","floor":14.0},{"not_picked":["Night Terror","Envenom"],"picked":"After Image","floor":16.0},{"not_picked":["Bane","Quick Slash","Dodge and Roll"],"picked":"Singing Bowl","floor":18.0},{"not_picked":["Slice","Sucker Punch","Catalyst"],"picked":"Singing Bowl","floor":20.0},{"not_picked":["Backflip","Dash","Dagger Throw"],"picked":"Singing Bowl","floor":22.0},{"not_picked":["Flying Knee","Cloak And Dagger"],"picked":"Malaise","floor":25.0},{"not_picked":["Bouncing Flask","Leg Sweep","Heel Hook"],"picked":"Singing Bowl","floor":28.0},{"not_picked":["Underhanded Strike","Flying Knee"],"picked":"Escape Plan","floor":30.0},{"not_picked":["Setup+1","Deflect","Heel Hook"],"picked":"Singing Bowl","floor":31.0},{"not_picked":["Corpse Explosion+1","Doppelganger+1"],"picked":"Grand Finale","floor":33.0},{"not_picked":["Flying Knee+1","Leg Sweep+1","Eviscerate"],"picked":"Singing Bowl","floor":35.0},{"not_picked":["Dagger Spray","Leg Sweep+1"],"picked":"Prepared+1","floor":38.0},{"not_picked":["Outmaneuver+1","Heel Hook","Quick Slash"],"picked":"Singing Bowl","floor":39.0},{"not_picked":["Concentrate+1","Prepared+1","Choke"],"picked":"Singing Bowl","floor":40.0},{"not_picked":["Escape Plan+1","A Thousand Cuts","Crippling Poison+1"],"picked":"Singing Bowl","floor":41.0},{"not_picked":["Dodge and Roll+1","Dagger Spray","PiercingWail+1"],"picked":"Singing Bowl","floor":42.0},{"not_picked":["Poisoned Stab","Bane","Choke"],"picked":"Singing Bowl","floor":44.0},{"not_picked":["Acrobatics+1","Terror+1","Dagger Spray"],"picked":"Singing Bowl","floor":45.0},{"not_picked":["Heel Hook+1","Sucker Punch","Deadly Poison+1"],"picked":"Singing Bowl","floor":48.0},{"not_picked":["Deadly Poison+1","Bouncing Flask+1","Prepared+1"],"picked":"Singing Bowl","floor":55}],"player_experience":1089757,"relics_obtained":[{"floor":5.0,"key":"Paper Crane"},{"floor":6.0,"key":"Singing Bowl"},{"floor":8.0,"key":"Boot"},{"floor":9.0,"key":"Art of War"},{"floor":10.0,"key":"CeramicFish"},{"floor":25.0,"key":"Mercury Hourglass"},{"floor":25.0,"key":"White Beast Statue"},{"floor":26.0,"key":"MealTicket"},{"floor":28.0,"key":"War Paint"},{"floor":28.0,"key":"Dodecahedron"},{"floor":31.0,"key":"PreservedInsect"},{"floor":31.0,"key":"Toxic Egg 2"},{"floor":38.0,"key":"Turnip"},{"floor":40.0,"key":"Blue Candle"},{"floor":40.0,"key":"Sundial"},{"floor":42.0,"key":"Juzu Bracelet"},{"floor":42.0,"key":"Anchor"},{"floor":44.0,"key":"Shuriken"},{"floor":55,"key":"Eternal Feather"},{"floor":55,"key":"Calipers"}],"event_choices":[{"damage_healed":0.0,"max_hp_gain":0.0,"max_hp_loss":0.0,"gold_gain":0.0,"event_name":"Liars Game","player_choice":"Ignored","floor":3.0,"gold_loss":0.0,"damage_taken":0.0},{"damage_healed":0.0,"max_hp_gain":0.0,"max_hp_loss":0.0,"gold_gain":0.0,"event_name":"Shining Light","player_choice":"Ignored","floor":13.0,"gold_loss":0.0,"damage_taken":0.0},{"damage_healed":0.0,"max_hp_gain":0.0,"max_hp_loss":0.0,"gold_gain":0.0,"event_name":"Vampires","player_choice":"Ignored","floor":19.0,"gold_loss":0.0,"damage_taken":0.0},{"damage_healed":0.0,"max_hp_gain":0.0,"max_hp_loss":0.0,"gold_gain":0.0,"event_name":"WeMeetAgain","player_choice":"Ignored","floor":24.0,"gold_loss":0.0,"damage_taken":0.0},{"cards_removed":["Accuracy"],"damage_healed":0.0,"max_hp_gain":0.0,"max_hp_loss":0.0,"gold_gain":0.0,"event_name":"Falling","player_choice":"Removed Power","floor":36.0,"gold_loss":0.0,"damage_taken":0.0},{"damage_healed":0.0,"max_hp_gain":0.0,"max_hp_loss":0.0,"gold_gain":0.0,"event_name":"MindBloom","player_choice":"Fight","floor":38.0,"gold_loss":0.0,"damage_taken":0.0},{"damage_healed":0.0,"max_hp_gain":0.0,"max_hp_loss":0.0,"gold_gain":0.0,"event_name":"SensoryStone","player_choice":"Memory 1","floor":46.0,"gold_loss":0.0,"damage_taken":0.0}],"is_beta":true,"boss_relics":[{"not_picked":["Runic Pyramid","Empty Cage"],"picked":"Black Star"},{"not_picked":["SlaversCollar","HoveringKite"],"picked":"SacredBark"}],"items_purged_floors":[12,21,37,47],"is_endless":false,"potions_floor_spawned":[1,4,8,18,28,30,31,33,35,38,39,40,41,42,45,48,55],"ascension_level":20}