{"gold_per_floor":[369,382,161,174,185,185,205,232,232,55,55,68,68,83,83,180,180,193,180,180,180,193,193,225,238,288,313,313,313,136,156,156,251,251,266,24,37,37,37,71,71,21,21,21,46,146,165,115,115,115],"floor_reached":51,"playtime":4057,"items_purged":["Strike_P","Strike_P","Defend_P","Eruption+1"],"score":1000,"play_id":"13b15a0c-adce-49fb-a1a6-947211f6fd8d","local_time":"20190910190645","is_ascension_mode":true,"campfire_choices":[{"data":"EmptyMind","floor":6.0,"key":"SMITH"},{"floor":11.0,"key":"REST"},{"data":"Devotion","floor":13.0,"key":"SMITH"},{"data":"Fasting","floor":15.0,"key":"SMITH"},{"floor":23.0,"key":"REST"},{"floor":28.0,"key":"REST"},{"floor":32.0,"key":"REST"},{"floor":41.0,"key":"REST"},{"floor":44.0,"key":"REST"},{"data":"1","floor":49,"key":"LIFT"}],"neow_cost":"PERCENT_DAMAGE","seed_source_timestamp":2264009042556000,"circlet_count":0,"master_deck":["Defend_P+1","Defend_P+1","Defend_P+1","Vigilance+1","EmptyMind+1","Fasting+1","Adaptation+1","LessonLearned+1","EmptyFist+1","Prostrate+1","Devotion+1","Wish+1","Protect+1","Collect+1","FlowState+1","Weave+1","Unraveling+1","ClearTheMind+1","Impatience+1","Meditate+1"],"special_seed":0,"relics":["PureWater","Thread and Needle","Toxic Egg 2","SacredBark","Omamori","Art of War","Juzu Bracelet","Cursed Key","Gambling Chip","Eternal Feather","Torii","Girya"],"potions_floor_usage":[50,50,50],"damage_taken":[{"damage":3.0,"enemies":"Jaw Worm","floor":1.0,"turns":5.0},{"damage":5.0,"enemies":"2 Louse","floor":2.0,"turns":6.0},{"damage":5.0,"enemies":"Cultist","floor":4.0,"turns":5.0},{"damage":9.0,"enemies":"Red Slaver","floor":5.0,"turns":3.0},{"damage":7.0,"enemies":"Gremlin Gang","floor":7.0,"turns":7.0},{"damage":17.0,"enemies":"Lagavulin","floor":8.0,"turns":6.0},{"damage":0.0,"enemies":"2 Fungi Beasts","floor":12.0,"turns":5.0},{"damage":0.0,"enemies":"Exordium Wildlife","floor":14.0,"turns":3.0},{"damage":21.0,"enemies":"Hexaghost","floor":16.0,"turns":10.0},{"damage":22.0,"enemies":"3 Byrds","floor":18.0,"turns":5.0},{"damage":8.0,"enemies":"2 Thieves","floor":19.0,"turns":5.0},{"damage":0.0,"enemies":"Snake Plant","floor":22.0,"turns":4.0},{"damage":9.0,"enemies":"Slavers","floor":24.0,"turns":8.0},{"damage":8.0,"enemies":"3 Cultists","floor":25.0,"turns":5.0},{"damage":6.0,"enemies":"Snecko","floor":31.0,"turns":4.0},{"damage":23.0,"enemies":"Champ","floor":33.0,"turns":4.0},{"damage":17.0,"enemies":"3 Darklings","floor":35.0,"turns":5.0},{"damage":0.0,"enemies":"3 Shapes","floor":37.0,"turns":5.0},{"damage":9.0,"enemies":"Nemesis","floor":40.0,"turns":3.0},{"damage":5,"enemies":"Reptomancer","floor":45,"turns":2},{"damage":0,"enemies":"Mind Bloom Boss Battle","floor":46,"turns":2},{"damage":12,"enemies":"Writhing Mass","floor":47,"turns":3},{"damage":49,"enemies":"Time Eater","floor":50,"turns":10}],"seed_played":"-7063719217341157017","potions_obtained":[{"floor":5.0,"key":"Energy Potion"},{"floor":8.0,"key":"Weak Potion"},{"floor":12.0,"key":"Ancient Potion"},{"floor":14.0,"key":"Regen Potion"},{"floor":16.0,"key":"SneckoOil"},{"floor":19.0,"key":"AttackPotion"},{"floor":22.0,"key":"Swift Potion"},{"floor":31.0,"key":"AttackPotion"},{"floor":37.0,"key":"Poison Potion"},{"floor":38.0,"key":"DuplicationPotion"},{"floor":38.0,"key":"SkillPotion"},{"floor":45,"key":"SteroidPotion"}],"is_trial":false,"path_per_floor":["M","M","$","M","M","R","M","E","T","$","R","M","R","M","R","B",null,"M","M","?","?","M","R","E","M","T","T","R","?","$","M","R","B",null,"M","$","M","?","$","E","R","$","T","R","E","?","M","$","R","B",null],"character_chosen":"WATCHER","items_purchased":["Adaptation","LessonLearned","Prostrate+1","Dexterity Potion","Impatience+1","Block Potion","Energy Potion"],"campfire_rested":6,"item_purchase_floors":[3,3,10,30,36,42,48],"current_hp_per_floor":[44,39,39,34,25,25,18,1,1,1,20,20,20,20,20,14,52,30,22,22,22,22,41,32,24,24,24,43,43,43,37,56,33,57,40,40,40,40,40,31,50,50,50,65,60,60,48,48,60,11],"gold":115,"neow_bonus":"TWO_FIFTY_GOLD","is_prod":false,"is_daily":false,"chose_seed":false,"campfire_upgraded":3,"win_rate":1,"timestamp":1568113605,"path_taken":["M","M","$","M","M","R","M","E","T","$","R","M","R","M","R","BOSS","M","M","?","?","M","R","E","?","T","?","R","?","?","M","R","BOSS","M","$","M","?","?","E","R","$","T","R","E","?","M","?","R","BOSS"],"build_version":"2019-09-09v2","purchased_purges":4,"victory":true,"max_hp_per_floor":[65,65,65,65,65,65,65,65,65,65,65,65,65,65,65,65,65,65,65,65,65,65,65,65,65,65,65,65,65,65,65,65,65,65,65,65,65,65,65,65,65,65,65,65,65,65,65,65,65,65],"card_choices":[{"not_picked":["Consecrate","Sanctity"],"picked":"EmptyMind","floor":1.0},{"not_picked":["Halt","ClearTheMind"],"picked":"Fasting","floor":2.0},{"not_picked":["Protect","CrushJoints"],"picked":"EmptyFist","floor":4.0},{"not_picked":["CutThroughFate","WaveOfTheHand","FollowUp"],"picked":"SKIP","floor":5.0},{"not_picked":["Halt","Tantrum","SpiritShield"],"picked":"SKIP","floor":7.0},{"not_picked":["EmptyMind","CrushJoints","Weave"],"picked":"SKIP","floor":8.0},{"not_picked":["Worship+1","JustLucky"],"picked":"Devotion","floor":12.0},{"not_picked":["Scrawl+1","CarveReality","Worship+1"],"picked":"SKIP","floor":14.0},{"not_picked":["Alpha+1","ReachHeaven"],"picked":"Wish+1","floor":16.0},{"not_picked":["Crescendo+1","WaveOfTheHand+1"],"picked":"Protect+1","floor":18.0},{"not_picked":["ThirdEye+1","MentalFortress","EmptyFist+1"],"picked":"SKIP","floor":19.0},{"not_picked":["Consecrate","Worship+1"],"picked":"Collect+1","floor":22.0},{"not_picked":["Wireheading","JustLucky","Crescendo+1"],"picked":"SKIP","floor":24.0},{"not_picked":["JustLucky+1","SandsOfTime+1","Evaluate+1"],"picked":"SKIP","floor":25.0},{"not_picked":["JustLucky","Halt+1"],"picked":"Weave+1","floor":31.0},{"not_picked":["DevaForm","MasterReality"],"picked":"Unraveling+1","floor":33.0},{"not_picked":["Protect+1","Halt+1"],"picked":"ClearTheMind+1","floor":35.0},{"not_picked":["Collect+1","BowlingBash","EmptyFist"],"picked":"SKIP","floor":37.0},{"not_picked":["JustLucky+1","Adaptation"],"picked":"Meditate+1","floor":40.0},{"not_picked":["Sanctity+1","CrushJoints+1","Perseverance+1"],"picked":"SKIP","floor":45},{"not_picked":["ClearTheMind+1","Devotion","ThirdEye+1"],"picked":"SKIP","floor":47}],"player_experience":3245941,"relics_obtained":[{"floor":8.0,"key":"Thread and Needle"},{"floor":9.0,"key":"Toxic Egg 2"},{"floor":24.0,"key":"Omamori"},{"floor":26.0,"key":"Art of War"},{"floor":27.0,"key":"Juzu Bracelet"},{"floor":40.0,"key":"Gambling Chip"},{"floor":43.0,"key":"Eternal Feather"},{"floor":45,"key":"Torii"},{"floor":46,"key":"Girya"}],"event_choices":[{"damage_healed":0.0,"max_hp_gain":0.0,"max_hp_loss":0.0,"gold_gain":0.0,"event_name":"Vampires","player_choice":"Ignored","floor":20.0,"gold_loss":0.0,"damage_taken":0.0},{"cards_removed":["Strike_P"],"damage_healed":0.0,"max_hp_gain":0.0,"max_hp_loss":0.0,"gold_gain":0.0,"event_name":"Back to Basics","player_choice":"Elegance","floor":21.0,"gold_loss":0.0,"damage_taken":0.0},{"damage_healed":0.0,"max_hp_gain":0.0,"max_hp_loss":0.0,"gold_gain":0.0,"cards_transformed":["Strike_P"],"event_name":"Transmorgrifier","player_choice":"Transformed","floor":29.0,"gold_loss":0.0,"damage_taken":0.0,"cards_obtained":["FlowState"]},{"damage_healed":0.0,"max_hp_gain":0.0,"max_hp_loss":0.0,"gold_gain":0.0,"event_name":"Lab","player_choice":"Got Potions","floor":38.0,"gold_loss":0.0,"damage_taken":0.0},{"damage_healed":0,"gold_gain":0,"player_choice":"Fight","damage_taken":0,"max_hp_gain":0,"max_hp_loss":0,"event_name":"MindBloom","floor":46,"gold_loss":0}],"is_beta":true,"boss_relics":[{"not_picked":["Philosopher\u0027s Stone","Astrolabe"],"picked":"SacredBark"},{"not_picked":["Fusion Hammer","Coffee Dripper"],"picked":"Cursed Key"}],"items_purged_floors":[3,10,30,36],"is_endless":false,"potions_floor_spawned":[5,8,12,14,16,19,22,31,37,45],"ascension_level":5}