{"gold_per_floor":[115,115,134,150,150,169,188,206,206,206,218,218,218,218,218,218],"floor_reached":16,"playtime":2835,"items_purged":[],"score":144,"play_id":"c96d6e7e-c06c-4f47-93bb-a2630d9e04a6","local_time":"20190112133329","is_ascension_mode":false,"campfire_choices":[{"data":"Dodge and Roll","floor":10,"key":"SMITH"},{"floor":15,"key":"REST"}],"neow_cost":"NONE","seed_source_timestamp":0,"circlet_count":0,"master_deck":["Defend_G","Defend_G","Defend_G","Defend_G","Defend_G","Strike_G","Strike_G","Strike_G","Survivor","Neutralize","Dodge and Roll+1","Prepared","Crippling Poison","Cloak And Dagger","Dagger Spray","Footwork","Acrobatics+1","Dagger Throw"],"special_seed":0,"relics":["Ring of the Snake","Juzu Bracelet"],"potions_floor_usage":[16,16],"damage_taken":[{"damage":1,"enemies":"2 Louse","floor":1,"turns":4},{"damage":3,"enemies":"Small Slimes","floor":3,"turns":6},{"damage":0,"enemies":"Cultist","floor":4,"turns":5},{"damage":1,"enemies":"3 Louse","floor":6,"turns":4},{"damage":7,"enemies":"Gremlin Gang","floor":7,"turns":7},{"damage":5,"enemies":"Red Slaver","floor":8,"turns":5},{"damage":0,"enemies":"2 Fungi Beasts","floor":11,"turns":4},{"damage":66,"enemies":"Hexaghost","floor":16,"turns":21}],"seed_played":"-8048295349699682937","potions_obtained":[{"floor":1,"key":"Swift Potion"},{"floor":7,"key":"Swift Potion"}],"is_trial":false,"path_per_floor":["M","?","M","M","?","M","M","M","T","R","M","?","?","?","R","B"],"character_chosen":"THE_SILENT","items_purchased":[],"campfire_rested":1,"item_purchase_floors":[],"current_hp_per_floor":[69,69,66,66,71,70,63,58,58,58,58,58,43,43,65,0],"gold":218,"neow_bonus":"THREE_CARDS","is_prod":false,"is_daily":false,"chose_seed":false,"campfire_upgraded":1,"win_rate":0.0,"timestamp":1547328809,"path_taken":["M","?","M","M","?","M","M","M","T","R","M","?","?","?","R","BOSS"],"build_version":"2019-01-10","purchased_purges":0,"victory":false,"max_hp_per_floor":[70,70,70,70,75,75,75,75,75,75,75,75,75,75,75,75],"card_choices":[{"not_picked":["Expertise","Outmaneuver"],"picked":"Quick Slash","floor":0.0},{"not_picked":["Distraction","Sucker Punch"],"picked":"Dodge and Roll","floor":1},{"not_picked":["Quick Slash","Underhanded Strike"],"picked":"Prepared","floor":3},{"not_picked":["Poisoned Stab","Dodge and Roll"],"picked":"Crippling Poison","floor":4},{"not_picked":["Bane","Sucker Punch"],"picked":"Cloak And Dagger","floor":6},{"not_picked":["Catalyst","Skewer"],"picked":"Dagger Spray","floor":7},{"not_picked":["Blade Dance","Predator"],"picked":"Footwork","floor":8},{"not_picked":["Sucker Punch","Deflect"],"picked":"Acrobatics","floor":11}],"player_experience":142380,"relics_obtained":[{"floor":9,"key":"Juzu Bracelet"}],"event_choices":[{"damage_healed":0,"gold_gain":0,"player_choice":"Ignored","damage_taken":0,"max_hp_gain":0,"max_hp_loss":0,"event_name":"Golden Idol","floor":2,"gold_loss":0},{"damage_healed":0,"gold_gain":0,"player_choice":"Donut","damage_taken":0,"max_hp_gain":5,"max_hp_loss":0,"event_name":"Big Fish","floor":5,"gold_loss":0},{"cards_removed":["Strike_G"],"damage_healed":0,"gold_gain":0,"player_choice":"Offered Basic","damage_taken":0,"max_hp_gain":0,"max_hp_loss":0,"event_name":"Bonfire Elementals","floor":12,"gold_loss":0},{"damage_healed":0,"gold_gain":0,"player_choice":"Entered Light","damage_taken":15,"max_hp_gain":0,"max_hp_loss":0,"event_name":"Shining Light","floor":13,"gold_loss":0,"cards_upgraded":["Acrobatics","Strike_G"]},{"damage_healed":0,"gold_gain":0,"cards_transformed":["Strike_G"],"player_choice":"Transformed","damage_taken":0,"max_hp_gain":0,"max_hp_loss":0,"event_name":"Transmorgrifier","floor":14,"gold_loss":0,"cards_obtained":["Dagger Throw"]}],"is_beta":false,"boss_relics":[],"items_purged_floors":[],"is_endless":false,"potions_floor_spawned":[1,7],"killed_by":"Hexaghost","ascension_level":0}