{"path_per_floor":["M","M","M","M","M","R","M","E","T","?","R","$","M","E","R","B",null,"M","M","?","?","?","R","E"],"character_chosen":"DEFECT","items_purchased":["Hologram"],"gold_per_floor":[117,134,145,161,173,173,192,221,272,222,222,96,115,150,150,246,246,260,274,274,274,274,274,306,306],"floor_reached":25,"campfire_rested":0,"playtime":2352,"item_purchase_floors":[12],"current_hp_per_floor":[67,67,66,66,60,60,56,51,51,51,51,51,53,22,22,10,59,28,25,50,50,50,50,24,0],"items_purged":["Strike_B"],"gold":306,"score":303,"play_id":"954247c6-d60f-4205-a322-86e9c6941340","local_time":"20180608000612","is_prod":false,"is_daily":false,"chose_seed":false,"is_ascension_mode":true,"campfire_upgraded":4,"win_rate":0,"timestamp":1528409172,"campfire_choices":[{"data":"Zap","floor":6,"key":"SMITH"},{"data":"Dualcast","floor":11,"key":"SMITH"},{"data":"Loop","floor":15,"key":"SMITH"},{"data":"Machine Learning","floor":23,"key":"SMITH"}],"path_taken":["M","M","M","M","M","R","M","E","T","?","R","$","M","E","R","BOSS","M","M","?","?","?","R","E","M"],"build_version":"2018-05-31","seed_source_timestamp":9222356140357,"purchased_purges":1,"victory":false,"master_deck":["Strike_B","Strike_B","Defend_B","Defend_B","Defend_B","Defend_B","Zap+1","Dualcast+1","Reinforced Body","Leap","Ball Lightning","Loop+1","Hologram","Genetic Algorithm","All For One","Machine Learning+1","Turbo+1","Steam","Sweeping Beam"],"max_hp_per_floor":[75,75,75,75,75,75,75,75,75,75,75,75,75,75,75,75,75,75,75,75,75,75,75,75,75],"relics":["Cracked Core","Potion Belt","Girya","Blood Vial","Pen Nib","Lizard Tail","Mummified Hand"],"card_choices":[{"not_picked":["Stack","Conserve Battery"],"picked":"Reinforced Body","floor":1},{"not_picked":["Static Discharge","Coolheaded"],"picked":"Leap","floor":2},{"not_picked":["Aggregate","Melter","Coolheaded"],"picked":"SKIP","floor":3},{"not_picked":["Sweeping Beam","Chill"],"picked":"Ball Lightning","floor":4},{"not_picked":["Recycle","Blizzard","Sweeping Beam"],"picked":"SKIP","floor":5},{"not_picked":["Sweeping Beam","Conserve Battery","Gash"],"picked":"SKIP","floor":7},{"not_picked":["Lockon","Rip and Tear"],"picked":"Loop","floor":8},{"not_picked":["Sunder","Aggregate"],"picked":"Genetic Algorithm","floor":13},{"not_picked":["Rip and Tear","Hologram"],"picked":"All For One","floor":14},{"not_picked":["Creative AI","Thunder Strike"],"picked":"Machine Learning","floor":16},{"not_picked":["Cold Snap","Sweeping Beam"],"picked":"Turbo+1","floor":18},{"not_picked":["Recycle","Cold Snap"],"picked":"Steam","floor":19},{"not_picked":["Barrage","Ball Lightning"],"picked":"Sweeping Beam","floor":24}],"player_experience":803499,"potions_floor_usage":[8,8,14,24,24,24,24],"damage_taken":[{"damage":1,"enemies":"Cultist","floor":1,"turns":3},{"damage":0,"enemies":"Small Slimes","floor":2,"turns":3},{"damage":1,"enemies":"2 Louse","floor":3,"turns":2},{"damage":0,"enemies":"Large Slime","floor":4,"turns":6},{"damage":6,"enemies":"2 Fungi Beasts","floor":5,"turns":4},{"damage":4,"enemies":"3 Louse","floor":7,"turns":3},{"damage":5,"enemies":"Lagavulin","floor":8,"turns":6},{"damage":0,"enemies":"Large Slime","floor":13,"turns":4},{"damage":33,"enemies":"Gremlin Nob","floor":14,"turns":5},{"damage":14,"enemies":"The Guardian","floor":16,"turns":10},{"damage":33,"enemies":"2 Thieves","floor":18,"turns":4},{"damage":5,"enemies":"Shell Parasite","floor":19,"turns":8},{"damage":84,"enemies":"Slavers","floor":24,"turns":7},{"damage":27,"enemies":"Centurion and Healer","floor":25,"turns":6}],"relics_obtained":[{"floor":8,"key":"Girya"},{"floor":9,"key":"Blood Vial"},{"floor":14,"key":"Pen Nib"},{"floor":24,"key":"Mummified Hand"}],"event_choices":[{"event_name":"The Cleric","player_choice":"Card Removal","floor":10,"damage_taken":0},{"event_name":"The Library","player_choice":"Heal","floor":20,"damage_taken":0},{"event_name":"Vampires","player_choice":"Ignored","floor":21,"damage_taken":0},{"event_name":"Cursed Tome","player_choice":"Ignored","floor":22,"damage_taken":0}],"boss_relics":[{"not_picked":["Velvet Choker","Calling Bell"],"picked":"Lizard Tail"}],"items_purged_floors":[12],"potions_floor_spawned":[3,5,7,8,14,16,19],"seed_played":"2231509919570514779","killed_by":"Centurion and Healer","ascension_level":6,"potions_obtained":[{"floor":3,"key":"Poison Potion"},{"floor":5,"key":"Dexterity Potion"},{"floor":7,"key":"Weak Potion"},{"floor":8,"key":"EssenceOfSteel"},{"floor":14,"key":"LiquidBronze"},{"floor":16,"key":"Ancient Potion"},{"floor":19,"key":"Regen Potion"}],"is_trial":false}