{"gold_per_floor":[115,40,40,40,40,81,81,97,97,115,155,155,489,505,505,601,664,679,679,695,695,695,695,610,655,706,720,733,219,233,66,66,162,162,186,84,84,109,47,78,78,93,172,172,172,172,190,208,208,208],"floor_reached":51,"playtime":2020,"items_purged":["Strike_B","Strike_B"],"score":1417,"play_id":"17a44126-1b49-402b-bf80-1246a3ba50e5","local_time":"20190206031013","is_ascension_mode":true,"campfire_choices":[{"data":"Zap","floor":7.0,"key":"SMITH"},{"data":"Go for the Eyes","floor":15.0,"key":"SMITH"},{"data":"Barrage","floor":23.0,"key":"SMITH"},{"data":"Defragment","floor":32.0,"key":"SMITH"},{"data":"Capacitor","floor":41.0,"key":"SMITH"},{"data":"Buffer","floor":44.0,"key":"SMITH"},{"data":"Seek","floor":46.0,"key":"SMITH"},{"data":"Seek","floor":49,"key":"SMITH"}],"neow_cost":"NONE","seed_source_timestamp":11188240423650,"circlet_count":0,"master_deck":["AscendersBane","Strike_B","Defend_B","Zap+1","Dualcast+1","Conserve Battery","Ball Lightning","Go for the Eyes+1","Hologram+1","Glacier","Sweeping Beam+1","Seek+1","Loop","Barrage+1","Loop","Self Repair","Buffer+1","Defragment+1","Seek+1","Loop","Coolheaded","Reinforced Body+1","Capacitor+1","Darkness+1","Parasite"],"special_seed":0,"relics":["Cracked Core","NeowsBlessing","Golden Idol","Mercury Hourglass","The Courier","Du-Vu Doll","Happy Flower","Old Coin","Tiny House","Shovel","Bag of Marbles","Boot","MealTicket","FossilizedHelix","DataDisk","Eternal Feather","Oddly Smooth Stone","Gremlin Horn"],"potions_floor_usage":[50],"damage_taken":[{"damage":0.0,"enemies":"Small Slimes","floor":1.0,"turns":1.0},{"damage":0.0,"enemies":"3 Sentries","floor":6.0,"turns":1.0},{"damage":0.0,"enemies":"2 Louse","floor":8.0,"turns":1.0},{"damage":0.0,"enemies":"Cultist","floor":10.0,"turns":2.0},{"damage":6.0,"enemies":"Gremlin Nob","floor":11.0,"turns":3.0},{"damage":16.0,"enemies":"3 Sentries","floor":13.0,"turns":4.0},{"damage":0.0,"enemies":"Large Slime","floor":14.0,"turns":3.0},{"damage":2.0,"enemies":"Slime Boss","floor":16.0,"turns":6.0},{"damage":13.0,"enemies":"Spheric Guardian","floor":18.0,"turns":4.0},{"damage":2.0,"enemies":"Chosen","floor":20.0,"turns":5.0},{"damage":15.0,"enemies":"Snake Plant","floor":27.0,"turns":4.0},{"damage":34.0,"enemies":"Cultist and Chosen","floor":28.0,"turns":5.0},{"damage":1.0,"enemies":"Sentry and Sphere","floor":30.0,"turns":5.0},{"damage":21.0,"enemies":"Collector","floor":33.0,"turns":10.0},{"damage":16.0,"enemies":"3 Shapes","floor":35.0,"turns":4.0},{"damage":0.0,"enemies":"Orb Walker","floor":38.0,"turns":5.0},{"damage":35.0,"enemies":"Nemesis","floor":40.0,"turns":10.0},{"damage":20.0,"enemies":"Maw","floor":42.0,"turns":9.0},{"damage":0.0,"enemies":"4 Shapes","floor":47.0,"turns":5.0},{"damage":1,"enemies":"Writhing Mass","floor":48,"turns":6},{"damage":64,"enemies":"Time Eater","floor":50,"turns":11}],"seed_played":"7231511164310219687","potions_obtained":[{"floor":1.0,"key":"SkillPotion"},{"floor":11.0,"key":"SneckoOil"},{"floor":13.0,"key":"Fire Potion"},{"floor":17.0,"key":"SmokeBomb"},{"floor":20.0,"key":"PowerPotion"},{"floor":27.0,"key":"Fruit Juice"},{"floor":28.0,"key":"GamblersBrew"},{"floor":35.0,"key":"LiquidBronze"}],"is_trial":false,"path_per_floor":["M","?","?","?","?","E","R","M","T","M","E","?","E","M","R","B",null,"M","?","M","?","?","R","?","T","T","M","M","$","M","$","R","B",null,"M","$","?","M","$","E","R","M","T","R","?","R","M","M","R","B",null],"character_chosen":"DEFECT","items_purchased":["MealTicket","FossilizedHelix","Defragment","DataDisk","Coolheaded","Capacitor"],"campfire_rested":0,"item_purchase_floors":[29,29,31,31,36,39],"current_hp_per_floor":[64,64,64,53,58,58,58,58,58,58,52,52,36,36,36,34,65,52,52,50,50,50,50,50,50,50,47,20,20,26,41,41,27,66,50,65,65,72,72,44,56,43,43,55,55,67,74,79,79,22],"gold":208,"neow_bonus":"THREE_ENEMY_KILL","is_prod":false,"is_daily":false,"chose_seed":false,"campfire_upgraded":8,"win_rate":0,"timestamp":1549419013,"path_taken":["M","?","?","?","?","E","R","M","T","M","E","?","E","M","R","BOSS","M","?","?","?","?","R","?","?","T","M","M","$","M","$","R","BOSS","M","$","?","M","?","E","R","?","T","R","?","R","M","?","R","BOSS"],"build_version":"2019-01-17v2","purchased_purges":2,"victory":true,"max_hp_per_floor":[71,71,64,64,69,69,69,69,69,69,69,69,69,69,69,69,74,74,74,74,74,74,74,74,74,74,79,79,79,79,79,79,79,79,79,79,79,79,79,79,79,79,79,79,79,79,79,79,79,79],"card_choices":[{"not_picked":["Reprogram","Leap"],"picked":"Conserve Battery","floor":1.0},{"not_picked":["Turbo","Fusion"],"picked":"Ball Lightning","floor":6.0},{"not_picked":["BootSequence","Stack"],"picked":"Go for the Eyes","floor":8.0},{"not_picked":["Steam","Compile Driver"],"picked":"Hologram","floor":10.0},{"not_picked":["Doom and Gloom","Steam Power"],"picked":"Glacier","floor":11.0},{"not_picked":["Darkness","Go for the Eyes"],"picked":"Sweeping Beam","floor":13.0},{"not_picked":["Ball Lightning","Aggregate","Go for the Eyes"],"picked":"SKIP","floor":14.0},{"not_picked":["Multi-Cast","Fission"],"picked":"Seek","floor":16.0},{"not_picked":["Scrape","Aggregate"],"picked":"Loop","floor":18.0},{"not_picked":["Beam Cell","Leap"],"picked":"Barrage","floor":20.0},{"not_picked":["Storm+1","Leap","Go for the Eyes"],"picked":"SKIP","floor":27.0},{"not_picked":["Compile Driver","Undo","Auto Shields"],"picked":"SKIP","floor":28.0},{"not_picked":["Compile Driver","Fusion"],"picked":"Buffer","floor":30.0},{"not_picked":["Creative AI","Reboot"],"picked":"Seek","floor":33.0},{"not_picked":["Beam Cell","Hologram"],"picked":"Loop","floor":35.0},{"not_picked":["Recycle","Gash"],"picked":"Reinforced Body+1","floor":38.0},{"not_picked":["Meteor Strike","Ball Lightning+1","Sweeping Beam"],"picked":"SKIP","floor":40.0},{"not_picked":["Cold Snap","Redo","Chill"],"picked":"SKIP","floor":42.0},{"not_picked":["Chill","BootSequence"],"picked":"Darkness+1","floor":47.0},{"not_picked":["Sweeping Beam","Go for the Eyes","Turbo"],"picked":"SKIP","floor":48}],"player_experience":1270657,"relics_obtained":[{"floor":6.0,"key":"The Courier"},{"floor":9.0,"key":"Du-Vu Doll"},{"floor":11.0,"key":"Happy Flower"},{"floor":13.0,"key":"Old Coin"},{"floor":25.0,"key":"Bag of Marbles"},{"floor":26.0,"key":"Boot"},{"floor":40.0,"key":"Oddly Smooth Stone"},{"floor":43.0,"key":"Gremlin Horn"}],"event_choices":[{"cards_removed":["Defend_B"],"damage_healed":0.0,"max_hp_gain":0.0,"max_hp_loss":0.0,"gold_gain":0.0,"event_name":"The Cleric","player_choice":"Card Removal","floor":2.0,"gold_loss":75.0,"damage_taken":0.0},{"damage_healed":0.0,"max_hp_gain":0.0,"max_hp_loss":7.0,"gold_gain":0.0,"event_name":"Golden Idol","player_choice":"Lose Max HP","floor":3.0,"gold_loss":0.0,"damage_taken":0.0,"relics_obtained":["Golden Idol"]},{"damage_healed":0.0,"max_hp_gain":0.0,"max_hp_loss":0.0,"gold_gain":0.0,"event_name":"Scrap Ooze","player_choice":"Success","floor":4.0,"gold_loss":0.0,"damage_taken":11.0,"relics_obtained":["Mercury Hourglass"]},{"damage_healed":0.0,"max_hp_gain":5.0,"max_hp_loss":0.0,"gold_gain":0.0,"event_name":"Big Fish","player_choice":"Donut","floor":5.0,"gold_loss":0.0,"damage_taken":0.0},{"damage_healed":0.0,"max_hp_gain":0.0,"max_hp_loss":0.0,"gold_gain":0.0,"event_name":"Living Wall","player_choice":"Grow","floor":12.0,"gold_loss":0.0,"damage_taken":0.0,"cards_upgraded":["Dualcast"]},{"damage_healed":0.0,"max_hp_gain":0.0,"max_hp_loss":0.0,"gold_gain":0.0,"event_name":"Accursed Blacksmith","player_choice":"Forge","floor":19.0,"gold_loss":0.0,"damage_taken":0.0,"cards_upgraded":["Sweeping Beam"]},{"damage_healed":0.0,"max_hp_gain":0.0,"max_hp_loss":0.0,"gold_gain":0.0,"cards_transformed":["Strike_B","Defend_B"],"event_name":"Drug Dealer","player_choice":"Became Test Subject","floor":21.0,"gold_loss":0.0,"damage_taken":0.0,"cards_obtained":["Loop","Self Repair"]},{"damage_healed":0.0,"max_hp_gain":0.0,"max_hp_loss":0.0,"gold_gain":0.0,"event_name":"Cursed Tome","player_choice":"Ignored","floor":22.0,"gold_loss":0.0,"damage_taken":0.0},{"damage_healed":0.0,"max_hp_gain":0.0,"max_hp_loss":0.0,"gold_gain":0.0,"event_name":"Addict","player_choice":"Obtained Relic","floor":24.0,"gold_loss":85.0,"damage_taken":0.0,"relics_obtained":["Shovel"]},{"damage_healed":0.0,"max_hp_gain":0.0,"max_hp_loss":0.0,"gold_gain":0.0,"event_name":"SecretPortal","player_choice":"Ignored","floor":37.0,"gold_loss":0.0,"damage_taken":0.0},{"cards_removed":["Defend_B"],"damage_healed":0.0,"max_hp_gain":0.0,"max_hp_loss":0.0,"gold_gain":0.0,"event_name":"Purifier","player_choice":"Purged","floor":45.0,"gold_loss":0.0,"damage_taken":0.0}],"is_beta":false,"boss_relics":[{"not_picked":["Runic Pyramid","Black Star"],"picked":"Tiny House"},{"not_picked":["Calling Bell","Fusion Hammer"],"picked":"Eternal Feather"}],"items_purged_floors":[29,36],"is_endless":false,"potions_floor_spawned":[1,11,13,14,20,27,28,35,40],"ascension_level":18}