{"gold_per_floor":[109,124,124,124,124,124,158,158,158,158,70,155,155,189,189,264,264,279,279,279,68,80,80,80,130,155,190,34,48,68,68,68,139,139,157,170,220,170,188,138,138,165,191,191,206,43,55,102,102,102,102],"floor_reached":52,"playtime":2245,"items_purged":["Strike_P","Defend_P","Defend_P","Defend_P"],"score":2379,"play_id":"37e1e5f3-0033-4f33-999b-6d2bfbd4c6d4","local_time":"20190918200552","is_ascension_mode":true,"campfire_choices":[{"data":"Eruption","floor":6.0,"key":"SMITH"},{"data":"ForeignInfluence","floor":8.0,"key":"SMITH"},{"data":"Strike_P","floor":10.0,"key":"PURGE"},{"data":"SandsOfTime","floor":15.0,"key":"SMITH"},{"data":"Meditate","floor":23.0,"key":"SMITH"},{"data":"FlowState","floor":32.0,"key":"SMITH"},{"data":"EmptyMind","floor":41.0,"key":"SMITH"},{"data":"Adaptation","floor":44.0,"key":"SMITH"},{"data":"MentalFortress","floor":49,"key":"SMITH"}],"neow_cost":"NONE","seed_source_timestamp":2962519912936600,"circlet_count":0,"master_deck":["AscendersBane","Eruption+1","Vigilance+1","Adaptation+1","Consecrate+1","ForeignInfluence+1","SandsOfTime+1","FlurryOfBlows","EmptyBody","BattleHymn","Meditate+1","EmptyMind+1","Establishment","InnerPeace","FlowState+1","ClearTheMind+1","Evaluate+1","EmptyMind+1","MentalFortress+1"],"special_seed":0,"relics":["PureWater","NeowsBlessing","Orichalcum","Peace Pipe","Smiling Mask","Blood Vial","Potion Belt","Philosopher\u0027s Stone","Pen Nib","Lantern","Bag of Marbles","SlaversCollar","CaptainsWheel","Oddly Smooth Stone","Juzu Bracelet"],"potions_floor_usage":[45,50,50],"damage_taken":[{"damage":0.0,"enemies":"Small Slimes","floor":1.0,"turns":1.0},{"damage":0.0,"enemies":"2 Louse","floor":2.0,"turns":1.0},{"damage":0.0,"enemies":"Gremlin Nob","floor":7.0,"turns":1.0},{"damage":0.0,"enemies":"Gremlin Nob","floor":12.0,"turns":3.0},{"damage":30.0,"enemies":"Lagavulin","floor":14.0,"turns":5.0},{"damage":17.0,"enemies":"Hexaghost","floor":16.0,"turns":9.0},{"damage":0.0,"enemies":"Chosen","floor":18.0,"turns":2.0},{"damage":11.0,"enemies":"2 Thieves","floor":22.0,"turns":3.0},{"damage":12.0,"enemies":"Book of Stabbing","floor":27.0,"turns":3.0},{"damage":0.0,"enemies":"Snecko","floor":29.0,"turns":3.0},{"damage":29.0,"enemies":"Chosen and Byrds","floor":30.0,"turns":6.0},{"damage":0.0,"enemies":"Collector","floor":33.0,"turns":4.0},{"damage":11.0,"enemies":"Orb Walker","floor":35.0,"turns":3.0},{"damage":11.0,"enemies":"3 Shapes","floor":36.0,"turns":2.0},{"damage":12.0,"enemies":"Writhing Mass","floor":39.0,"turns":5.0},{"damage":0.0,"enemies":"Giant Head","floor":42.0,"turns":2.0},{"damage":0,"enemies":"4 Shapes","floor":45,"turns":2},{"damage":0,"enemies":"Maw","floor":47,"turns":3},{"damage":0,"enemies":"Awakened One","floor":50,"turns":4},{"damage":0,"enemies":"Donu and Deca","floor":51,"turns":5}],"seed_played":"1251846362112681503","potions_obtained":[{"floor":7.0,"key":"Regen Potion"},{"floor":16.0,"key":"Weak Potion"},{"floor":18.0,"key":"SpeedPotion"},{"floor":30.0,"key":"Swift Potion"},{"floor":33.0,"key":"Block Potion"},{"floor":36.0,"key":"SteroidPotion"},{"floor":45,"key":"Strength Potion"}],"is_trial":false,"path_per_floor":["M","M","?","?","?","R","E","R","T","R","$","?","?","E","R","B",null,"M","?","?","$","M","R","?","?","T","E","$","M","M","?","R","B",null,"M","M","?","$","M","$","R","E","T","R","M","$","M","T","R","B","B",null],"character_chosen":"WATCHER","items_purchased":["SandsOfTime","Pen Nib","Establishment","InnerPeace","Weak Potion","Block Potion"],"campfire_rested":0,"item_purchase_floors":[11,21,28,28,46,46],"current_hp_per_floor":[55,55,60,60,40,40,40,40,40,40,40,49,44,16,16,1,50,52,65,65,65,55,55,55,55,55,45,45,47,20,20,20,22,55,46,37,31,31,21,21,21,23,23,23,25,25,27,27,27,29,31],"gold":102,"neow_bonus":"THREE_ENEMY_KILL","is_prod":false,"is_daily":false,"chose_seed":false,"campfire_upgraded":8,"win_rate":0,"timestamp":1568808352,"path_taken":["M","M","?","?","?","R","E","R","T","R","$","?","?","E","R","BOSS","M","?","?","$","M","R","?","?","T","E","$","M","?","?","R","BOSS","M","?","?","?","?","$","R","E","T","R","M","$","M","?","R","BOSS","BOSS"],"build_version":"2019-09-17","purchased_purges":4,"victory":true,"max_hp_per_floor":[61,61,66,66,66,66,66,66,66,66,66,66,66,66,66,66,66,66,66,66,66,66,66,66,66,66,66,66,66,66,66,66,66,66,66,66,66,66,66,66,66,66,66,66,66,66,66,66,66,66,66],"card_choices":[{"not_picked":["JustLucky","Consecrate"],"picked":"Adaptation","floor":1.0},{"not_picked":["Collect","Scrawl","FlyingSleeves"],"picked":"SKIP","floor":2.0},{"not_picked":["Tantrum","ReachHeaven"],"picked":"ForeignInfluence","floor":7.0},{"not_picked":["Protect","Tantrum"],"picked":"FlurryOfBlows","floor":12.0},{"not_picked":["Scrawl","CutThroughFate"],"picked":"EmptyBody","floor":14.0},{"not_picked":["Nirvana","SignatureMove"],"picked":"BattleHymn","floor":16.0},{"not_picked":["BowlingBash","Wallop"],"picked":"Meditate","floor":18.0},{"not_picked":["Halt","JustLucky","Sanctity"],"picked":"SKIP","floor":22.0},{"not_picked":["CutThroughFate","BowlingBash"],"picked":"EmptyMind","floor":27.0},{"not_picked":["Crescendo","BowlingBash","Collect"],"picked":"SKIP","floor":29.0},{"not_picked":["BattleHymn","Halt","Establishment"],"picked":"SKIP","floor":30.0},{"not_picked":["InnerPeace","Meditate","CutThroughFate"],"picked":"SKIP","floor":35.0},{"not_picked":["Weave","Prostrate"],"picked":"ClearTheMind+1","floor":36.0},{"not_picked":["Sanctity+1","Weave+1"],"picked":"Evaluate+1","floor":39.0},{"not_picked":["Vengeance","Swivel+1"],"picked":"EmptyMind+1","floor":42.0},{"not_picked":["Prostrate","Alpha"],"picked":"MentalFortress","floor":45},{"not_picked":["Consecrate","Worship","EmptyMind"],"picked":"SKIP","floor":47}],"player_experience":3313701,"relics_obtained":[{"floor":7.0,"key":"Orichalcum"},{"floor":9.0,"key":"Peace Pipe"},{"floor":12.0,"key":"Smiling Mask"},{"floor":14.0,"key":"Potion Belt"},{"floor":26.0,"key":"Lantern"},{"floor":27.0,"key":"Bag of Marbles"},{"floor":42.0,"key":"CaptainsWheel"},{"floor":43.0,"key":"Oddly Smooth Stone"},{"floor":48,"key":"Juzu Bracelet"}],"event_choices":[{"damage_healed":0.0,"max_hp_gain":5.0,"max_hp_loss":0.0,"gold_gain":0.0,"event_name":"Big Fish","player_choice":"Donut","floor":3.0,"gold_loss":0.0,"damage_taken":0.0},{"damage_healed":0.0,"max_hp_gain":0.0,"max_hp_loss":0.0,"gold_gain":0.0,"cards_transformed":["Strike_P"],"event_name":"Living Wall","player_choice":"Change","floor":4.0,"gold_loss":0.0,"damage_taken":0.0,"cards_obtained":["Consecrate"]},{"damage_healed":0.0,"max_hp_gain":0.0,"max_hp_loss":0.0,"gold_gain":0.0,"event_name":"Shining Light","player_choice":"Entered Light","floor":5.0,"gold_loss":0.0,"damage_taken":20.0,"cards_upgraded":["Consecrate","Vigilance"]},{"damage_healed":0.0,"max_hp_gain":0.0,"max_hp_loss":0.0,"gold_gain":0.0,"event_name":"Dead Adventurer","player_choice":"Searched \u00271\u0027 times","floor":12.0,"gold_loss":0.0,"damage_taken":0.0},{"damage_healed":0.0,"max_hp_gain":0.0,"max_hp_loss":0.0,"gold_gain":0.0,"event_name":"Scrap Ooze","player_choice":"Success","floor":13.0,"gold_loss":0.0,"damage_taken":5.0,"relics_obtained":["Blood Vial"]},{"damage_healed":13.0,"max_hp_gain":0.0,"max_hp_loss":0.0,"gold_gain":0.0,"event_name":"The Library","player_choice":"Heal","floor":19.0,"gold_loss":0.0,"damage_taken":0.0},{"cards_removed":["Strike_P"],"damage_healed":0.0,"max_hp_gain":0.0,"max_hp_loss":0.0,"gold_gain":0.0,"event_name":"Back to Basics","player_choice":"Elegance","floor":20.0,"gold_loss":0.0,"damage_taken":0.0},{"damage_healed":0.0,"max_hp_gain":0.0,"max_hp_loss":0.0,"gold_gain":100.0,"event_name":"The Joust","player_choice":"Bet on Murderer","floor":25.0,"gold_loss":50.0,"damage_taken":0.0},{"damage_healed":0.0,"max_hp_gain":0.0,"max_hp_loss":0.0,"gold_gain":0.0,"cards_transformed":["Defend_P"],"event_name":"Transmorgrifier","player_choice":"Transformed","floor":31.0,"gold_loss":0.0,"damage_taken":0.0,"cards_obtained":["FlowState"]},{"damage_healed":0.0,"max_hp_gain":0.0,"max_hp_loss":0.0,"gold_gain":50.0,"event_name":"FaceTrader","player_choice":"Touch","floor":37.0,"gold_loss":0.0,"damage_taken":6.0}],"is_beta":true,"boss_relics":[{"not_picked":["Fusion Hammer","Runic Pyramid"],"picked":"Philosopher\u0027s Stone"},{"not_picked":["Snecko Eye","Velvet Choker"],"picked":"SlaversCollar"}],"items_purged_floors":[21,38,40,46],"is_endless":false,"potions_floor_spawned":[7,16,18,30,33,36,45],"ascension_level":20}