{"gold_per_floor":[114,114,133,133,144,206,225,256,280,0,14,14,28,28,28,125,125,141,161,191,191,8,8,27,39,62,62,62,78,78,93,93,93],"floor_reached":33,"playtime":3919,"items_purged":[],"score":259,"play_id":"9a3fedf0-af03-4c8e-be59-650068c21c2d","local_time":"20190119203102","is_ascension_mode":false,"campfire_choices":[{"floor":12,"key":"REST"},{"floor":15,"key":"REST"},{"floor":23,"key":"REST"},{"floor":30,"key":"REST"},{"floor":32,"key":"REST"}],"neow_cost":"NONE","seed_source_timestamp":314802996662357,"circlet_count":0,"master_deck":["Strike_R","Strike_R","Strike_R","Strike_R","Defend_R","Defend_R","Defend_R","Defend_R","Bash","Shockwave","Iron Wave","Armaments","Intimidate","Flex","Seeing Red","Demon Form","Dramatic Entrance","Blood for Blood","Iron Wave","Impervious","Armaments","Pommel Strike+1","Pommel Strike","Searing Blow","Pommel Strike","Metallicize","Shrug It Off"],"relics":["Burning Blood","Lantern","Tiny Chest","Ancient Tea Set","Anchor","Pen Nib","Lizard Tail","Red Mask","Regal Pillow","Blood Vial","MutagenicStrength"],"potions_floor_usage":[6,8,8,11,16,20,20,29,33],"damage_taken":[{"damage":6,"enemies":"Cultist","floor":1,"turns":3},{"damage":2,"enemies":"Small Slimes","floor":3,"turns":4},{"damage":3,"enemies":"Jaw Worm","floor":5,"turns":4},{"damage":40,"enemies":"Lagavulin","floor":6,"turns":11},{"damage":0,"enemies":"2 Fungi Beasts","floor":7,"turns":4},{"damage":21,"enemies":"3 Sentries","floor":8,"turns":6},{"damage":2,"enemies":"Gremlin Gang","floor":11,"turns":5},{"damage":5,"enemies":"Large Slime","floor":13,"turns":6},{"damage":27,"enemies":"Slime Boss","floor":16,"turns":7},{"damage":24,"enemies":"Spheric Guardian","floor":18,"turns":5},{"damage":13,"enemies":"Chosen","floor":19,"turns":6},{"damage":42,"enemies":"Masked Bandits","floor":20,"turns":6},{"damage":68,"enemies":"Sentry and Sphere","floor":24,"turns":10},{"damage":23,"enemies":"Snake Plant","floor":25,"turns":6},{"damage":10,"enemies":"3 Cultists","floor":29,"turns":7},{"damage":4,"enemies":"Shelled Parasite and Fungi","floor":31,"turns":9},{"damage":120,"enemies":"Automaton","floor":33,"turns":12}],"seed_played":"3577759571358868982","potions_obtained":[{"floor":1,"key":"Weak Potion"},{"floor":6,"key":"PowerPotion"},{"floor":7,"key":"Fire Potion"},{"floor":8,"key":"Dexterity Potion"},{"floor":13,"key":"PowerPotion"},{"floor":18,"key":"LiquidBronze"},{"floor":24,"key":"PowerPotion"},{"floor":25,"key":"Poison Potion"},{"floor":31,"key":"SkillPotion"}],"is_trial":false,"path_per_floor":["M","?","M","?","M","E","M","E","T","$","M","R","M","?","R","B",null,"M","M","?","?","$","R","M","M","T","?","?","M","R","M","R","B"],"character_chosen":"IRONCLAD","items_purchased":["Dramatic Entrance","Pen Nib","Block Potion","Regal Pillow","Searing Blow"],"campfire_rested":5,"item_purchase_floors":[10,10,10,22,22],"current_hp_per_floor":[80,80,80,73,76,42,48,33,33,33,37,61,62,62,80,59,80,62,55,19,19,19,58,36,19,19,19,19,17,56,60,80,0],"gold":93,"neow_bonus":"RANDOM_COMMON_RELIC","is_prod":false,"is_daily":false,"chose_seed":false,"campfire_upgraded":0,"win_rate":0.0,"timestamp":1547958662,"path_taken":["M","?","M","?","M","E","M","E","T","$","M","R","M","?","R","BOSS","M","M","?","?","$","R","M","?","T","?","?","?","R","M","R","BOSS"],"build_version":"2019-01-17v2","purchased_purges":0,"victory":false,"max_hp_per_floor":[80,80,80,80,80,80,80,80,80,80,80,80,80,80,80,80,80,80,80,80,80,80,80,80,80,80,80,80,80,80,80,80,80],"card_choices":[{"not_picked":["Havoc","True Grit"],"picked":"Shockwave","floor":1},{"not_picked":["Reckless Charge","Shrug It Off"],"picked":"Armaments","floor":3},{"not_picked":["Hemokinesis","Combust"],"picked":"Intimidate","floor":5},{"not_picked":["Disarm","Warcry"],"picked":"Flex","floor":6},{"not_picked":["Iron Wave","Flex"],"picked":"Seeing Red","floor":7},{"not_picked":["Thunderclap","Warcry"],"picked":"Demon Form","floor":8},{"not_picked":["Clash","Rampage"],"picked":"Blood for Blood","floor":11},{"not_picked":["Seeing Red","Wild Strike"],"picked":"Iron Wave","floor":13},{"not_picked":["Double Tap","Dark Embrace"],"picked":"Impervious","floor":16},{"not_picked":["Havoc","Cleave"],"picked":"Armaments","floor":18},{"not_picked":["Feel No Pain","Heavy Blade"],"picked":"Pommel Strike+1","floor":19},{"not_picked":["Iron Wave","Wild Strike+1"],"picked":"Pommel Strike","floor":20},{"not_picked":["Pummel","Wild Strike"],"picked":"Pommel Strike","floor":24},{"not_picked":["Wild Strike","Fire Breathing"],"picked":"Metallicize","floor":25},{"not_picked":["Wild Strike","Brutality"],"picked":"Shrug It Off","floor":29},{"not_picked":["Wild Strike","Rupture+1","Fire Breathing"],"picked":"SKIP","floor":31}],"player_experience":238051,"relics_obtained":[{"floor":6,"key":"Tiny Chest"},{"floor":8,"key":"Ancient Tea Set"},{"floor":9,"key":"Anchor"},{"floor":20,"key":"Red Mask"},{"floor":26,"key":"Blood Vial"}],"event_choices":[{"damage_healed":0,"gold_gain":0,"cards_transformed":["Strike_R"],"player_choice":"Change","damage_taken":0,"max_hp_gain":0,"max_hp_loss":0,"event_name":"Living Wall","floor":2,"gold_loss":0,"cards_obtained":["Iron Wave"]},{"damage_healed":0,"gold_gain":0,"player_choice":"Fled","damage_taken":7,"max_hp_gain":0,"max_hp_loss":0,"event_name":"Scrap Ooze","floor":4,"gold_loss":0},{"damage_healed":0,"gold_gain":0,"player_choice":"Ignored","damage_taken":0,"max_hp_gain":0,"max_hp_loss":0,"event_name":"Liars Game","floor":14,"gold_loss":0},{"damage_healed":0,"gold_gain":0,"player_choice":"Fought Bandits","damage_taken":0,"max_hp_gain":0,"max_hp_loss":0,"event_name":"Masked Bandits","floor":20,"gold_loss":0},{"damage_healed":0,"gold_gain":0,"player_choice":"Ignored","damage_taken":0,"max_hp_gain":0,"max_hp_loss":0,"event_name":"NoteForYourself","floor":21,"gold_loss":0},{"damage_healed":0,"gold_gain":0,"player_choice":"Inject Mutagens","damage_taken":0,"relics_obtained":["MutagenicStrength"],"max_hp_gain":0,"max_hp_loss":0,"event_name":"Drug Dealer","floor":27,"gold_loss":0},{"damage_healed":0,"gold_gain":0,"player_choice":"Ignored","damage_taken":0,"max_hp_gain":0,"max_hp_loss":0,"event_name":"Cursed Tome","floor":28,"gold_loss":0}],"is_beta":false,"boss_relics":[{"not_picked":["Tiny House","Calling Bell"],"picked":"Lizard Tail"}],"items_purged_floors":[],"is_endless":false,"potions_floor_spawned":[1,6,7,8,13,18,24,25,31],"killed_by":"Automaton","ascension_level":0}