{"gold_per_floor":[118,118,135,135,153,183,183,153,153,55,55,55,65,84,84,182,212,229,229,55,78,104,104,117,132,132,149,149,161,161,188,188,290,290,308,325,325,325,28,28,38,38,62,88,88,123,123,134,134,134],"floor_reached":51,"playtime":4888,"items_purged":["Normality","Decay"],"score":748,"play_id":"6abdde76-2790-4338-95b7-b5055b2c056f","local_time":"20190821120241","is_ascension_mode":false,"campfire_choices":[{"floor":7.0,"key":"REST"},{"floor":12.0,"key":"REST"},{"data":"Zap","floor":15.0,"key":"SMITH"},{"floor":28,"key":"REST"},{"floor":32,"key":"REST"},{"floor":40,"key":"REST"},{"floor":47,"key":"REST"},{"floor":49,"key":"REST"}],"neow_cost":"NONE","seed_source_timestamp":0,"circlet_count":0,"master_deck":["Strike_B","Strike_B","Strike_B","Strike_B","Defend_B","Defend_B","Defend_B","Defend_B","Zap+1","Dualcast","Sweeping Beam","Conserve Battery","Chill","Cold Snap","Darkness","Conserve Battery","Conserve Battery","Leap","Gash+1","Ball Lightning+1","Core Surge+1","Injury","Stack","Capacitor","Compile Driver+1","Go for the Eyes+1","Undo","Leap","Redo+1","Loop","Buffer","Go for the Eyes+1","Ball Lightning+1","Zap+1","Leap+1","Apotheosis+1","Streamline+1","Static Discharge","Redo+1","Stack+1"],"special_seed":0,"relics":["Cracked Core","Centennial Puzzle","Darkstone Periapt","Molten Egg 2","Calling Bell","Tiny Chest","Cables","Pocketwatch","Singing Bowl","Blood Vial","Pen Nib","Letter Opener","Mercury Hourglass","Toxic Egg 2","Eternal Feather","Matryoshka","Lantern","Ancient Tea Set","DataDisk","Du-Vu Doll"],"potions_floor_usage":[25,33,33,36,46,46,48],"damage_taken":[{"damage":0.0,"enemies":"Small Slimes","floor":1.0,"turns":4.0},{"damage":6.0,"enemies":"Jaw Worm","floor":3.0,"turns":3.0},{"damage":0.0,"enemies":"Cultist","floor":5.0,"turns":4.0},{"damage":33.0,"enemies":"Gremlin Nob","floor":6.0,"turns":5.0},{"damage":0.0,"enemies":"Looter","floor":8.0,"turns":4.0},{"damage":1.0,"enemies":"Red Slaver","floor":13.0,"turns":3.0},{"damage":3.0,"enemies":"Exordium Wildlife","floor":14.0,"turns":4.0},{"damage":35.0,"enemies":"Hexaghost","floor":16.0,"turns":11.0},{"damage":11.0,"enemies":"Spheric Guardian","floor":18.0,"turns":6.0},{"damage":16,"enemies":"3 Byrds","floor":24,"turns":6},{"damage":20,"enemies":"Snake Plant","floor":25,"turns":5},{"damage":10,"enemies":"Snecko","floor":27,"turns":5},{"damage":2,"enemies":"Sentry and Sphere","floor":29,"turns":4},{"damage":8,"enemies":"Book of Stabbing","floor":31,"turns":6},{"damage":59,"enemies":"Champ","floor":33,"turns":14},{"damage":23,"enemies":"3 Darklings","floor":35,"turns":7},{"damage":21,"enemies":"3 Shapes","floor":36,"turns":3},{"damage":23,"enemies":"Transient","floor":41,"turns":5},{"damage":50,"enemies":"Reptomancer","floor":44,"turns":8},{"damage":7,"enemies":"Giant Head","floor":46,"turns":11},{"damage":24,"enemies":"Writhing Mass","floor":48,"turns":4},{"damage":116,"enemies":"Donu and Deca","floor":50,"turns":12}],"seed_played":"-3604865984596332239","potions_obtained":[{"floor":3.0,"key":"PowerPotion"},{"floor":11.0,"key":"FairyPotion"},{"floor":11.0,"key":"Fire Potion"},{"floor":18.0,"key":"LiquidBronze"},{"floor":27,"key":"GamblersBrew"},{"floor":31,"key":"Fire Potion"},{"floor":35,"key":"PowerPotion"},{"floor":41,"key":"Block Potion"},{"floor":44,"key":"Dexterity Potion"},{"floor":46,"key":"Dexterity Potion"}],"is_trial":false,"path_per_floor":["M","?","M","?","M","E","R","M","T","$","?","R","M","M","R","B",null,"M","T","$","T","T","$","M","M","T","M","R","M","?","E","R","B",null,"M","M","T","?","$","R","M","$","T","E","?","E","R","M","R","B",null],"character_chosen":"DEFECT","items_purchased":["Leap","Block Potion","Capacitor","Compile Driver+1","Apotheosis+1","Streamline+1"],"campfire_rested":7,"item_purchase_floors":[10,10,20,20,39,39],"current_hp_per_floor":[75,80,74,74,74,41,65,65,65,65,65,80,79,76,76,41,98,87,87,87,87,87,87,73,55,55,47,76,76,76,70,98,39,98,75,56,56,56,56,98,75,75,75,27,27,24,75,53,100,10],"gold":134,"neow_bonus":"RANDOM_COMMON_RELIC","is_prod":false,"is_daily":false,"chose_seed":false,"campfire_upgraded":1,"win_rate":0,"timestamp":1566414161,"path_taken":["M","?","M","?","M","E","R","?","T","$","?","R","M","M","R","BOSS","M","?","$","?","?","?","?","M","T","M","R","?","?","E","R","BOSS","M","M","?","?","$","R","?","$","T","E","?","E","R","M","R","BOSS"],"build_version":"2019-07-17","purchased_purges":2,"victory":true,"max_hp_per_floor":[75,80,80,80,80,80,80,80,80,80,80,80,80,80,80,80,98,98,98,98,98,98,98,98,98,98,98,98,98,98,98,98,98,98,98,98,98,98,98,98,98,98,98,98,98,100,100,100,100,100],"card_choices":[{"not_picked":["Rebound","Turbo"],"picked":"Sweeping Beam","floor":1.0},{"not_picked":["Skim","Seek"],"picked":"Conserve Battery","floor":3.0},{"not_picked":["Rebound","Sweeping Beam"],"picked":"Darkness","floor":5.0},{"not_picked":["Go for the Eyes","Cold Snap"],"picked":"Conserve Battery","floor":6.0},{"not_picked":["Consume","Go for the Eyes"],"picked":"Conserve Battery","floor":8.0},{"not_picked":["Skim","Consume"],"picked":"Gash+1","floor":13.0},{"not_picked":["Fission","Turbo"],"picked":"Ball Lightning+1","floor":14.0},{"not_picked":["Echo Form","Reboot"],"picked":"Core Surge+1","floor":16.0},{"not_picked":["Cold Snap+1","Heatsinks"],"picked":"Stack","floor":18.0},{"not_picked":["Turbo","Hologram"],"picked":"Go for the Eyes+1","floor":24},{"not_picked":["Hologram+1","Sweeping Beam+1"],"picked":"Undo","floor":25},{"not_picked":["Turbo","Doom and Gloom+1"],"picked":"Leap","floor":27},{"not_picked":["Barrage+1","Sunder+1"],"picked":"Redo+1","floor":29},{"not_picked":["Fission","Sweeping Beam+1"],"picked":"Loop","floor":31},{"not_picked":["Fission+1","Rainbow+1"],"picked":"Buffer","floor":33},{"not_picked":["Fusion+1","Hologram+1"],"picked":"Go for the Eyes+1","floor":35},{"not_picked":["Cold Snap+1","Doom and Gloom+1"],"picked":"Ball Lightning+1","floor":36},{"not_picked":["Beam Cell+1","Hello World"],"picked":"Static Discharge","floor":41},{"not_picked":["Static Discharge+1","Cold Snap+1"],"picked":"Redo+1","floor":44},{"not_picked":["Redo+1","Recycle+1","Echo Form"],"picked":"Singing Bowl","floor":46},{"not_picked":["Conserve Battery+1","Streamline+1"],"picked":"Stack+1","floor":48}],"player_experience":394867,"relics_obtained":[{"floor":6.0,"key":"Darkstone Periapt"},{"floor":9.0,"key":"Molten Egg 2"},{"floor":17.0,"key":"Tiny Chest"},{"floor":17.0,"key":"Cables"},{"floor":17.0,"key":"Pocketwatch"},{"floor":19.0,"key":"Singing Bowl"},{"floor":21,"key":"Blood Vial"},{"floor":22,"key":"Pen Nib"},{"floor":26,"key":"Letter Opener"},{"floor":31,"key":"Toxic Egg 2"},{"floor":37,"key":"Matryoshka"},{"floor":43,"key":"Lantern"},{"floor":43,"key":"Ancient Tea Set"},{"floor":44,"key":"DataDisk"},{"floor":46,"key":"Du-Vu Doll"}],"event_choices":[{"damage_healed":0.0,"max_hp_gain":5.0,"max_hp_loss":0.0,"gold_gain":0.0,"event_name":"Big Fish","player_choice":"Donut","floor":2.0,"gold_loss":0.0,"damage_taken":0.0},{"damage_healed":0.0,"max_hp_gain":0.0,"max_hp_loss":0.0,"gold_gain":0.0,"event_name":"Match and Keep!","player_choice":"3 cards matched","floor":4.0,"gold_loss":0.0,"damage_taken":0.0,"cards_obtained":["Chill","Cold Snap","Creative AI"]},{"damage_healed":0.0,"max_hp_gain":0.0,"max_hp_loss":0.0,"gold_gain":0.0,"event_name":"Lab","player_choice":"Got Potions","floor":11.0,"gold_loss":0.0,"damage_taken":0.0},{"cards_removed":["Creative AI"],"damage_healed":0,"gold_gain":0,"player_choice":"Gave Card","damage_taken":0,"relics_obtained":["Mercury Hourglass"],"max_hp_gain":0,"max_hp_loss":0,"event_name":"WeMeetAgain","floor":30,"gold_loss":0},{"damage_healed":0,"gold_gain":0,"player_choice":"2 cards matched","damage_taken":0,"max_hp_gain":0,"max_hp_loss":0,"event_name":"Match and Keep!","floor":38,"gold_loss":0,"cards_obtained":["Zap","Leap"]},{"damage_healed":0,"gold_gain":0,"player_choice":"Ignored","damage_taken":0,"max_hp_gain":0,"max_hp_loss":0,"event_name":"SecretPortal","floor":45,"gold_loss":0}],"is_beta":false,"boss_relics":[{"not_picked":["FrozenCore","Lizard Tail"],"picked":"Calling Bell"},{"not_picked":["Pandora\u0027s Box","Black Star"],"picked":"Eternal Feather"}],"items_purged_floors":[20,39],"is_endless":false,"potions_floor_spawned":[3,13,14,18,27,31,35,41,44,46],"ascension_level":0}