{"gold_per_floor":[113,124,124,67,79,2,22,37,37,48,48,48,48,61,61,160,160,143,143,143,58,68,68,79,79,79,92,92,121,121,121,121,218,218,231,331,37,49,49,49],"floor_reached":40,"playtime":3310,"items_purged":[],"score":421,"play_id":"23f2be42-64f9-4959-b161-ea211fa8a41d","local_time":"20181228215754","is_ascension_mode":false,"campfire_choices":[{"floor":13,"key":"REST"},{"floor":15,"key":"REST"},{"floor":23,"key":"REST"},{"data":"Backflip","floor":28,"key":"SMITH"},{"floor":32,"key":"REST"}],"neow_cost":"NONE","seed_source_timestamp":10383057018967,"circlet_count":0,"master_deck":["Defend_G","Defend_G","Defend_G","Defend_G","Defend_G+1","Strike_G","Strike_G","Strike_G+1","Strike_G","Strike_G","Survivor","Neutralize","Flying Knee","Backflip+1","Blade Dance","Choke","Finisher","Bane","Poisoned Stab","Dagger Throw","Corpse Explosion","Quick Slash+1","RitualDagger","Terror+1","Flechettes+1","Deflect","Flying Knee+1","After Image","Masterful Stab","Deflect+1","Good Instincts","Caltrops","Writhe"],"relics":["Ring of the Snake","NeowsBlessing","Ninja Scroll","Dodecahedron","MutagenicStrength","Paper Crane","Shuriken","Bird Faced Urn","Happy Flower","Thread and Needle","TwistedFunnel"],"potions_floor_usage":[33,33,36,40],"damage_taken":[{"damage":0,"enemies":"2 Louse","floor":1,"turns":1},{"damage":0,"enemies":"Cultist","floor":2,"turns":1},{"damage":0,"enemies":"Small Slimes","floor":5,"turns":1},{"damage":6,"enemies":"Exordium Wildlife","floor":7,"turns":3},{"damage":13,"enemies":"2 Fungi Beasts","floor":8,"turns":3},{"damage":0,"enemies":"Looter","floor":10,"turns":1},{"damage":0,"enemies":"Exordium Thugs","floor":14,"turns":3},{"damage":2,"enemies":"Slime Boss","floor":16,"turns":8},{"damage":2,"enemies":"2 Thieves","floor":18,"turns":4},{"damage":8,"enemies":"Shell Parasite","floor":22,"turns":4},{"damage":0,"enemies":"Snecko","floor":24,"turns":2},{"damage":0,"enemies":"Snake Plant","floor":27,"turns":2},{"damage":17,"enemies":"Gremlin Leader","floor":29,"turns":4},{"damage":23,"enemies":"Automaton","floor":33,"turns":6},{"damage":18,"enemies":"3 Darklings","floor":35,"turns":4},{"damage":14,"enemies":"Mind Bloom Boss Battle","floor":36,"turns":5},{"damage":0,"enemies":"3 Shapes","floor":38,"turns":2},{"damage":63,"enemies":"Reptomancer","floor":40,"turns":5}],"seed_played":"8409716229239598965","potions_obtained":[{"floor":7,"key":"EssenceOfSteel"},{"floor":10,"key":"AttackPotion"},{"floor":14,"key":"LiquidBronze"},{"floor":33,"key":"EssenceOfSteel"},{"floor":38,"key":"Strength Potion"}],"is_trial":false,"path_per_floor":["M","M","?","?","M","$","M","M","T","M","?","?","R","M","R","B",null,"M","?","?","?","M","R","M","T","T","M","R","E","?","?","R","B",null,"M","?","$","M","?","E"],"character_chosen":"THE_SILENT","items_purchased":["Choke","TwistedFunnel","Good Instincts"],"campfire_rested":4,"item_purchase_floors":[6,37,37],"current_hp_per_floor":[70,70,70,70,70,70,64,51,51,51,51,37,58,58,70,68,70,68,62,62,62,54,70,70,70,70,70,70,53,53,53,70,47,70,52,40,40,40,58,0],"gold":49,"neow_bonus":"THREE_ENEMY_KILL","is_prod":false,"is_daily":false,"chose_seed":false,"campfire_upgraded":1,"win_rate":0.0,"timestamp":1546063074,"path_taken":["M","M","?","?","?","?","M","M","T","M","?","?","R","M","R","BOSS","M","?","?","?","M","R","M","?","T","?","R","E","?","?","R","BOSS","M","?","$","M","?","E"],"build_version":"2018-12-20","purchased_purges":0,"victory":false,"max_hp_per_floor":[70,70,70,70,70,70,70,70,70,70,70,70,70,70,70,70,70,70,70,70,70,70,70,70,70,70,70,70,70,70,70,70,70,70,70,70,70,70,70,70],"card_choices":[{"not_picked":["Acrobatics","PiercingWail"],"picked":"Flying Knee","floor":1},{"not_picked":["Underhanded Strike","Deadly Poison"],"picked":"Backflip","floor":2},{"not_picked":["Flying Knee","Outmaneuver"],"picked":"Blade Dance","floor":5},{"not_picked":["Glass Knife","Skewer"],"picked":"Finisher","floor":7},{"not_picked":["Backflip","Distraction"],"picked":"Bane","floor":8},{"not_picked":["Underhanded Strike","PiercingWail"],"picked":"Poisoned Stab","floor":10},{"not_picked":["Finisher","Predator"],"picked":"Dagger Throw","floor":14},{"not_picked":["Adrenaline","Glass Knife"],"picked":"Corpse Explosion","floor":16},{"not_picked":["Acrobatics","Poisoned Stab+1"],"picked":"Quick Slash+1","floor":18},{"not_picked":["Tactician","Blade Dance+1"],"picked":"Terror+1","floor":22},{"not_picked":["Corpse Explosion","Catalyst"],"picked":"Flechettes+1","floor":24},{"not_picked":["Dagger Throw+1","Underhanded Strike+1"],"picked":"Deflect","floor":27},{"not_picked":["Malaise","Dodge and Roll"],"picked":"Flying Knee+1","floor":29},{"not_picked":["Malaise","Glass Knife"],"picked":"After Image","floor":33},{"not_picked":["Slice+1","Blade Dance+1"],"picked":"Masterful Stab","floor":35},{"not_picked":["Acrobatics+1","Prepared+1"],"picked":"Deflect+1","floor":36},{"not_picked":["Blade Dance+1","Escape Plan"],"picked":"Caltrops","floor":38}],"player_experience":55436,"relics_obtained":[{"floor":9,"key":"Dodecahedron"},{"floor":25,"key":"Shuriken"},{"floor":26,"key":"Bird Faced Urn"},{"floor":29,"key":"Happy Flower"},{"floor":36,"key":"Thread and Needle"}],"event_choices":[{"damage_healed":0,"gold_gain":0,"player_choice":"Ignored","damage_taken":0,"max_hp_gain":0,"max_hp_loss":0,"event_name":"Liars Game","floor":3,"gold_loss":0},{"damage_healed":0,"gold_gain":0,"player_choice":"Paid Gold","damage_taken":0,"relics_obtained":["Ninja Scroll"],"max_hp_gain":0,"max_hp_loss":0,"event_name":"WeMeetAgain","floor":4,"gold_loss":57},{"damage_healed":0,"gold_gain":0,"player_choice":"Leave","damage_taken":0,"max_hp_gain":0,"max_hp_loss":0,"event_name":"The Cleric","floor":11,"gold_loss":0},{"damage_healed":0,"gold_gain":0,"player_choice":"Entered Light","damage_taken":14,"max_hp_gain":0,"max_hp_loss":0,"event_name":"Shining Light","floor":12,"gold_loss":0,"cards_upgraded":["Strike_G","Defend_G"]},{"damage_healed":0,"gold_gain":0,"player_choice":"Joined the Cult","damage_taken":6,"max_hp_gain":0,"max_hp_loss":0,"event_name":"Nest","floor":19,"gold_loss":0,"cards_obtained":["RitualDagger"]},{"damage_healed":0,"gold_gain":0,"player_choice":"Inject Mutagens","damage_taken":0,"relics_obtained":["MutagenicStrength"],"max_hp_gain":0,"max_hp_loss":0,"event_name":"Drug Dealer","floor":20,"gold_loss":0},{"damage_healed":0,"gold_gain":0,"player_choice":"Obtained Relic","damage_taken":0,"relics_obtained":["Paper Crane"],"max_hp_gain":0,"max_hp_loss":0,"event_name":"Addict","floor":21,"gold_loss":85},{"damage_healed":0,"gold_gain":0,"player_choice":"Ignored","damage_taken":0,"max_hp_gain":0,"max_hp_loss":0,"event_name":"The Mausoleum","floor":30,"gold_loss":0},{"damage_healed":0,"gold_gain":0,"player_choice":"Ignored","damage_taken":0,"max_hp_gain":0,"max_hp_loss":0,"event_name":"Beggar","floor":31,"gold_loss":0},{"damage_healed":0,"gold_gain":0,"player_choice":"Fight","damage_taken":0,"max_hp_gain":0,"max_hp_loss":0,"event_name":"MindBloom","floor":36,"gold_loss":0},{"damage_healed":18,"gold_gain":0,"player_choice":"Writhe","damage_taken":0,"max_hp_gain":0,"max_hp_loss":0,"event_name":"Winding Halls","floor":39,"gold_loss":0,"cards_obtained":["Writhe"]}],"is_beta":false,"boss_relics":[{"not_picked":["Fusion Hammer","Coffee Dripper","Ectoplasm"]},{"not_picked":["Calling Bell","Cursed Key","Velvet Choker"]}],"items_purged_floors":[],"is_endless":false,"potions_floor_spawned":[7,10,14,24,27,33,38],"killed_by":"Reptomancer","ascension_level":0}