{"gold_per_floor":[111,111,123,138,25,25,44,75,75,104,121,121,153,172,172,274,274,285,285,298,316,316,316,347,365,365,381,410,410,410,439,439,539,539,555,575,592,284,295,324,324,352,376,395,421,421,451,461,461,461,461,461,299,325,325],"floor_reached":56,"playtime":12237,"items_purged":["Defend_B","Strike_B","Defend_B"],"score":1744,"play_id":"93cb2673-fd7b-4551-b935-4d01a66f8c17","local_time":"20190919163048","is_ascension_mode":true,"campfire_choices":[{"data":"Coolheaded","floor":6.0,"key":"SMITH"},{"data":"Defragment","floor":12.0,"key":"SMITH"},{"data":"Glacier","floor":15.0,"key":"SMITH"},{"data":"Capacitor","floor":23.0,"key":"SMITH"},{"data":"Hologram","floor":29.0,"key":"SMITH"},{"data":"Echo Form","floor":32.0,"key":"SMITH"},{"data":"Amplify","floor":41.0,"key":"SMITH"},{"data":"Defend_B","floor":46,"key":"PURGE"},{"floor":49,"key":"RECALL"},{"data":"Defend_B","floor":52,"key":"PURGE"}],"neow_cost":"PERCENT_DAMAGE","seed_source_timestamp":0,"circlet_count":0,"master_deck":["Zap","Dualcast","Coolheaded+1","Glacier+1","White Noise","Seek","Defragment+1","Conserve Battery","Chill","Echo Form+1","Chill+1","Capacitor+1","Hologram+1","Defragment+1","Echo Form","Ball Lightning+1","Loop+1","Biased Cognition","Purity","Double Energy+1","Amplify+1","Ball Lightning+1","Echo Form","Rainbow","Capacitor+1","Meteor Strike"],"special_seed":0,"relics":["Cracked Core","Mango","Ice Cream","FossilizedHelix","Snecko Eye","Regal Pillow","Du-Vu Doll","Nloth\u0027s Gift","Centennial Puzzle","Nuclear Battery","Membership Card","DataDisk","PreservedInsect","Anchor","Peace Pipe","Pen Nib","Frozen Eye","Thread and Needle"],"potions_floor_usage":[42,44,55,55,55],"damage_taken":[{"damage":2.0,"enemies":"Jaw Worm","floor":1.0,"turns":4.0},{"damage":0.0,"enemies":"Cultist","floor":3.0,"turns":5.0},{"damage":0.0,"enemies":"2 Louse","floor":4.0,"turns":2.0},{"damage":0.0,"enemies":"Red Slaver","floor":7.0,"turns":6.0},{"damage":34.0,"enemies":"3 Sentries","floor":8.0,"turns":9.0},{"damage":0.0,"enemies":"Lagavulin","floor":10.0,"turns":8.0},{"damage":3.0,"enemies":"Exordium Wildlife","floor":11.0,"turns":4.0},{"damage":5.0,"enemies":"3 Sentries","floor":13.0,"turns":6.0},{"damage":0.0,"enemies":"Large Slime","floor":14.0,"turns":6.0},{"damage":2.0,"enemies":"Slime Boss","floor":16.0,"turns":17.0},{"damage":0.0,"enemies":"Chosen","floor":18.0,"turns":4.0},{"damage":5.0,"enemies":"2 Thieves","floor":20.0,"turns":4.0},{"damage":0.0,"enemies":"Snecko","floor":21.0,"turns":8.0},{"damage":0.0,"enemies":"Book of Stabbing","floor":24.0,"turns":7.0},{"damage":0.0,"enemies":"Sentry and Sphere","floor":25.0,"turns":5.0},{"damage":0.0,"enemies":"3 Cultists","floor":27.0,"turns":4.0},{"damage":21.0,"enemies":"Slavers","floor":28.0,"turns":9.0},{"damage":0.0,"enemies":"Gremlin Leader","floor":31.0,"turns":9.0},{"damage":0.0,"enemies":"Collector","floor":33.0,"turns":11.0},{"damage":0.0,"enemies":"Orb Walker","floor":35.0,"turns":6.0},{"damage":0.0,"enemies":"3 Shapes","floor":36.0,"turns":4.0},{"damage":0.0,"enemies":"Spire Growth","floor":37.0,"turns":7.0},{"damage":0.0,"enemies":"Jaw Worm Horde","floor":39.0,"turns":4.0},{"damage":0.0,"enemies":"Giant Head","floor":40.0,"turns":6.0},{"damage":0,"enemies":"Reptomancer","floor":42,"turns":5},{"damage":30,"enemies":"4 Shapes","floor":44,"turns":6},{"damage":0,"enemies":"Giant Head","floor":45,"turns":6},{"damage":0,"enemies":"Nemesis","floor":47,"turns":7},{"damage":0,"enemies":"Spire Growth","floor":48,"turns":5},{"damage":0,"enemies":"Donu and Deca","floor":50,"turns":7},{"damage":12,"enemies":"Shield and Spear","floor":54,"turns":5},{"damage":26,"enemies":"The Heart","floor":55,"turns":7}],"seed_played":"8541738203413432158","potions_obtained":[{"floor":3.0,"key":"Poison Potion"},{"floor":4.0,"key":"EssenceOfSteel"},{"floor":8.0,"key":"Dexterity Potion"},{"floor":10.0,"key":"Ancient Potion"},{"floor":14.0,"key":"Swift Potion"},{"floor":18.0,"key":"GamblersBrew"},{"floor":20.0,"key":"SpeedPotion"},{"floor":24.0,"key":"Regen Potion"},{"floor":28.0,"key":"SteroidPotion"},{"floor":33.0,"key":"GamblersBrew"},{"floor":39.0,"key":"FocusPotion"},{"floor":40.0,"key":"GamblersBrew"},{"floor":42,"key":"Regen Potion"},{"floor":45,"key":"Dexterity Potion"},{"floor":48,"key":"SkillPotion"}],"is_trial":false,"path_per_floor":["M","?","M","M","$","R","M","E","T","E","M","R","E","M","R","B",null,"M","?","M","M","?","R","E","M","T","M","E","R","?","E","R","B",null,"M","M","M","$","M","E","R","E","T","M","E","R","E","M","R","B",null,"R","$","E","B",null],"character_chosen":"DEFECT","items_purchased":["Glacier","Membership Card","Purity","Frozen Eye"],"campfire_rested":0,"item_purchase_floors":[5,38,38,53],"current_hp_per_floor":[52,52,52,52,52,52,52,18,32,32,29,29,24,24,24,22,89,89,89,84,84,84,84,84,84,84,84,63,63,63,63,63,63,89,89,89,89,89,89,89,89,89,89,68,68,68,68,68,68,68,89,89,89,77,51],"gold":325,"neow_bonus":"REMOVE_TWO","is_prod":false,"is_daily":false,"chose_seed":false,"campfire_upgraded":7,"win_rate":0,"timestamp":1568925048,"path_taken":["M","?","M","M","$","R","?","E","T","E","M","R","E","M","R","BOSS","M","?","M","?","?","R","E","M","T","M","E","R","?","E","R","BOSS","M","M","M","$","M","E","R","E","T","M","E","R","E","M","R","BOSS","R","$","E","BOSS"],"build_version":"2019-07-17","purchased_purges":3,"victory":true,"max_hp_per_floor":[75,75,75,75,75,75,75,75,89,89,89,89,89,89,89,89,89,89,89,89,89,89,89,89,89,89,89,89,89,89,89,89,89,89,89,89,89,89,89,89,89,89,89,89,89,89,89,89,89,89,89,89,89,89,89],"card_choices":[{"not_picked":["Sweeping Beam","Compile Driver"],"picked":"Coolheaded","floor":1.0},{"not_picked":["Compile Driver","Auto Shields","Stack"],"picked":"SKIP","floor":3.0},{"not_picked":["Rip and Tear","Undo","Compile Driver"],"picked":"SKIP","floor":4.0},{"not_picked":["BootSequence","Streamline"],"picked":"White Noise","floor":7.0},{"not_picked":["Glacier","Heatsinks"],"picked":"Seek","floor":8.0},{"not_picked":["Steam","Go for the Eyes"],"picked":"Defragment","floor":10.0},{"not_picked":["Coolheaded","Storm"],"picked":"Conserve Battery","floor":11.0},{"not_picked":["Scrape","Coolheaded","Streamline"],"picked":"SKIP","floor":13.0},{"not_picked":["Steam","Go for the Eyes"],"picked":"Chill","floor":14.0},{"not_picked":["Meteor Strike","Hyperbeam"],"picked":"Echo Form","floor":16.0},{"not_picked":["Reprogram","Cold Snap"],"picked":"Chill+1","floor":18.0},{"not_picked":["Turbo","Genetic Algorithm"],"picked":"Capacitor","floor":20.0},{"not_picked":["Coolheaded","Multi-Cast","Steam"],"picked":"SKIP","floor":21.0},{"not_picked":["BootSequence","Sweeping Beam"],"picked":"Hologram","floor":24.0},{"not_picked":["Conserve Battery","Hologram","Reinforced Body"],"picked":"SKIP","floor":25.0},{"not_picked":["Hologram","Compile Driver+1","Lockon"],"picked":"SKIP","floor":27.0},{"not_picked":["Chill+1","Blizzard"],"picked":"Defragment+1","floor":28.0},{"not_picked":["Rainbow","Ball Lightning","Auto Shields"],"picked":"SKIP","floor":31.0},{"not_picked":["Amplify","Rainbow"],"picked":"Echo Form","floor":33.0},{"not_picked":["Steam","Sweeping Beam+1"],"picked":"Ball Lightning+1","floor":35.0},{"not_picked":["Turbo+1","Barrage+1"],"picked":"Loop+1","floor":36.0},{"not_picked":["Redo+1","Reprogram+1"],"picked":"Biased Cognition","floor":37.0},{"not_picked":["Chaos+1","FTL"],"picked":"Double Energy+1","floor":39.0},{"not_picked":["Redo","Stack"],"picked":"Amplify","floor":40.0},{"not_picked":["Multi-Cast","Chill+1","Darkness"],"picked":"SKIP","floor":42},{"not_picked":["Streamline","Reinforced Body"],"picked":"Ball Lightning+1","floor":44},{"not_picked":["Leap+1","Undo"],"picked":"Echo Form","floor":45},{"not_picked":["Core Surge","Melter+1"],"picked":"Rainbow","floor":47},{"not_picked":["Conserve Battery+1","Stack"],"picked":"Capacitor+1","floor":48},{"not_picked":["Beam Cell+1","Self Repair+1"],"picked":"Meteor Strike","floor":54}],"player_experience":245144,"relics_obtained":[{"floor":8.0,"key":"Mercury Hourglass"},{"floor":9.0,"key":"Mango"},{"floor":10.0,"key":"Ice Cream"},{"floor":13.0,"key":"FossilizedHelix"},{"floor":24.0,"key":"Regal Pillow"},{"floor":28.0,"key":"Du-Vu Doll"},{"floor":31.0,"key":"Centennial Puzzle"},{"floor":40.0,"key":"DataDisk"},{"floor":42,"key":"PreservedInsect"},{"floor":43,"key":"Anchor"},{"floor":45,"key":"Peace Pipe"},{"floor":47,"key":"Pen Nib"},{"floor":54,"key":"Thread and Needle"}],"event_choices":[{"cards_removed":["Strike_B"],"damage_healed":0.0,"max_hp_gain":0.0,"max_hp_loss":0.0,"gold_gain":0.0,"event_name":"Bonfire Elementals","player_choice":"Offered Basic","floor":2.0,"gold_loss":0.0,"damage_taken":0.0},{"damage_healed":0.0,"max_hp_gain":0.0,"max_hp_loss":0.0,"gold_gain":0.0,"event_name":"Match and Keep!","player_choice":"0 cards matched","floor":19.0,"gold_loss":0.0,"damage_taken":0.0,"cards_obtained":[]},{"damage_healed":0.0,"max_hp_gain":0.0,"max_hp_loss":0.0,"gold_gain":0.0,"event_name":"Ghosts","player_choice":"Ignored","floor":22.0,"gold_loss":0.0,"damage_taken":0.0},{"damage_healed":0.0,"max_hp_gain":0.0,"max_hp_loss":0.0,"gold_gain":0.0,"event_name":"N\u0027loth","player_choice":"Traded Relic","floor":30.0,"relics_lost":["Mercury Hourglass"],"gold_loss":0.0,"damage_taken":0.0,"relics_obtained":["Nloth\u0027s Gift"]}],"is_beta":false,"boss_relics":[{"not_picked":["Empty Cage","White Beast Statue"],"picked":"Snecko Eye"},{"not_picked":["Orrery","Tiny House"],"picked":"Nuclear Battery"}],"items_purged_floors":[5,38,53],"is_endless":false,"potions_floor_spawned":[3,4,8,10,14,16,18,20,24,28,33,39,40,42,45,48],"ascension_level":3}