{"gold_per_floor":[115,115,115,134,148,148,178,178,178,190,200,45,45,57,57,131,131,146,162,77,0,0,0,10,10,33,33,33],"floor_reached":28,"playtime":1484,"items_purged":[],"score":620,"play_id":"10864d71-5561-408b-868f-fc865eda4322","local_time":"20190207113510","is_ascension_mode":true,"campfire_choices":[{"data":"Sweeping Beam","floor":6.0,"key":"SMITH"},{"floor":13.0,"key":"REST"},{"data":"Defragment","floor":15.0,"key":"SMITH"},{"floor":23.0,"key":"REST"},{"floor":25.0,"key":"REST"}],"neow_cost":"NONE","seed_source_timestamp":0,"circlet_count":0,"master_deck":["AscendersBane","Strike_B","Strike_B","Strike_B","Strike_B","Defend_B","Defend_B","Defend_B","Zap","Dualcast","Hologram","Sweeping Beam+1","Conserve Battery","Rip and Tear","Cold Snap","Turbo","Defragment+1","Glacier","Coolheaded","Amplify","Go for the Eyes","Leap","Biased Cognition"],"special_seed":0,"relics":["Cracked Core","Oddly Smooth Stone","Gambling Chip","Dodecahedron","Runic Dome","PreservedInsect","Juzu Bracelet"],"potions_floor_usage":[28],"damage_taken":[{"damage":4.0,"enemies":"2 Louse","floor":1.0,"turns":3.0},{"damage":10.0,"enemies":"Small Slimes","floor":4.0,"turns":4.0},{"damage":0.0,"enemies":"Cultist","floor":5.0,"turns":3.0},{"damage":30.0,"enemies":"Lagavulin","floor":7.0,"turns":9.0},{"damage":9.0,"enemies":"Blue Slaver","floor":10.0,"turns":3.0},{"damage":18.0,"enemies":"Exordium Thugs","floor":11.0,"turns":5.0},{"damage":2.0,"enemies":"2 Fungi Beasts","floor":14.0,"turns":2.0},{"damage":16.0,"enemies":"Hexaghost","floor":16.0,"turns":11.0},{"damage":18.0,"enemies":"Shell Parasite","floor":18.0,"turns":6.0},{"damage":16.0,"enemies":"Chosen","floor":19.0,"turns":4.0},{"damage":18.0,"enemies":"Shelled Parasite and Fungi","floor":24.0,"turns":8.0},{"damage":28,"enemies":"Centurion and Healer","floor":28,"turns":14}],"seed_played":"7436102293805962875","potions_obtained":[{"floor":4.0,"key":"Swift Potion"},{"floor":5.0,"key":"Regen Potion"},{"floor":10.0,"key":"SneckoOil"},{"floor":14.0,"key":"LiquidBronze"},{"floor":19.0,"key":"Swift Potion"}],"is_trial":false,"path_per_floor":["M","?","?","M","M","R","E","?","T","M","M","$","R","M","R","B",null,"M","M","?","?","$","R","M","R","T","?","M"],"character_chosen":"DEFECT","items_purchased":["Defragment","Glacier"],"campfire_rested":3,"item_purchase_floors":[12,12],"current_hp_per_floor":[60,60,60,50,50,50,35,35,35,26,8,8,29,27,27,11,56,38,22,22,22,22,43,25,46,46,26,0],"gold":33,"neow_bonus":"RANDOM_COMMON_RELIC","is_prod":false,"is_daily":false,"chose_seed":false,"campfire_upgraded":2,"win_rate":0,"timestamp":1549535710,"path_taken":["M","?","?","?","M","R","E","?","T","M","M","?","R","M","R","BOSS","M","M","?","?","$","R","M","R","T","?","M"],"build_version":"2019-01-17v2","purchased_purges":0,"victory":false,"max_hp_per_floor":[71,71,71,71,71,71,71,71,71,71,71,71,71,71,71,71,71,71,71,71,71,71,71,71,71,71,76,76],"card_choices":[{"not_picked":["Steam","Fusion"],"picked":"Hologram","floor":1.0},{"not_picked":["Cold Snap","Double Energy"],"picked":"Sweeping Beam","floor":4.0},{"not_picked":["Meteor Strike","Leap"],"picked":"Conserve Battery","floor":5.0},{"not_picked":["Sweeping Beam","Cold Snap"],"picked":"Rip and Tear","floor":7.0},{"not_picked":["Ball Lightning","Barrage"],"picked":"Cold Snap","floor":10.0},{"not_picked":["Redo","Hologram"],"picked":"Turbo","floor":11.0},{"not_picked":["Beam Cell","Doom and Gloom"],"picked":"Coolheaded","floor":14.0},{"not_picked":["Core Surge","Machine Learning"],"picked":"Amplify","floor":16.0},{"not_picked":["Skim","Scrape"],"picked":"Go for the Eyes","floor":18.0},{"not_picked":["Beam Cell","Darkness"],"picked":"Leap","floor":19.0},{"not_picked":["Streamline+1","Sunder"],"picked":"Biased Cognition","floor":24.0}],"player_experience":1274275,"relics_obtained":[{"floor":7.0,"key":"Gambling Chip"},{"floor":9.0,"key":"Dodecahedron"},{"floor":26.0,"key":"Juzu Bracelet"}],"event_choices":[{"damage_healed":0.0,"max_hp_gain":0.0,"max_hp_loss":0.0,"gold_gain":0.0,"event_name":"The Cleric","player_choice":"Leave","floor":2.0,"gold_loss":0.0,"damage_taken":0.0},{"cards_removed":["Defend_B"],"damage_healed":0.0,"max_hp_gain":0.0,"max_hp_loss":0.0,"gold_gain":0.0,"event_name":"Bonfire Elementals","player_choice":"Offered Basic","floor":3.0,"gold_loss":0.0,"damage_taken":0.0},{"damage_healed":0.0,"max_hp_gain":0.0,"max_hp_loss":0.0,"gold_gain":0.0,"event_name":"Golden Wing","player_choice":"Ignored","floor":8.0,"gold_loss":0.0,"damage_taken":0.0},{"damage_healed":0.0,"max_hp_gain":0.0,"max_hp_loss":0.0,"gold_gain":0.0,"event_name":"Addict","player_choice":"Obtained Relic","floor":20.0,"gold_loss":85.0,"damage_taken":0.0,"relics_obtained":["PreservedInsect"]},{"damage_healed":0.0,"max_hp_gain":0.0,"max_hp_loss":0.0,"gold_gain":0.0,"event_name":"Masked Bandits","player_choice":"Paid Fearfully","floor":21.0,"gold_loss":77.0,"damage_taken":0.0},{"damage_healed":0.0,"max_hp_gain":5.0,"max_hp_loss":0.0,"gold_gain":0.0,"event_name":"Forgotten Altar","player_choice":"Shed Blood","floor":27.0,"gold_loss":0.0,"damage_taken":25.0}],"is_beta":false,"boss_relics":[{"not_picked":["Black Star","Orrery"],"picked":"Runic Dome"}],"items_purged_floors":[],"is_endless":false,"potions_floor_spawned":[4,5,10,14,19],"killed_by":"Centurion and Healer","ascension_level":19}