{"gold_per_floor":[118,118,135,147,36,36,36,36,36,52,86,86,86,101,101,178,178,191,225,225,244,169,169,182,182,182,201,230,244,264,44,44,117,117,128,128,143,9,9,36,36,67,90,115,115,115,126,106,106,106,106,106,106,30,56,56],"floor_reached":56,"playtime":1942,"items_purged":["Strike_B"],"score":2131,"play_id":"30cd804a-0a07-4070-aac1-c068420fa9dc","local_time":"20190907094421","is_ascension_mode":true,"campfire_choices":[{"data":"Zap","floor":6.0,"key":"SMITH"},{"data":"Dualcast","floor":8.0,"key":"SMITH"},{"data":"Defragment","floor":15.0,"key":"SMITH"},{"data":"Biased Cognition","floor":23.0,"key":"SMITH"},{"data":"Loop","floor":25.0,"key":"SMITH"},{"data":"Defragment","floor":32.0,"key":"SMITH"},{"floor":41.0,"key":"RECALL"},{"floor":45.0,"key":"REST"},{"floor":49.0,"key":"REST"},{"floor":53.0,"key":"REST"}],"neow_cost":"NONE","seed_source_timestamp":0,"circlet_count":0,"master_deck":["AscendersBane","Defend_B+1","Defend_B+1","Defend_B+1","Defend_B+1","Zap+1","Dualcast+1","Glacier+1","Ball Lightning+1","BootSequence+1","Self Repair+1","Hologram+1","Biased Cognition+1","Electrodynamics+1","Defragment+1","Core Surge+1","Compile Driver+1","Loop+1","Loop+1","Compile Driver+1","Defragment+1","Amplify+1","Turbo+1","Skim+1","Coolheaded+1","Conserve Battery+1","Double Energy+1","Compile Driver+1","Hologram+1","Machine Learning","Coolheaded+1","Heatsinks","White Noise"],"special_seed":0,"relics":["Cracked Core","NeowsBlessing","StoneCalendar","FossilizedHelix","Sundial","Nuclear Battery","Red Mask","PreservedInsect","Medical Kit","Orrery","Mark of the Bloom","Singing Bowl","Lantern","Happy Flower","Bottled Flame","Bird Faced Urn"],"potions_floor_usage":[],"damage_taken":[{"damage":0.0,"enemies":"2 Louse","floor":1.0,"turns":1.0},{"damage":0.0,"enemies":"Cultist","floor":3.0,"turns":1.0},{"damage":0.0,"enemies":"Jaw Worm","floor":4.0,"turns":1.0},{"damage":0.0,"enemies":"3 Louse","floor":10.0,"turns":5.0},{"damage":15.0,"enemies":"Lagavulin","floor":11.0,"turns":5.0},{"damage":0.0,"enemies":"2 Fungi Beasts","floor":14.0,"turns":3.0},{"damage":0.0,"enemies":"Slime Boss","floor":16.0,"turns":5.0},{"damage":0.0,"enemies":"3 Byrds","floor":18.0,"turns":2.0},{"damage":65.0,"enemies":"Masked Bandits","floor":19.0,"turns":4.0},{"damage":0.0,"enemies":"Shell Parasite","floor":21.0,"turns":5.0},{"damage":0.0,"enemies":"Centurion and Healer","floor":24.0,"turns":7.0},{"damage":1.0,"enemies":"Snecko","floor":27.0,"turns":5.0},{"damage":14.0,"enemies":"Book of Stabbing","floor":28.0,"turns":4.0},{"damage":0.0,"enemies":"Sentry and Sphere","floor":29.0,"turns":5.0},{"damage":0.0,"enemies":"Centurion and Healer","floor":30.0,"turns":5.0},{"damage":42.0,"enemies":"Collector","floor":33.0,"turns":8.0},{"damage":2.0,"enemies":"3 Darklings","floor":35.0,"turns":3.0},{"damage":0.0,"enemies":"Orb Walker","floor":37.0,"turns":3.0},{"damage":0.0,"enemies":"Reptomancer","floor":40.0,"turns":4.0},{"damage":0.0,"enemies":"Giant Head","floor":42.0,"turns":8.0},{"damage":0.0,"enemies":"Nemesis","floor":44.0,"turns":7.0},{"damage":0.0,"enemies":"3 Darklings","floor":47.0,"turns":3.0},{"damage":8.0,"enemies":"Time Eater","floor":50.0,"turns":17.0},{"damage":10.0,"enemies":"Awakened One","floor":51.0,"turns":11.0},{"damage":31.0,"enemies":"Shield and Spear","floor":55.0,"turns":6.0},{"damage":0,"enemies":"The Heart","floor":56,"turns":2}],"seed_played":"7827820402069523858","potions_obtained":[{"floor":1.0,"key":"Dexterity Potion"},{"floor":10.0,"key":"Fire Potion"},{"floor":11.0,"key":"Dexterity Potion"},{"floor":13.0,"key":"Explosive Potion"},{"floor":18.0,"key":"Regen Potion"},{"floor":21.0,"key":"Weak Potion"},{"floor":27.0,"key":"Energy Potion"},{"floor":29.0,"key":"Fruit Juice"},{"floor":30.0,"key":"Strength Potion"},{"floor":35.0,"key":"Energy Potion"},{"floor":48.0,"key":"Ancient Potion"}],"is_trial":false,"path_per_floor":["M","?","M","M","$","R","$","R","T","M","E","?","?","M","R","B",null,"M","?","?","M","?","R","M","R","T","M","E","M","M","$","R","B",null,"M","?","M","$","?","E","R","E","T","E","R","?","M","?","R","B","B",null,"R","$","E","B"],"character_chosen":"DEFECT","items_purchased":["Self Repair","Hologram","Medical Kit","Compile Driver","Heatsinks"],"campfire_rested":3,"item_purchase_floors":[5,5,31,38,54],"current_hp_per_floor":[64,64,64,64,64,64,64,64,64,71,63,63,63,70,70,71,71,71,18,18,25,25,25,32,32,32,38,31,38,45,45,45,10,56,66,66,73,73,73,73,73,73,73,73,73,73,73,73,73,65,55,55,55,55,24,24],"gold":56,"neow_bonus":"THREE_ENEMY_KILL","is_prod":false,"is_daily":false,"chose_seed":false,"campfire_upgraded":6,"win_rate":0,"timestamp":1567820661,"path_taken":["M","?","?","M","?","R","$","R","T","M","E","?","?","?","R","BOSS","M","?","?","M","?","R","M","R","T","?","E","M","M","$","R","BOSS","M","?","?","$","?","E","R","E","T","E","R","?","?","?","R","BOSS","BOSS","R","$","E","BOSS"],"build_version":"2019-07-17","purchased_purges":1,"victory":false,"max_hp_per_floor":[71,71,71,71,71,71,71,71,71,71,71,71,71,71,71,71,71,71,71,71,71,71,71,71,71,71,71,71,71,71,71,71,71,71,76,76,76,76,76,76,76,78,78,78,78,78,78,78,78,78,78,78,78,78,78,78],"card_choices":[{"not_picked":["Rebound","Redo"],"picked":"Glacier","floor":1.0},{"not_picked":["Consume","Hologram"],"picked":"Ball Lightning","floor":3.0},{"not_picked":["Rebound","Stack"],"picked":"BootSequence","floor":4.0},{"not_picked":["Steam Power","Turbo"],"picked":"Biased Cognition","floor":10.0},{"not_picked":["Gash","Blizzard"],"picked":"Electrodynamics","floor":11.0},{"not_picked":["Ball Lightning","Darkness"],"picked":"Defragment","floor":14.0},{"not_picked":["Multi-Cast","Buffer"],"picked":"Core Surge","floor":16.0},{"not_picked":["Rebound","Self Repair","Streamline"],"picked":"SKIP","floor":18.0},{"not_picked":["Cold Snap","Steam"],"picked":"Compile Driver","floor":19.0},{"not_picked":["Leap","Gash","Steam Power"],"picked":"SKIP","floor":21.0},{"not_picked":["Undo","Steam+1"],"picked":"Loop","floor":24.0},{"not_picked":["Stack","Beam Cell"],"picked":"Loop","floor":27.0},{"not_picked":["Genetic Algorithm","Sweeping Beam","Cold Snap"],"picked":"SKIP","floor":28.0},{"not_picked":["Consume","Reinforced Body"],"picked":"Compile Driver","floor":29.0},{"not_picked":["Leap","BootSequence"],"picked":"Defragment","floor":30.0},{"not_picked":["Multi-Cast","Core Surge"],"picked":"Amplify","floor":33.0},{"not_picked":["Gash","Ball Lightning"],"picked":"Turbo","floor":34.0},{"not_picked":["Turbo","Barrage"],"picked":"Skim","floor":34.0},{"not_picked":["Hello World","Darkness+1"],"picked":"Coolheaded","floor":34.0},{"not_picked":["Redo","Buffer"],"picked":"Conserve Battery+1","floor":35.0},{"not_picked":["Static Discharge+1","Redo"],"picked":"Double Energy+1","floor":37.0},{"not_picked":["Cold Snap","Beam Cell+1"],"picked":"Hologram+1","floor":40.0},{"not_picked":["Cold Snap+1","Hello World+1","Rebound"],"picked":"Singing Bowl","floor":42.0},{"not_picked":["Rip and Tear","Auto Shields"],"picked":"Machine Learning","floor":44.0},{"not_picked":["Storm","Leap+1"],"picked":"Coolheaded+1","floor":47.0},{"not_picked":["Steam Power","Melter+1"],"picked":"White Noise","floor":55.0}],"player_experience":2269683,"relics_obtained":[{"floor":9.0,"key":"FossilizedHelix"},{"floor":11.0,"key":"Sundial"},{"floor":19.0,"key":"Red Mask"},{"floor":28.0,"key":"PreservedInsect"},{"floor":40.0,"key":"Singing Bowl"},{"floor":42.0,"key":"Lantern"},{"floor":43.0,"key":"Happy Flower"},{"floor":44.0,"key":"Bottled Flame"},{"floor":55.0,"key":"Bird Faced Urn"}],"event_choices":[{"damage_healed":0.0,"max_hp_gain":0.0,"max_hp_loss":0.0,"gold_gain":0.0,"event_name":"WeMeetAgain","player_choice":"Gave Potion","floor":2.0,"gold_loss":0.0,"damage_taken":0.0,"relics_obtained":["StoneCalendar"]},{"damage_healed":0.0,"max_hp_gain":0.0,"max_hp_loss":0.0,"gold_gain":0.0,"event_name":"Liars Game","player_choice":"Ignored","floor":12.0,"gold_loss":0.0,"damage_taken":0.0},{"damage_healed":0.0,"max_hp_gain":0.0,"max_hp_loss":0.0,"gold_gain":0.0,"event_name":"Lab","player_choice":"Got Potions","floor":13.0,"gold_loss":0.0,"damage_taken":0.0},{"damage_healed":0.0,"max_hp_gain":0.0,"max_hp_loss":0.0,"gold_gain":0.0,"event_name":"Masked Bandits","player_choice":"Fought Bandits","floor":19.0,"gold_loss":0.0,"damage_taken":0.0},{"damage_healed":0.0,"max_hp_gain":0.0,"max_hp_loss":0.0,"gold_gain":0.0,"event_name":"The Mausoleum","player_choice":"Ignored","floor":20.0,"gold_loss":0.0,"damage_taken":0.0},{"cards_removed":["Strike_B"],"damage_healed":0.0,"max_hp_gain":0.0,"max_hp_loss":0.0,"gold_gain":0.0,"event_name":"Designer","player_choice":"Single Remove","floor":22.0,"gold_loss":75.0,"damage_taken":0.0},{"cards_removed":["Strike_B"],"damage_healed":0.0,"max_hp_gain":0.0,"max_hp_loss":0.0,"gold_gain":0.0,"event_name":"Bonfire Elementals","player_choice":"Offered Basic","floor":36.0,"gold_loss":0.0,"damage_taken":0.0},{"damage_healed":0.0,"max_hp_gain":0.0,"max_hp_loss":0.0,"gold_gain":0.0,"event_name":"MindBloom","player_choice":"Upgrade","floor":39.0,"gold_loss":0.0,"damage_taken":0.0,"cards_upgraded":["Strike_B","Defend_B","Defend_B","Defend_B","Defend_B","Glacier","Ball Lightning","BootSequence","Self Repair","Hologram","Electrodynamics","Core Surge","Compile Driver","Loop","Compile Driver","Amplify","Turbo","Skim","Coolheaded","Compile Driver"],"relics_obtained":["Mark of the Bloom"]},{"cards_removed":["Strike_B"],"damage_healed":0.0,"max_hp_gain":0.0,"max_hp_loss":0.0,"gold_gain":0.0,"event_name":"Purifier","player_choice":"Purged","floor":46.0,"gold_loss":0.0,"damage_taken":0.0},{"damage_healed":0.0,"max_hp_gain":0.0,"max_hp_loss":0.0,"gold_gain":0.0,"event_name":"The Woman in Blue","player_choice":"Bought 1 Potion","floor":48.0,"gold_loss":0.0,"damage_taken":0.0}],"is_beta":false,"boss_relics":[{"not_picked":["Snecko Eye","Velvet Choker"],"picked":"Nuclear Battery"},{"not_picked":["Lizard Tail","Tiny House"],"picked":"Orrery"}],"items_purged_floors":[38],"is_endless":false,"potions_floor_spawned":[1,10,11,14,18,21,27,29,30,35,42],"killed_by":"The Heart","ascension_level":20}