{"gold_per_floor":[111,72,72,147,166,195,215,215,215,226,244,244,272,284,284,357,357,376,301,301,314,332,332,366,366,444,444],"floor_reached":27,"playtime":779,"items_purged":["Strike_R"],"score":536,"play_id":"068423ad-adf0-46a5-a324-46c4f41551d3","local_time":"20190901222720","is_ascension_mode":true,"campfire_choices":[{"data":"True Grit","floor":8.0,"key":"SMITH"},{"data":"Evolve","floor":15.0,"key":"SMITH"},{"data":"Barricade","floor":23.0,"key":"SMITH"}],"neow_cost":"NONE","seed_source_timestamp":1503521487777300,"circlet_count":0,"master_deck":["AscendersBane","Strike_R","Strike_R+1","Strike_R+1","Defend_R","Defend_R","Defend_R","Defend_R","Bash","Feel No Pain","Evolve+1","True Grit+1","Carnage","Fiend Fire","Barricade+1","Pommel Strike+1","Entrench+1","Impervious"],"special_seed":0,"relics":["Burning Blood","NeowsBlessing","Meat on the Bone","Du-Vu Doll","Runic Dome","Bag of Marbles","StoneCalendar","Mummified Hand"],"potions_floor_usage":[27,27],"damage_taken":[{"damage":0.0,"enemies":"Small Slimes","floor":1.0,"turns":1.0},{"damage":0.0,"enemies":"Jaw Worm","floor":5.0,"turns":1.0},{"damage":0.0,"enemies":"Lagavulin","floor":6.0,"turns":1.0},{"damage":1.0,"enemies":"Cultist","floor":7.0,"turns":4.0},{"damage":8.0,"enemies":"Red Slaver","floor":10.0,"turns":4.0},{"damage":11.0,"enemies":"3 Louse","floor":11.0,"turns":5.0},{"damage":14.0,"enemies":"Gremlin Nob","floor":13.0,"turns":4.0},{"damage":0.0,"enemies":"Exordium Wildlife","floor":14.0,"turns":4.0},{"damage":18.0,"enemies":"Slime Boss","floor":16.0,"turns":4.0},{"damage":11.0,"enemies":"Spheric Guardian","floor":18.0,"turns":5.0},{"damage":33.0,"enemies":"3 Byrds","floor":21.0,"turns":6.0},{"damage":11.0,"enemies":"Centurion and Healer","floor":22.0,"turns":7.0},{"damage":44.0,"enemies":"Slavers","floor":24.0,"turns":18.0},{"damage":38,"enemies":"Gremlin Leader","floor":27,"turns":3}],"seed_played":"7221916705564472835","potions_obtained":[{"floor":1.0,"key":"BloodPotion"},{"floor":7.0,"key":"Strength Potion"},{"floor":11.0,"key":"SteroidPotion"},{"floor":16.0,"key":"SkillPotion"},{"floor":21.0,"key":"LiquidBronze"},{"floor":22.0,"key":"SteroidPotion"},{"floor":24.0,"key":"BloodPotion"}],"is_trial":false,"path_per_floor":["M","$","?","?","M","E","M","R","T","M","M","?","E","M","R","B",null,"M","$","?","M","M","R","E","T","T","E"],"character_chosen":"IRONCLAD","items_purchased":["Evolve"],"campfire_rested":0,"item_purchase_floors":[2],"current_hp_per_floor":[74,74,67,56,62,68,73,73,73,71,66,43,47,53,53,53,70,65,65,65,50,45,45,19,19,19,0],"gold":444,"neow_bonus":"THREE_ENEMY_KILL","is_prod":false,"is_daily":false,"chose_seed":false,"campfire_upgraded":3,"win_rate":0,"timestamp":1567348040,"path_taken":["M","$","?","?","M","E","M","R","T","M","M","?","E","M","R","BOSS","M","$","?","M","M","R","E","?","T","E"],"build_version":"2019-08-26","purchased_purges":1,"victory":false,"max_hp_per_floor":[75,75,75,75,75,75,75,75,75,75,75,75,75,75,75,75,75,75,75,75,75,75,75,75,75,75,75],"card_choices":[{"not_picked":["Sword Boomerang","Pummel"],"picked":"Feel No Pain","floor":1.0},{"not_picked":["Intimidate","Sentinel"],"picked":"True Grit","floor":5.0},{"not_picked":["Havoc","Entrench"],"picked":"Carnage","floor":6.0},{"not_picked":["Ghostly Armor","Pommel Strike","Warcry"],"picked":"SKIP","floor":7.0},{"not_picked":["True Grit","Blood for Blood","Sword Boomerang"],"picked":"SKIP","floor":10.0},{"not_picked":["Dropkick","Warcry"],"picked":"Fiend Fire","floor":11.0},{"not_picked":["Clothesline","Ghostly Armor","Anger"],"picked":"SKIP","floor":13.0},{"not_picked":["Cleave","Flex","Pummel"],"picked":"SKIP","floor":14.0},{"not_picked":["Juggernaut","Impervious"],"picked":"Barricade","floor":16.0},{"not_picked":["Sword Boomerang","Searing Blow"],"picked":"Pommel Strike+1","floor":18.0},{"not_picked":["Thunderclap","Perfected Strike"],"picked":"Entrench+1","floor":21.0},{"not_picked":["Disarm","Clash+1","Shockwave"],"picked":"SKIP","floor":22.0},{"not_picked":["Bludgeon","Cleave"],"picked":"Impervious","floor":24.0}],"player_experience":3149078,"relics_obtained":[{"floor":6.0,"key":"Meat on the Bone"},{"floor":13.0,"key":"Du-Vu Doll"},{"floor":24.0,"key":"Bag of Marbles"},{"floor":25.0,"key":"StoneCalendar"},{"floor":26.0,"key":"Mummified Hand"}],"event_choices":[{"cards_removed":["Strike_R"],"damage_healed":0.0,"max_hp_gain":0.0,"max_hp_loss":0.0,"gold_gain":0.0,"event_name":"Golden Wing","player_choice":"Card Removal","floor":3.0,"gold_loss":0.0,"damage_taken":7.0},{"damage_healed":0.0,"max_hp_gain":0.0,"max_hp_loss":0.0,"gold_gain":75.0,"event_name":"World of Goop","player_choice":"Gather Gold","floor":4.0,"gold_loss":0.0,"damage_taken":11.0},{"damage_healed":0.0,"max_hp_gain":0.0,"max_hp_loss":0.0,"gold_gain":0.0,"event_name":"Shining Light","player_choice":"Entered Light","floor":12.0,"gold_loss":0.0,"damage_taken":23.0,"cards_upgraded":["Strike_R","Strike_R"]},{"damage_healed":0.0,"max_hp_gain":0.0,"max_hp_loss":0.0,"gold_gain":0.0,"event_name":"The Mausoleum","player_choice":"Ignored","floor":20.0,"gold_loss":0.0,"damage_taken":0.0}],"is_beta":true,"boss_relics":[{"not_picked":["Sozu","Calling Bell"],"picked":"Runic Dome"}],"items_purged_floors":[19],"is_endless":false,"potions_floor_spawned":[1,7,11,13,16,21,22,24],"killed_by":"Gremlin Leader","ascension_level":20}