{"gold_per_floor":[116,116,116,133,149,149,169,198,198,198,16,34,34,52,52,151,151,164,180,180,37,37,57,57,22,75,85,9,9,9,28,28,128,128,145,220,233,1,1],"floor_reached":39,"playtime":3178,"items_purged":["Strike_B"],"score":406,"play_id":"744f4d0f-bbb1-45c4-857e-c1575cdd54e3","local_time":"20190318170128","is_ascension_mode":false,"campfire_choices":[{"data":"Melter","floor":6,"key":"SMITH"},{"floor":10,"key":"REST"},{"floor":13,"key":"REST"},{"floor":15,"key":"DIG"},{"floor":24,"key":"DIG"},{"floor":30,"key":"REST"},{"floor":32,"key":"REST"}],"neow_cost":"NONE","seed_source_timestamp":188389034028430,"circlet_count":0,"master_deck":["Strike_B","Strike_B","Strike_B","Defend_B","Defend_B","Defend_B","Defend_B","Zap+1","Dualcast","Impatience","Blizzard","Ball Lightning","Melter+1","Barrage","Doom and Gloom","Apotheosis+1","Redo+1","Loop","Seek+1","Cold Snap+1","Leap+1","Go for the Eyes+1","Leap+1","Compile Driver","Go for the Eyes","Chill+1","Conserve Battery+1","White Noise+1","Capacitor","Conserve Battery+1","Electrodynamics","Capacitor","Compile Driver+1","Loop","Echo Form","Redo+1","Compile Driver","Coolheaded+1","Streamline+1"],"relics":["FrozenCore","Toxic Egg 2","Shovel","Prayer Wheel","Nuclear Battery","Kunai","Darkstone Periapt","Lantern","PreservedInsect","Happy Flower"],"potions_floor_usage":[16,16,33,39],"damage_taken":[{"damage":9,"enemies":"2 Louse","floor":1,"turns":3},{"damage":0,"enemies":"Cultist","floor":4,"turns":3},{"damage":6,"enemies":"Jaw Worm","floor":5,"turns":2},{"damage":5,"enemies":"Looter","floor":7,"turns":2},{"damage":22,"enemies":"Gremlin Nob","floor":8,"turns":4},{"damage":3,"enemies":"3 Louse","floor":12,"turns":3},{"damage":0,"enemies":"Lots of Slimes","floor":14,"turns":1},{"damage":37,"enemies":"The Guardian","floor":16,"turns":7},{"damage":4,"enemies":"Shell Parasite","floor":18,"turns":3},{"damage":15,"enemies":"2 Thieves","floor":19,"turns":3},{"damage":3,"enemies":"Snecko","floor":23,"turns":5},{"damage":11,"enemies":"Centurion and Healer","floor":27,"turns":6},{"damage":0,"enemies":"Sentry and Sphere","floor":31,"turns":2},{"damage":54,"enemies":"Champ","floor":33,"turns":13},{"damage":20,"enemies":"3 Shapes","floor":35,"turns":4},{"damage":39,"enemies":"3 Darklings","floor":37,"turns":6},{"damage":18,"enemies":"Jaw Worm Horde","floor":39,"turns":3}],"seed_played":"683728414369477991","potions_obtained":[{"floor":5,"key":"FearPotion"},{"floor":12,"key":"FearPotion"},{"floor":14,"key":"EssenceOfSteel"},{"floor":19,"key":"Poison Potion"},{"floor":33,"key":"SpeedPotion"},{"floor":35,"key":"PowerPotion"}],"is_trial":false,"path_per_floor":["M","?","?","M","M","R","M","E","T","R","$","M","R","M","R","B",null,"M","M","?","$","T","M","R","$","T","M","$","?","R","M","R","B",null,"M","?","M","$","M"],"character_chosen":"DEFECT","items_purchased":["Apotheosis+1","Compile Driver","Go for the Eyes","Chill+1","Capacitor","Capacitor","Happy Flower"],"campfire_rested":4,"item_purchase_floors":[11,21,21,21,25,28,38],"current_hp_per_floor":[66,66,66,66,60,60,55,33,33,55,55,52,74,74,74,37,75,71,56,56,56,56,53,53,53,53,42,42,42,64,64,75,21,75,55,48,9,9,0],"gold":1,"neow_bonus":"RANDOM_COLORLESS","is_prod":false,"is_daily":false,"chose_seed":false,"campfire_upgraded":1,"win_rate":0.0,"timestamp":1552953688,"path_taken":["M","?","?","M","?","R","M","E","T","R","$","M","R","M","R","BOSS","M","M","?","$","?","?","R","$","T","M","$","?","R","M","R","BOSS","M","?","M","$","?"],"build_version":"2019-01-23","purchased_purges":1,"victory":false,"max_hp_per_floor":[75,75,75,75,75,75,75,75,75,75,75,75,75,75,75,75,75,75,75,75,75,75,75,75,75,75,75,75,75,75,75,75,75,75,75,75,75,75,75],"card_choices":[{"not_picked":["Sweeping Beam","Coolheaded"],"picked":"Blizzard","floor":1},{"not_picked":["Hologram","Barrage"],"picked":"Ball Lightning","floor":4},{"not_picked":["Streamline","Beam Cell"],"picked":"Melter","floor":5},{"not_picked":["Go for the Eyes","Rebound"],"picked":"Barrage","floor":7},{"not_picked":["Barrage","Compile Driver"],"picked":"Doom and Gloom","floor":8},{"not_picked":["Gash","Consume+1"],"picked":"Redo+1","floor":12},{"not_picked":["Stack+1","Echo Form"],"picked":"Loop","floor":14},{"not_picked":["Rainbow+1","Amplify+1"],"picked":"Seek+1","floor":16},{"not_picked":["Scrape","Coolheaded+1"],"picked":"Cold Snap+1","floor":18},{"not_picked":["Beam Cell+1","Cold Snap"],"picked":"Leap+1","floor":18},{"not_picked":["Coolheaded+1","Meteor Strike"],"picked":"Go for the Eyes+1","floor":19},{"not_picked":["Stack+1","Cold Snap"],"picked":"Leap+1","floor":19},{"not_picked":["Hello World","Coolheaded+1"],"picked":"Conserve Battery+1","floor":23},{"not_picked":["Double Energy+1","Defragment+1"],"picked":"White Noise+1","floor":23},{"not_picked":["Auto Shields+1","Gash"],"picked":"Conserve Battery+1","floor":27},{"not_picked":["Beam Cell+1","Gash"],"picked":"Electrodynamics","floor":27},{"not_picked":["Turbo+1","Genetic Algorithm+1"],"picked":"Compile Driver+1","floor":31},{"not_picked":["Recycle+1","Turbo+1"],"picked":"Loop","floor":31},{"not_picked":["Biased Cognition","Fission+1"],"picked":"Echo Form","floor":33},{"not_picked":["Aggregate+1","Heatsinks+1"],"picked":"Redo+1","floor":35},{"not_picked":["Beam Cell+1","Redo+1"],"picked":"Compile Driver","floor":35},{"not_picked":["Reprogram+1","Force Field+1"],"picked":"Coolheaded+1","floor":37},{"not_picked":["Recycle+1","Coolheaded+1"],"picked":"Streamline+1","floor":37}],"player_experience":292110,"relics_obtained":[{"floor":8,"key":"Toxic Egg 2"},{"floor":9,"key":"Shovel"},{"floor":15,"key":"Prayer Wheel"},{"floor":22,"key":"Darkstone Periapt"},{"floor":24,"key":"Lantern"},{"floor":26,"key":"PreservedInsect"}],"event_choices":[{"damage_healed":0,"gold_gain":0,"player_choice":"Ignored","damage_taken":0,"max_hp_gain":0,"max_hp_loss":0,"event_name":"Golden Idol","floor":2,"gold_loss":0},{"damage_healed":0,"gold_gain":0,"player_choice":"Forge","damage_taken":0,"max_hp_gain":0,"max_hp_loss":0,"event_name":"Accursed Blacksmith","floor":3,"gold_loss":0,"cards_upgraded":["Zap"]},{"damage_healed":0,"gold_gain":0,"player_choice":"Gave Potion","damage_taken":0,"relics_obtained":["Kunai"],"max_hp_gain":0,"max_hp_loss":0,"event_name":"WeMeetAgain","floor":20,"gold_loss":0},{"damage_healed":0,"gold_gain":0,"player_choice":"Ignored","damage_taken":0,"max_hp_gain":0,"max_hp_loss":0,"event_name":"Vampires","floor":29,"gold_loss":0},{"damage_healed":0,"gold_gain":75,"player_choice":"Touch","damage_taken":7,"max_hp_gain":0,"max_hp_loss":0,"event_name":"FaceTrader","floor":36,"gold_loss":0}],"is_beta":false,"boss_relics":[{"not_picked":["Fusion Hammer","Ectoplasm"],"picked":"Nuclear Battery"},{"not_picked":["Runic Dome","Busted Crown"],"picked":"FrozenCore"}],"items_purged_floors":[38],"is_endless":false,"potions_floor_spawned":[5,12,14,19,33,35],"killed_by":"Jaw Worm Horde","ascension_level":0}