{"gold_per_floor":[112,187,11,11,24,24,54,54,80,80,90,90,108,119,119,190,190,204,215,215,215,20,20,53,53],"floor_reached":25,"playtime":545,"items_purged":["Strike_B"],"score":488,"play_id":"957084f0-0372-4a88-a811-c66bb0a4a628","local_time":"20190918174758","is_ascension_mode":true,"campfire_choices":[{"data":"Darkness","floor":6.0,"key":"SMITH"},{"data":"Sunder","floor":10.0,"key":"SMITH"},{"data":"Zap","floor":12.0,"key":"SMITH"},{"data":"Dualcast","floor":15.0,"key":"SMITH"},{"data":"Beam Cell","floor":23,"key":"SMITH"}],"neow_cost":"NONE","seed_source_timestamp":691562272806258,"circlet_count":0,"master_deck":["AscendersBane","Strike_B","Strike_B","Defend_B","Defend_B","Defend_B","Defend_B","Zap+1","Dualcast+1","Darkness+1","Recycle","Sunder+1","Cold Snap","Undo","Heatsinks","Compile Driver","Core Surge","Coolheaded","Hologram","Skim","Electrodynamics","Beam Cell+1","Fission"],"special_seed":0,"relics":["Cracked Core","NeowsBlessing","Vajra","Singing Bowl","Orichalcum","Black Star","Membership Card","Girya","PreservedInsect"],"potions_floor_usage":[24],"damage_taken":[{"damage":0.0,"enemies":"Small Slimes","floor":1.0,"turns":1.0},{"damage":0.0,"enemies":"Jaw Worm","floor":5.0,"turns":1.0},{"damage":0.0,"enemies":"Lagavulin","floor":7.0,"turns":1.0},{"damage":0.0,"enemies":"Cultist","floor":11.0,"turns":3.0},{"damage":0.0,"enemies":"Looter","floor":13.0,"turns":3.0},{"damage":27.0,"enemies":"Gremlin Gang","floor":14.0,"turns":4.0},{"damage":20.0,"enemies":"Hexaghost","floor":16.0,"turns":10.0},{"damage":11.0,"enemies":"Chosen","floor":18.0,"turns":5.0},{"damage":3.0,"enemies":"Spheric Guardian","floor":19.0,"turns":3.0},{"damage":31,"enemies":"Gremlin Leader","floor":24,"turns":6},{"damage":10,"enemies":"Snecko","floor":25,"turns":6}],"seed_played":"8339004402315047758","potions_obtained":[{"floor":1.0,"key":"PowerPotion"},{"floor":5.0,"key":"Block Potion"},{"floor":8.0,"key":"AttackPotion"},{"floor":18.0,"key":"Fire Potion"},{"floor":19.0,"key":"PowerPotion"}],"is_trial":false,"path_per_floor":["M","?","$","?","M","R","E","?","T","R","M","R","M","M","R","B",null,"M","M","?","?","$","R","E","M"],"character_chosen":"DEFECT","items_purchased":["Recycle","Sunder","Cold Snap","Membership Card"],"campfire_rested":0,"item_purchase_floors":[3,3,3,22],"current_hp_per_floor":[64,53,53,53,53,53,53,53,53,53,55,55,55,30,30,10,59,48,45,45,45,45,45,14,4],"gold":53,"neow_bonus":"THREE_ENEMY_KILL","is_prod":false,"is_daily":false,"chose_seed":false,"campfire_upgraded":5,"win_rate":0,"timestamp":1568800078,"path_taken":["M","?","$","?","?","R","E","?","T","R","?","R","M","M","R","BOSS","M","M","?","?","$","R","E","M"],"build_version":"2019-09-17","purchased_purges":1,"victory":false,"max_hp_per_floor":[71,71,71,71,71,71,71,71,71,71,73,73,73,75,75,75,75,75,75,75,75,75,75,75,75],"card_choices":[{"not_picked":["Genetic Algorithm","Blizzard"],"picked":"Darkness","floor":1.0},{"not_picked":["Redo","Leap"],"picked":"Undo","floor":5.0},{"not_picked":["Go for the Eyes","Chill"],"picked":"Heatsinks","floor":7.0},{"not_picked":["Sunder","Reinforced Body","Conserve Battery"],"picked":"Singing Bowl","floor":11.0},{"not_picked":["Gash","Sweeping Beam"],"picked":"Compile Driver","floor":13.0},{"not_picked":["Reinforced Body","Darkness","Steam Power"],"picked":"Singing Bowl","floor":14.0},{"not_picked":["Buffer","Electrodynamics"],"picked":"Core Surge","floor":16.0},{"not_picked":["Sweeping Beam","Cold Snap"],"picked":"Coolheaded","floor":18.0},{"not_picked":["Conserve Battery","Scrape"],"picked":"Hologram","floor":19.0},{"not_picked":["Barrage","Leap"],"picked":"Fission","floor":24}],"player_experience":835885,"relics_obtained":[{"floor":7.0,"key":"Singing Bowl"},{"floor":9.0,"key":"Orichalcum"},{"floor":24,"key":"Girya"},{"floor":24,"key":"PreservedInsect"}],"event_choices":[{"damage_healed":0.0,"max_hp_gain":0.0,"max_hp_loss":0.0,"gold_gain":75.0,"event_name":"World of Goop","player_choice":"Gather Gold","floor":2.0,"gold_loss":0.0,"damage_taken":11.0},{"damage_healed":0.0,"max_hp_gain":0.0,"max_hp_loss":0.0,"gold_gain":0.0,"event_name":"WeMeetAgain","player_choice":"Gave Potion","floor":4.0,"gold_loss":0.0,"damage_taken":0.0,"relics_obtained":["Vajra"]},{"damage_healed":0.0,"max_hp_gain":0.0,"max_hp_loss":0.0,"gold_gain":0.0,"event_name":"Lab","player_choice":"Got Potions","floor":8.0,"gold_loss":0.0,"damage_taken":0.0},{"cards_removed":["Strike_B"],"damage_healed":0.0,"max_hp_gain":0.0,"max_hp_loss":0.0,"gold_gain":0.0,"event_name":"Back to Basics","player_choice":"Elegance","floor":20.0,"gold_loss":0.0,"damage_taken":0.0},{"damage_healed":0,"gold_gain":0,"player_choice":"3 cards matched","damage_taken":0,"max_hp_gain":0,"max_hp_loss":0,"event_name":"Match and Keep!","floor":21,"gold_loss":0,"cards_obtained":["Skim","Electrodynamics","Beam Cell"]}],"is_beta":true,"boss_relics":[{"not_picked":["Busted Crown","FrozenCore"],"picked":"Black Star"}],"items_purged_floors":[22],"is_endless":false,"potions_floor_spawned":[1,5,13,18,19],"killed_by":"Snecko","ascension_level":20}