{"gold_per_floor":[99,99,99,13,13,13,13,13,13,13,13,13,13,13,13,13,13,13],"floor_reached":18,"playtime":1374,"items_purged":[],"score":172,"play_id":"32a6ea92-7dd9-4f86-baa9-167dc2128e07","local_time":"20190917083912","is_ascension_mode":false,"campfire_choices":[{"data":"Footwork","floor":7,"key":"SMITH"},{"floor":11,"key":"REST"},{"floor":15,"key":"REST"}],"neow_cost":"NONE","seed_source_timestamp":1783377747608400,"circlet_count":0,"master_deck":["Strike_G","Strike_G","Strike_G","Strike_G","Defend_G","Defend_G","Defend_G","Defend_G","Defend_G","Survivor","Neutralize","Footwork+1","Dodge and Roll","Riddle With Holes+1","Slice+1","Dagger Spray+1","Prepared","Envenom+1","Masterful Stab+1","Die Die Die+1"],"relics":["Ectoplasm","Molten Egg 2","Frozen Egg 2","Dodecahedron","Oddly Smooth Stone","HoveringKite"],"potions_floor_usage":[],"damage_taken":[{"damage":2,"enemies":"Jaw Worm","floor":1,"turns":6},{"damage":1,"enemies":"2 Louse","floor":2,"turns":3},{"damage":0,"enemies":"Small Slimes","floor":5,"turns":1},{"damage":16,"enemies":"Gremlin Nob","floor":6,"turns":5},{"damage":0,"enemies":"Blue Slaver","floor":8,"turns":4},{"damage":1,"enemies":"Exordium Wildlife","floor":12,"turns":4},{"damage":20,"enemies":"3 Sentries","floor":13,"turns":7},{"damage":0,"enemies":"Exordium Thugs","floor":14,"turns":3},{"damage":11,"enemies":"Hexaghost","floor":16,"turns":8},{"damage":18,"enemies":"Shell Parasite","floor":18,"turns":6}],"seed_played":"-4085185128574012117","potions_obtained":[{"floor":2,"key":"Weak Potion"},{"floor":8,"key":"SkillPotion"},{"floor":12,"key":"SkillPotion"}],"is_trial":false,"path_per_floor":["M","M","?","$","M","E","R","M","T","?","R","M","E","M","R","B",null,"M"],"character_chosen":"THE_SILENT","items_purchased":["Riddle With Holes+1","Slice+1"],"campfire_rested":2,"item_purchase_floors":[4,4],"current_hp_per_floor":[68,67,60,60,60,44,44,44,44,44,65,64,44,44,65,54,70,52],"gold":13,"neow_bonus":"BOSS_RELIC","is_prod":false,"is_daily":false,"chose_seed":false,"campfire_upgraded":1,"win_rate":0.0,"timestamp":1568723952,"path_taken":["M","M","?","$","M","E","R","M","T","?","R","M","E","M","R","BOSS","M"],"build_version":"2019-07-17","purchased_purges":0,"victory":false,"max_hp_per_floor":[70,70,70,70,70,70,70,70,70,70,70,70,70,70,70,70,70,70],"card_choices":[{"not_picked":["Flying Knee","Bouncing Flask"],"picked":"Footwork","floor":1},{"not_picked":["Dagger Throw","Acrobatics"],"picked":"Dodge and Roll","floor":2},{"not_picked":["PiercingWail","Calculated Gamble"],"picked":"Dagger Spray+1","floor":5},{"not_picked":["Backflip","Escape Plan"],"picked":"Prepared","floor":6},{"not_picked":["Eviscerate+1","Prepared"],"picked":"Envenom+1","floor":8},{"not_picked":["Prepared","Flying Knee+1","Deflect"],"picked":"SKIP","floor":12},{"not_picked":["Dagger Throw+1","Escape Plan"],"picked":"Masterful Stab+1","floor":13},{"not_picked":["Tactician","Backflip","Escape Plan"],"picked":"SKIP","floor":14},{"not_picked":["Unload+1","Venomology"],"picked":"Die Die Die+1","floor":16}],"player_experience":34539,"relics_obtained":[{"floor":6,"key":"Frozen Egg 2"},{"floor":9,"key":"Dodecahedron"},{"floor":13,"key":"Oddly Smooth Stone"}],"event_choices":[{"damage_healed":0,"gold_gain":0,"player_choice":"Success","damage_taken":7,"relics_obtained":["Molten Egg 2"],"max_hp_gain":0,"max_hp_loss":0,"event_name":"Scrap Ooze","floor":3,"gold_loss":0},{"cards_removed":["Strike_G"],"damage_healed":0,"gold_gain":0,"player_choice":"Forget","damage_taken":0,"max_hp_gain":0,"max_hp_loss":0,"event_name":"Living Wall","floor":10,"gold_loss":0}],"is_beta":false,"boss_relics":[{"not_picked":["Coffee Dripper","Snecko Eye"],"picked":"HoveringKite"}],"items_purged_floors":[],"is_endless":false,"potions_floor_spawned":[2,8,12,14],"killed_by":"Shell Parasite","ascension_level":0}