{"gold_per_floor":[13,13,27,46,66,66,66,66,66,80,94,112,140,140,140,211,211,227,152,172,172,22,32,32,32,62,82,82,97,97,130,130,130],"floor_reached":33,"playtime":839,"items_purged":["Strike_G","Strike_G"],"score":542,"play_id":"86db752e-0abd-4361-ad40-3bc0fc0ca68b","local_time":"20190823091716","is_ascension_mode":true,"campfire_choices":[{"data":"Deadly Poison","floor":6.0,"key":"SMITH"},{"data":"Neutralize","floor":8.0,"key":"SMITH"},{"data":"Noxious Fumes","floor":15.0,"key":"SMITH"},{"data":"Tactician","floor":24.0,"key":"SMITH"},{"data":"Catalyst","floor":30.0,"key":"SMITH"},{"data":"Acrobatics","floor":32.0,"key":"SMITH"}],"neow_cost":"NO_GOLD","seed_source_timestamp":0,"circlet_count":0,"master_deck":["AscendersBane","Strike_G","Strike_G","Defend_G","Defend_G","Defend_G","Defend_G+1","Survivor","Neutralize+1","PiercingWail+1","Deadly Poison+1","Tactician+1","Noxious Fumes+1","Venomology","Acrobatics","Acrobatics+1","Catalyst+1","Grand Finale"],"special_seed":0,"relics":["Ring of the Snake","Mercury Hourglass","Thread and Needle","Runic Dome","Tiny Chest","Girya"],"potions_floor_usage":[],"damage_taken":[{"damage":1.0,"enemies":"Cultist","floor":1.0,"turns":5.0},{"damage":1.0,"enemies":"Small Slimes","floor":3.0,"turns":6.0},{"damage":2.0,"enemies":"2 Louse","floor":4.0,"turns":3.0},{"damage":3.0,"enemies":"Exordium Thugs","floor":5.0,"turns":6.0},{"damage":2.0,"enemies":"Gremlin Gang","floor":10.0,"turns":4.0},{"damage":0.0,"enemies":"2 Fungi Beasts","floor":11.0,"turns":4.0},{"damage":3.0,"enemies":"Looter","floor":12.0,"turns":4.0},{"damage":2.0,"enemies":"Lagavulin","floor":13.0,"turns":5.0},{"damage":5.0,"enemies":"Hexaghost","floor":16.0,"turns":9.0},{"damage":0.0,"enemies":"Spheric Guardian","floor":18.0,"turns":5.0},{"damage":0.0,"enemies":"Shell Parasite","floor":20.0,"turns":5.0},{"damage":3.0,"enemies":"Sentry and Sphere","floor":23.0,"turns":4.0},{"damage":0.0,"enemies":"Snecko","floor":25.0,"turns":1.0},{"damage":3.0,"enemies":"Shelled Parasite and Fungi","floor":27.0,"turns":5.0},{"damage":9.0,"enemies":"Snake Plant","floor":29.0,"turns":4.0},{"damage":43.0,"enemies":"Slavers","floor":31.0,"turns":6.0},{"damage":9,"enemies":"Collector","floor":33,"turns":3}],"seed_played":"4757695930239299527","potions_obtained":[{"floor":5.0,"key":"Weak Potion"},{"floor":10.0,"key":"Poison Potion"},{"floor":16.0,"key":"Block Potion"},{"floor":18.0,"key":"SmokeBomb"}],"is_trial":false,"path_per_floor":["M","$","M","M","M","R","?","R","T","M","M","M","E","?","R","B",null,"M","$","M","?","$","M","R","M","T","M","?","M","R","E","R","B"],"character_chosen":"THE_SILENT","items_purchased":["Acrobatics"],"campfire_rested":0,"item_purchase_floors":[22],"current_hp_per_floor":[58,58,57,55,52,52,32,32,32,30,30,27,25,25,25,20,55,55,55,55,51,51,48,48,48,48,45,45,36,36,8,8,0],"gold":130,"neow_bonus":"REMOVE_TWO","is_prod":false,"is_daily":false,"chose_seed":false,"campfire_upgraded":6,"win_rate":0,"timestamp":1566519436,"path_taken":["M","?","M","M","M","R","?","R","T","M","M","M","E","?","R","BOSS","M","$","M","?","$","M","R","?","T","M","?","M","R","E","R","BOSS"],"build_version":"2019-07-17","purchased_purges":2,"victory":false,"max_hp_per_floor":[66,66,66,66,66,66,66,66,66,66,66,66,66,66,66,66,66,66,66,66,66,66,66,66,66,66,66,66,66,66,66,66,66],"card_choices":[{"not_picked":["Flying Knee","Reflex"],"picked":"PiercingWail","floor":1.0},{"not_picked":["Quick Slash","Backflip","Riddle With Holes"],"picked":"SKIP","floor":3.0},{"not_picked":["Distraction","Escape Plan"],"picked":"Deadly Poison","floor":4.0},{"not_picked":["Dagger Throw","Leg Sweep"],"picked":"Tactician","floor":5.0},{"not_picked":["Caltrops","Backstab"],"picked":"Noxious Fumes","floor":10.0},{"not_picked":["Tactician","Riddle With Holes","Blade Dance"],"picked":"SKIP","floor":11.0},{"not_picked":["Flying Knee","Blade Dance","Riddle With Holes"],"picked":"SKIP","floor":12.0},{"not_picked":["Skewer","Expertise","Dash"],"picked":"SKIP","floor":13.0},{"not_picked":["Backstab","Terror+1"],"picked":"Acrobatics","floor":18.0},{"not_picked":["Sucker Punch","PiercingWail","Quick Slash"],"picked":"SKIP","floor":20.0},{"not_picked":["Prepared+1","Tools of the Trade"],"picked":"Catalyst","floor":23.0},{"not_picked":["PiercingWail","Underhanded Strike","Flying Knee+1"],"picked":"SKIP","floor":27.0},{"not_picked":["Flying Knee+1","Cloak And Dagger","Tactician"],"picked":"SKIP","floor":29.0},{"not_picked":["Well Laid Plans","Endless Agony"],"picked":"Grand Finale","floor":31.0}],"player_experience":973433,"relics_obtained":[{"floor":9.0,"key":"Mercury Hourglass"},{"floor":13.0,"key":"Thread and Needle"},{"floor":26.0,"key":"Tiny Chest"},{"floor":31.0,"key":"Girya"}],"event_choices":[{"damage_healed":0.0,"max_hp_gain":0.0,"max_hp_loss":0.0,"gold_gain":0.0,"event_name":"Shining Light","player_choice":"Entered Light","floor":7.0,"gold_loss":0.0,"damage_taken":20.0,"cards_upgraded":["Defend_G","PiercingWail"]},{"damage_healed":0.0,"max_hp_gain":0.0,"max_hp_loss":0.0,"gold_gain":0.0,"event_name":"Match and Keep!","player_choice":"1 cards matched","floor":14.0,"gold_loss":0.0,"damage_taken":0.0,"cards_obtained":["Venomology"]},{"damage_healed":0.0,"max_hp_gain":0.0,"max_hp_loss":0.0,"gold_gain":0.0,"event_name":"The Woman in Blue","player_choice":"Bought 0 Potions","floor":21.0,"gold_loss":0.0,"damage_taken":0.0}],"is_beta":false,"boss_relics":[{"not_picked":["Fusion Hammer","Busted Crown"],"picked":"Runic Dome"}],"items_purged_floors":[19,22],"is_endless":false,"potions_floor_spawned":[5,10,12,16,18,25],"killed_by":"Collector","ascension_level":20}