{"gold_per_floor":[117,117,42,42,42,42,56,89,116,150,150,225,242,253,253,326,326,337,337,280,292,309,343,343,371,371,371,382,409,423,453,453,531,531,550,568,361,361,361,387,402,430,430,440,440,440,136,165,165,165,165,165,165,5,32,32],"floor_reached":57,"playtime":3741,"items_purged":["Strike_G","Expertise+1","Corpse Explosion+1","Survivor"],"score":3802,"play_id":"d3320ad8-5eaf-49d3-98a1-746c030afce4","local_time":"20190907221210","is_ascension_mode":true,"campfire_choices":[{"data":"Corpse Explosion","floor":6.0,"key":"SMITH"},{"data":"Neutralize","floor":15.0,"key":"SMITH"},{"data":"Tactician","floor":24.0,"key":"SMITH"},{"data":"Expertise","floor":27.0,"key":"SMITH"},{"data":"Acrobatics","floor":32.0,"key":"SMITH"},{"floor":46,"key":"RECALL"},{"data":"Calculated Gamble","floor":49,"key":"SMITH"},{"data":"Footwork","floor":53,"key":"SMITH"}],"neow_cost":"NONE","seed_source_timestamp":2018214718304900,"circlet_count":0,"master_deck":["AscendersBane","Neutralize+1","Terror","Tactician+1","Footwork+1","Escape Plan","Prepared+1","Calculated Gamble+1","Acrobatics+1","Discovery+1","Backflip+1","Well Laid Plans+1"],"special_seed":0,"relics":["Ring of the Snake","NeowsBlessing","Regal Pillow","Smiling Mask","Meat on the Bone","Pandora\u0027s Box","Pear","Pocketwatch","Matryoshka","Anchor","Frozen Egg 2","Black Star","Oddly Smooth Stone","FossilizedHelix","StoneCalendar","Question Card","Toxic Egg 2","Gremlin Horn","OrangePellets","Turnip","Potion Belt","Strawberry","Bag of Marbles"],"potions_floor_usage":[56,56,56,56],"damage_taken":[{"damage":0.0,"enemies":"Jaw Worm","floor":1.0,"turns":1.0},{"damage":0.0,"enemies":"2 Louse","floor":7.0,"turns":1.0},{"damage":0.0,"enemies":"Lagavulin","floor":8.0,"turns":1.0},{"damage":29.0,"enemies":"Gremlin Nob","floor":10.0,"turns":4.0},{"damage":0.0,"enemies":"Small Slimes","floor":13.0,"turns":3.0},{"damage":3.0,"enemies":"Blue Slaver","floor":14.0,"turns":6.0},{"damage":31.0,"enemies":"Hexaghost","floor":16.0,"turns":10.0},{"damage":15.0,"enemies":"2 Thieves","floor":18.0,"turns":3.0},{"damage":0.0,"enemies":"Spheric Guardian","floor":21.0,"turns":3.0},{"damage":0.0,"enemies":"Shelled Parasite and Fungi","floor":22.0,"turns":5.0},{"damage":38.0,"enemies":"Slavers","floor":23.0,"turns":4.0},{"damage":0.0,"enemies":"Book of Stabbing","floor":25.0,"turns":4.0},{"damage":0.0,"enemies":"3 Cultists","floor":28.0,"turns":1.0},{"damage":0.0,"enemies":"Slavers","floor":29.0,"turns":1.0},{"damage":0.0,"enemies":"Snecko","floor":30.0,"turns":2.0},{"damage":0.0,"enemies":"Book of Stabbing","floor":31.0,"turns":3.0},{"damage":0.0,"enemies":"Automaton","floor":33.0,"turns":2.0},{"damage":0.0,"enemies":"Orb Walker","floor":35.0,"turns":2.0},{"damage":0.0,"enemies":"3 Shapes","floor":36.0,"turns":1.0},{"damage":0,"enemies":"Giant Head","floor":40,"turns":1},{"damage":0,"enemies":"Maw","floor":41,"turns":3},{"damage":0,"enemies":"Nemesis","floor":42,"turns":1},{"damage":0,"enemies":"4 Shapes","floor":44,"turns":1},{"damage":0,"enemies":"Reptomancer","floor":48,"turns":1},{"damage":0,"enemies":"Time Eater","floor":50,"turns":11},{"damage":0,"enemies":"Awakened One","floor":51,"turns":4},{"damage":0,"enemies":"Shield and Spear","floor":55,"turns":4},{"damage":0,"enemies":"The Heart","floor":56,"turns":5}],"seed_played":"762216597142383290","potions_obtained":[{"floor":8.0,"key":"Energy Potion"},{"floor":10.0,"key":"Strength Potion"},{"floor":13.0,"key":"EntropicBrew"},{"floor":18.0,"key":"Explosive Potion"},{"floor":23.0,"key":"Block Potion"},{"floor":31.0,"key":"FearPotion"},{"floor":40,"key":"Strength Potion"},{"floor":41,"key":"Block Potion"}],"is_trial":false,"path_per_floor":["M","?","$","?","$","R","M","E","T","E","?","?","M","M","R","B",null,"M","?","$","M","M","E","R","E","T","R","M","E","M","E","R","B",null,"M","M","$","?","?","E","M","E","T","M","?","R","$","E","R","B","B",null,"R","$","E","B",null],"character_chosen":"THE_SILENT","items_purchased":["Swift Potion","Oddly Smooth Stone","OrangePellets","Backflip+1","SpeedPotion","Fire Potion"],"campfire_rested":0,"item_purchase_floors":[20,37,47,47,54,54],"current_hp_per_floor":[59,59,59,59,59,59,59,59,59,30,35,24,36,45,45,26,60,45,41,41,41,41,25,25,37,37,37,49,49,49,49,49,49,73,73,73,73,73,73,73,73,73,73,73,73,73,73,73,73,73,73,76,76,76,83,83],"gold":32,"neow_bonus":"THREE_ENEMY_KILL","is_prod":false,"is_daily":false,"chose_seed":false,"campfire_upgraded":7,"win_rate":0,"timestamp":1567865530,"path_taken":["M","?","$","?","$","R","M","E","T","E","?","?","?","M","R","BOSS","M","?","$","M","M","E","R","E","T","R","M","E","M","E","R","BOSS","M","M","$","?","?","E","M","E","T","?","?","R","$","E","R","BOSS","BOSS","R","$","E","BOSS"],"build_version":"2019-08-26","purchased_purges":4,"victory":true,"max_hp_per_floor":[66,66,66,66,66,66,66,66,66,66,71,71,71,71,71,71,71,71,71,71,71,71,81,81,81,81,81,81,81,81,81,81,81,81,81,81,81,81,81,81,81,81,81,81,77,77,77,77,77,77,77,77,77,77,84,84],"card_choices":[{"not_picked":["Backflip","Cloak And Dagger","Bouncing Flask"],"picked":"SKIP","floor":1.0},{"not_picked":["Backstab","Dodge and Roll","Outmaneuver"],"picked":"SKIP","floor":7.0},{"not_picked":["Slice","Predator"],"picked":"Terror","floor":8.0},{"not_picked":["Predator","Blur"],"picked":"Tactician","floor":10.0},{"not_picked":["Concentrate","Underhanded Strike","Dagger Throw"],"picked":"SKIP","floor":13.0},{"not_picked":["Finisher","Deflect"],"picked":"Footwork","floor":14.0},{"not_picked":["Flying Knee","Endless Agony","Deflect"],"picked":"SKIP","floor":18.0},{"not_picked":["Heel Hook+1","Predator"],"picked":"Expertise","floor":21.0},{"not_picked":["Crippling Poison","Blade Dance","Setup"],"picked":"SKIP","floor":22.0},{"not_picked":["Calculated Gamble","Poisoned Stab"],"picked":"Escape Plan","floor":23.0},{"not_picked":["Concentrate","Blade Dance"],"picked":"Prepared+1","floor":25.0},{"not_picked":["Bouncing Flask","Infinite Blades"],"picked":"Calculated Gamble","floor":28.0},{"not_picked":["Accuracy+1","Slice","Blade Dance"],"picked":"SKIP","floor":29.0},{"not_picked":["PiercingWail","Doppelganger"],"picked":"Acrobatics","floor":30.0},{"not_picked":["Infinite Blades","Catalyst","Calculated Gamble"],"picked":"SKIP","floor":31.0},{"not_picked":["All Out Attack","Leg Sweep+1","Flying Knee+1"],"picked":"SKIP","floor":35.0},{"not_picked":["Quick Slash","PiercingWail","Backstab"],"picked":"SKIP","floor":36.0},{"not_picked":["Blind","Transmutation"],"picked":"Discovery","floor":38},{"not_picked":["Poisoned Stab+1","Deflect","Endless Agony"],"picked":"SKIP","floor":40},{"not_picked":["Deflect","Prepared","Dagger Throw"],"picked":"SKIP","floor":41},{"not_picked":["Terror","Deflect","Dash"],"picked":"SKIP","floor":42},{"not_picked":["Prepared+1","Dagger Spray+1","Poisoned Stab","Malaise+1"],"picked":"SKIP","floor":44},{"not_picked":["Backflip+1","Quick Slash","Noxious Fumes+1"],"picked":"Well Laid Plans+1","floor":48},{"not_picked":["Poisoned Stab","Sucker Punch","Prepared+1","Underhanded Strike"],"picked":"SKIP","floor":55}],"player_experience":3199137,"relics_obtained":[{"floor":8.0,"key":"Regal Pillow"},{"floor":9.0,"key":"Smiling Mask"},{"floor":10.0,"key":"Meat on the Bone"},{"floor":23.0,"key":"Pear"},{"floor":25.0,"key":"Pocketwatch"},{"floor":26.0,"key":"Matryoshka"},{"floor":29.0,"key":"Anchor"},{"floor":31.0,"key":"Frozen Egg 2"},{"floor":40,"key":"FossilizedHelix"},{"floor":40,"key":"StoneCalendar"},{"floor":42,"key":"Question Card"},{"floor":42,"key":"Toxic Egg 2"},{"floor":43,"key":"Gremlin Horn"},{"floor":48,"key":"Turnip"},{"floor":48,"key":"Potion Belt"},{"floor":55,"key":"Strawberry"},{"floor":55,"key":"Bag of Marbles"}],"event_choices":[{"damage_healed":0.0,"max_hp_gain":0.0,"max_hp_loss":0.0,"gold_gain":0.0,"cards_transformed":["Strike_G"],"event_name":"Living Wall","player_choice":"Change","floor":2.0,"gold_loss":0.0,"damage_taken":0.0,"cards_obtained":["Corpse Explosion"]},{"damage_healed":0.0,"max_hp_gain":0.0,"max_hp_loss":0.0,"gold_gain":0.0,"event_name":"Liars Game","player_choice":"Ignored","floor":4.0,"gold_loss":0.0,"damage_taken":0.0},{"damage_healed":0.0,"max_hp_gain":5.0,"max_hp_loss":0.0,"gold_gain":0.0,"event_name":"Big Fish","player_choice":"Donut","floor":11.0,"gold_loss":0.0,"damage_taken":0.0},{"damage_healed":0.0,"max_hp_gain":0.0,"max_hp_loss":0.0,"gold_gain":75.0,"event_name":"World of Goop","player_choice":"Gather Gold","floor":12.0,"gold_loss":0.0,"damage_taken":11.0},{"damage_healed":0.0,"max_hp_gain":0.0,"max_hp_loss":0.0,"gold_gain":0.0,"event_name":"The Woman in Blue","player_choice":"Bought 0 Potions","floor":19.0,"gold_loss":0.0,"damage_taken":0.0},{"damage_healed":0,"gold_gain":0,"player_choice":"Memory 1","damage_taken":0,"max_hp_gain":0,"max_hp_loss":0,"event_name":"SensoryStone","floor":38,"gold_loss":0},{"damage_healed":0,"gold_gain":0,"player_choice":"Forge","damage_taken":0,"max_hp_gain":0,"max_hp_loss":0,"event_name":"Accursed Blacksmith","floor":39,"gold_loss":0,"cards_upgraded":["Discovery"]},{"damage_healed":0,"gold_gain":0,"player_choice":"Max HP","damage_taken":0,"max_hp_gain":0,"max_hp_loss":4,"event_name":"Winding Halls","floor":45,"gold_loss":0}],"is_beta":true,"boss_relics":[{"not_picked":["Calling Bell","Busted Crown"],"picked":"Pandora\u0027s Box"},{"not_picked":["Philosopher\u0027s Stone","Ring of the Serpent"],"picked":"Black Star"}],"items_purged_floors":[3,37,47,54],"is_endless":false,"potions_floor_spawned":[8,10,13,18,22,23,31,40,41,42],"ascension_level":20}