{"gold_per_floor":[111,286,138,88,102,128,139,139,139,157,182,194,222,247,259,271],"floor_reached":16,"playtime":1014,"items_purged":["Doubt"],"score":137,"play_id":"014211fd-25c5-4f06-95ed-1e198acad6fa","local_time":"20190919025538","is_ascension_mode":false,"campfire_choices":[{"floor":8,"key":"DIG"},{"floor":15,"key":"REST"}],"neow_cost":"NONE","seed_source_timestamp":1935924517083600,"circlet_count":0,"master_deck":["Strike_B","Strike_B","Defend_B","Defend_B","Defend_B","Defend_B","Zap","Dualcast","Loop","Conserve Battery","Go for the Eyes","Streamline","Sweeping Beam","Coolheaded+1","Seek+1","Electrodynamics+1"],"relics":["Cracked Core","NeowsBlessing","Shovel","Frozen Egg 2","Toxic Egg 2","MawBank"],"potions_floor_usage":[11,11,16],"damage_taken":[{"damage":0,"enemies":"Jaw Worm","floor":1,"turns":1},{"damage":0,"enemies":"2 Louse","floor":5,"turns":1},{"damage":0,"enemies":"Lagavulin","floor":6,"turns":1},{"damage":7,"enemies":"Small Slimes","floor":7,"turns":3},{"damage":11,"enemies":"Exordium Thugs","floor":10,"turns":4},{"damage":17,"enemies":"3 Sentries","floor":11,"turns":5},{"damage":6,"enemies":"3 Louse","floor":13,"turns":3},{"damage":4,"enemies":"Looter","floor":14,"turns":3},{"damage":53,"enemies":"Hexaghost","floor":16,"turns":14}],"seed_played":"-5500812631846074231","potions_obtained":[{"floor":5,"key":"PowerPotion"},{"floor":6,"key":"Weak Potion"},{"floor":10,"key":"Strength Potion"}],"is_trial":false,"path_per_floor":["M","?","$","?","M","E","M","R","T","M","E","?","M","M","R","B"],"character_chosen":"DEFECT","items_purchased":["Conserve Battery","Go for the Eyes"],"campfire_rested":1,"item_purchase_floors":[3,3],"current_hp_per_floor":[75,75,75,75,75,75,68,68,68,57,40,40,34,30,52,0],"gold":271,"neow_bonus":"THREE_ENEMY_KILL","is_prod":false,"is_daily":false,"chose_seed":false,"campfire_upgraded":0,"win_rate":0.0,"timestamp":1568876138,"path_taken":["M","?","$","?","M","E","M","R","T","M","E","?","M","?","R","BOSS"],"build_version":"2019-07-17","purchased_purges":1,"victory":false,"max_hp_per_floor":[75,75,75,75,75,75,75,75,75,75,75,75,75,75,75,75],"card_choices":[{"not_picked":["Stack","Fusion"],"picked":"Loop","floor":1},{"not_picked":["Gash","Double Energy"],"picked":"Streamline","floor":5},{"not_picked":["Gash","Tempest"],"picked":"Sweeping Beam","floor":6},{"not_picked":["Rip and Tear","Go for the Eyes","Blizzard"],"picked":"SKIP","floor":7},{"not_picked":["Barrage","Blizzard","Sweeping Beam"],"picked":"SKIP","floor":10},{"not_picked":["Cold Snap","Static Discharge+1"],"picked":"Coolheaded+1","floor":11},{"not_picked":["Cold Snap","Blizzard","Doom and Gloom"],"picked":"SKIP","floor":13},{"not_picked":["FTL","Chill+1"],"picked":"Electrodynamics+1","floor":14}],"player_experience":91806,"relics_obtained":[{"floor":6,"key":"Shovel"},{"floor":8,"key":"Frozen Egg 2"},{"floor":9,"key":"Toxic Egg 2"},{"floor":11,"key":"MawBank"}],"event_choices":[{"damage_healed":0,"gold_gain":175,"player_choice":"AGREE","damage_taken":0,"max_hp_gain":0,"max_hp_loss":0,"event_name":"Liars Game","floor":2,"gold_loss":0,"cards_obtained":["Doubt"]},{"cards_removed":["Strike_B"],"damage_healed":0,"gold_gain":0,"player_choice":"Card Removal","damage_taken":0,"max_hp_gain":0,"max_hp_loss":0,"event_name":"The Cleric","floor":4,"gold_loss":50},{"damage_healed":0,"gold_gain":0,"cards_transformed":["Strike_B"],"player_choice":"Transformed","damage_taken":0,"max_hp_gain":0,"max_hp_loss":0,"event_name":"Transmorgrifier","floor":12,"gold_loss":0,"cards_obtained":["Seek"]}],"is_beta":false,"boss_relics":[],"items_purged_floors":[3],"is_endless":false,"potions_floor_spawned":[5,6,10],"killed_by":"Hexaghost","ascension_level":0}