{"gold_per_floor":[117,117,131,149,162,162,87,37,64,91,108,118,25,45,45,45],"floor_reached":16,"playtime":743,"items_purged":["Decay"],"score":104,"play_id":"74f5fb98-05e6-4fd5-8745-327dd038ab9b","local_time":"20190917232255","is_ascension_mode":false,"campfire_choices":[{"data":"Footwork","floor":6,"key":"SMITH"},{"floor":15,"key":"REST"}],"neow_cost":"NONE","seed_source_timestamp":1837031884483300,"circlet_count":0,"master_deck":["Strike_G","Strike_G","Strike_G","Strike_G","Strike_G","Defend_G","Defend_G","Defend_G","Defend_G","Defend_G","Survivor","Neutralize","Backstab","Footwork+1","Noxious Fumes","Bane","Storm of Steel","Backflip","Dramatic Entrance","Backstab"],"relics":["Calling Bell","Dream Catcher","Sundial","Tingsha","Smiling Mask","Bag of Marbles"],"potions_floor_usage":[16,16,16],"damage_taken":[{"damage":2,"enemies":"2 Louse","floor":1,"turns":4},{"damage":3,"enemies":"Cultist","floor":3,"turns":4},{"damage":4,"enemies":"Small Slimes","floor":4,"turns":5},{"damage":13,"enemies":"Exordium Thugs","floor":5,"turns":6},{"damage":11,"enemies":"Gremlin Nob","floor":10,"turns":5},{"damage":9,"enemies":"Gremlin Gang","floor":11,"turns":5},{"damage":0,"enemies":"3 Louse","floor":12,"turns":3},{"damage":0,"enemies":"Red Slaver","floor":14,"turns":1},{"damage":49,"enemies":"The Guardian","floor":16,"turns":10}],"seed_played":"-2032878614663380660","potions_obtained":[{"floor":1,"key":"Ancient Potion"},{"floor":4,"key":"Dexterity Potion"},{"floor":5,"key":"Explosive Potion"}],"is_trial":false,"path_per_floor":["M","?","M","M","M","R","$","?","T","E","M","M","$","M","R","B"],"character_chosen":"THE_SILENT","items_purchased":["Dramatic Entrance"],"campfire_rested":1,"item_purchase_floors":[13],"current_hp_per_floor":[68,68,65,61,48,48,48,48,48,37,28,28,28,28,49,0],"gold":45,"neow_bonus":"BOSS_RELIC","is_prod":false,"is_daily":false,"chose_seed":false,"campfire_upgraded":1,"win_rate":0.0,"timestamp":1568776975,"path_taken":["M","?","M","M","?","R","$","?","T","E","M","M","$","M","R","BOSS"],"build_version":"2019-07-17","purchased_purges":1,"victory":false,"max_hp_per_floor":[70,70,70,70,70,70,70,70,70,70,70,70,70,70,70,70],"card_choices":[{"not_picked":["Infinite Blades","Choke"],"picked":"Backstab","floor":1},{"not_picked":["Heel Hook","Tactician"],"picked":"Footwork","floor":3},{"not_picked":["Footwork","Underhanded Strike"],"picked":"Noxious Fumes","floor":4},{"not_picked":["Outmaneuver","Endless Agony"],"picked":"Bane","floor":5},{"not_picked":["Noxious Fumes","Flying Knee"],"picked":"Storm of Steel","floor":10},{"not_picked":["Catalyst","Dagger Spray"],"picked":"Backflip","floor":11},{"not_picked":["Dagger Throw","Catalyst","Infinite Blades"],"picked":"SKIP","floor":12},{"not_picked":["Deflect","Underhanded Strike","Dagger Spray"],"picked":"SKIP","floor":14},{"not_picked":["Prepared","Poisoned Stab"],"picked":"Backstab","floor":15}],"player_experience":52650,"relics_obtained":[{"floor":0,"key":"Dream Catcher"},{"floor":0,"key":"Sundial"},{"floor":0,"key":"Tingsha"},{"floor":9,"key":"Smiling Mask"},{"floor":10,"key":"Bag of Marbles"}],"event_choices":[{"cards_removed":["Writhe"],"damage_healed":0,"gold_gain":0,"player_choice":"Card Removal","damage_taken":0,"max_hp_gain":0,"max_hp_loss":0,"event_name":"Wheel of Change","floor":2,"gold_loss":0},{"cards_removed":["Clumsy"],"damage_healed":0,"gold_gain":0,"player_choice":"Card Removal","damage_taken":0,"max_hp_gain":0,"max_hp_loss":0,"event_name":"The Cleric","floor":8,"gold_loss":50}],"is_beta":false,"boss_relics":[],"items_purged_floors":[7],"is_endless":false,"potions_floor_spawned":[1,4,5,11],"killed_by":"The Guardian","ascension_level":0}