{"gold_per_floor":[117,134,10,25,25,25,56,76,76,76,95,125,84,100,100,199,199,211,211,224,45,45,73,73,85,130,143,143,242,342,359,359,458,458,475,204,35,35,55,55,72,72,72,87,101,101,111,111],"floor_reached":48,"playtime":6082,"items_purged":[],"score":489,"play_id":"f1739b8c-cb72-4c93-ba0e-183c0e3306cd","local_time":"20190119192500","is_ascension_mode":false,"campfire_choices":[{"data":"Conserve Battery","floor":6.0,"key":"SMITH"},{"floor":10.0,"key":"REST"},{"data":"Sunder","floor":15.0,"key":"SMITH"},{"data":"Auto Shields","floor":24.0,"key":"SMITH"},{"floor":28.0,"key":"REST"},{"data":"Seek","floor":32.0,"key":"SMITH"},{"floor":40.0,"key":"REST"},{"data":"Apotheosis","floor":42.0,"key":"SMITH"}],"neow_cost":"NONE","seed_source_timestamp":0,"circlet_count":0,"master_deck":["Strike_B+1","Defend_B","Defend_B","Defend_B","Defend_B","Zap","Dualcast","Cold Snap+1","Redo","Auto Shields","Hologram+1","Conserve Battery+1","Auto Shields+1","Sunder+1","Reinforced Body","Conserve Battery","Rainbow","Reinforced Body+1","Coolheaded+1","Capacitor","Leap","The Bomb","Stack","Steam","Beam Cell","Seek+1","Echo Form","Go for the Eyes","Chill","Apotheosis+1","White Noise","Barrage","Ball Lightning","Tempest","Swift Strike"],"special_seed":0,"relics":["Cracked Core","Regal Pillow","Shuriken","Art of War","Blood Vial","Astrolabe","Bronze Scales","Whetstone","Happy Flower","The Courier"],"potions_floor_usage":[],"damage_taken":[{"damage":0.0,"enemies":"Cultist","floor":1.0,"turns":4.0},{"damage":0.0,"enemies":"2 Louse","floor":2.0,"turns":2.0},{"damage":8.0,"enemies":"Jaw Worm","floor":4.0,"turns":4.0},{"damage":6.0,"enemies":"3 Sentries","floor":7.0,"turns":7.0},{"damage":0.0,"enemies":"Looter","floor":8.0,"turns":4.0},{"damage":2.0,"enemies":"Red Slaver","floor":11.0,"turns":4.0},{"damage":2.0,"enemies":"Lagavulin","floor":12.0,"turns":8.0},{"damage":4.0,"enemies":"3 Louse","floor":14.0,"turns":4.0},{"damage":24.0,"enemies":"Hexaghost","floor":16.0,"turns":13.0},{"damage":8.0,"enemies":"Shell Parasite","floor":18.0,"turns":7.0},{"damage":8.0,"enemies":"Chosen","floor":20.0,"turns":9.0},{"damage":10.0,"enemies":"Slavers","floor":23.0,"turns":8.0},{"damage":17.0,"enemies":"Centurion and Healer","floor":25.0,"turns":8.0},{"damage":0.0,"enemies":"3 Cultists","floor":27.0,"turns":5.0},{"damage":8.0,"enemies":"Chosen and Byrds","floor":31.0,"turns":7.0},{"damage":50.0,"enemies":"Collector","floor":33.0,"turns":13.0},{"damage":13.0,"enemies":"Orb Walker","floor":35.0,"turns":4.0},{"damage":5.0,"enemies":"3 Darklings","floor":39.0,"turns":7.0},{"damage":0.0,"enemies":"Writhing Mass","floor":41.0,"turns":7.0},{"damage":41.0,"enemies":"Sphere and 2 Shapes","floor":44.0,"turns":7.0},{"damage":10.0,"enemies":"Spire Growth","floor":45.0,"turns":5.0},{"damage":26.0,"enemies":"3 Darklings","floor":47.0,"turns":5.0},{"damage":23,"enemies":"Reptomancer","floor":48,"turns":2}],"seed_played":"6326669963447750222","potions_obtained":[{"floor":1.0,"key":"SmokeBomb"},{"floor":4.0,"key":"Fire Potion"},{"floor":7.0,"key":"Fire Potion"},{"floor":20.0,"key":"AttackPotion"},{"floor":22.0,"key":"EssenceOfSteel"},{"floor":22.0,"key":"Fire Potion"},{"floor":23.0,"key":"SteroidPotion"},{"floor":25.0,"key":"Energy Potion"},{"floor":33.0,"key":"Fire Potion"},{"floor":35.0,"key":"PowerPotion"},{"floor":41.0,"key":"GamblersBrew"},{"floor":44.0,"key":"LiquidBronze"}],"is_trial":false,"path_per_floor":["M","M","$","M","?","R","E","M","T","R","M","E","?","M","R","B",null,"M","?","M","$","?","E","R","M","T","M","R","?","?","M","R","B",null,"M","$","$","?","M","R","M","R","T","M","M","?","M","E"],"character_chosen":"DEFECT","items_purchased":["Auto Shields","Hologram","The Bomb","Happy Flower","Chill","Explosive Potion","Apotheosis"],"campfire_rested":3,"item_purchase_floors":[3,3,21,36,36,36,37],"current_hp_per_floor":[82,82,82,74,67,67,61,61,61,82,80,78,78,76,76,54,82,74,74,68,68,68,60,60,45,45,47,82,82,82,74,74,26,82,69,69,69,69,66,82,82,82,82,41,33,33,9,0],"gold":111,"neow_bonus":"TEN_PERCENT_HP_BONUS","is_prod":false,"is_daily":false,"chose_seed":false,"campfire_upgraded":5,"win_rate":0.0,"timestamp":1547954700,"path_taken":["M","?","$","M","?","R","E","M","T","R","M","E","?","M","R","BOSS","M","?","?","$","?","E","R","M","T","?","R","?","?","M","R","BOSS","M","?","$","?","M","R","M","R","T","?","M","?","M","E"],"build_version":"2019-01-17v2","purchased_purges":0,"victory":false,"max_hp_per_floor":[82,82,82,82,82,82,82,82,82,82,82,82,82,82,82,82,82,82,82,82,82,82,82,82,82,82,82,82,82,82,82,82,82,82,82,82,82,82,82,82,82,82,82,82,82,82,82,82],"card_choices":[{"not_picked":["Coolheaded","Stack"],"picked":"Cold Snap","floor":1.0},{"not_picked":["Tempest","Reprogram"],"picked":"Redo","floor":2.0},{"not_picked":["Hologram","Buffer"],"picked":"Conserve Battery","floor":4.0},{"not_picked":["Lockon","Steam Power"],"picked":"Auto Shields","floor":7.0},{"not_picked":["Barrage","Force Field"],"picked":"Sunder","floor":8.0},{"not_picked":["Leap","Steam"],"picked":"Reinforced Body","floor":11.0},{"not_picked":["Hello World","Force Field"],"picked":"Conserve Battery","floor":12.0},{"not_picked":["Redo","Reprogram","Steam"],"picked":"SKIP","floor":14.0},{"not_picked":["Amplify","Meteor Strike"],"picked":"Rainbow","floor":16.0},{"not_picked":["Stack","Conserve Battery"],"picked":"Capacitor","floor":18.0},{"not_picked":["Fusion","Turbo"],"picked":"Leap","floor":20.0},{"not_picked":["Double Energy","Steam+1"],"picked":"Stack","floor":23.0},{"not_picked":["Lockon+1","Darkness"],"picked":"Steam","floor":25.0},{"not_picked":["Fusion","Consume"],"picked":"Beam Cell","floor":27.0},{"not_picked":["Compile Driver","Beam Cell"],"picked":"Seek","floor":31.0},{"not_picked":["Fission","Biased Cognition"],"picked":"Echo Form","floor":33.0},{"not_picked":["Cold Snap+1","Conserve Battery+1"],"picked":"Go for the Eyes","floor":35.0},{"not_picked":["Redo+1","Aggregate+1"],"picked":"Barrage","floor":39.0},{"not_picked":["Redo","Scrape+1"],"picked":"Ball Lightning","floor":41.0},{"not_picked":["Gash","Streamline+1","Amplify"],"picked":"SKIP","floor":44.0},{"not_picked":["Streamline+1","Steam+1"],"picked":"Tempest","floor":45.0},{"not_picked":["Violence","Panache"],"picked":"Swift Strike","floor":46.0},{"not_picked":["Sweeping Beam+1","Streamline+1","Gash+1"],"picked":"SKIP","floor":47.0}],"player_experience":231969,"relics_obtained":[{"floor":7.0,"key":"Shuriken"},{"floor":9.0,"key":"Art of War"},{"floor":12.0,"key":"Blood Vial"},{"floor":23.0,"key":"Bronze Scales"},{"floor":26.0,"key":"Whetstone"},{"floor":43.0,"key":"The Courier"}],"event_choices":[{"damage_healed":0.0,"max_hp_gain":0.0,"max_hp_loss":0.0,"gold_gain":0.0,"event_name":"Scrap Ooze","player_choice":"Success","floor":5.0,"gold_loss":0.0,"damage_taken":7.0,"relics_obtained":["Regal Pillow"]},{"damage_healed":0.0,"max_hp_gain":0.0,"max_hp_loss":0.0,"gold_gain":0.0,"event_name":"World of Goop","player_choice":"Left Gold","floor":13.0,"gold_loss":41.0,"damage_taken":0.0},{"damage_healed":0.0,"max_hp_gain":0.0,"max_hp_loss":0.0,"gold_gain":0.0,"event_name":"Accursed Blacksmith","player_choice":"Forge","floor":19.0,"gold_loss":0.0,"damage_taken":0.0,"cards_upgraded":["Hologram"]},{"damage_healed":0.0,"max_hp_gain":0.0,"max_hp_loss":0.0,"gold_gain":0.0,"event_name":"Lab","player_choice":"Got Potions","floor":22.0,"gold_loss":0.0,"damage_taken":0.0},{"damage_healed":0.0,"max_hp_gain":0.0,"max_hp_loss":0.0,"gold_gain":99.0,"event_name":"Nest","player_choice":"Stole From Cult","floor":29.0,"gold_loss":0.0,"damage_taken":0.0},{"damage_healed":0.0,"max_hp_gain":0.0,"max_hp_loss":0.0,"gold_gain":100.0,"event_name":"Golden Shrine","player_choice":"Pray","floor":30.0,"gold_loss":0.0,"damage_taken":0.0},{"damage_healed":0.0,"max_hp_gain":0.0,"max_hp_loss":0.0,"gold_gain":0.0,"cards_transformed":["Recycle"],"event_name":"Transmorgrifier","player_choice":"Transformed","floor":38.0,"gold_loss":0.0,"damage_taken":0.0,"cards_obtained":["White Noise"]},{"damage_healed":0.0,"max_hp_gain":0.0,"max_hp_loss":0.0,"gold_gain":0.0,"event_name":"SensoryStone","player_choice":"Memory 1","floor":46.0,"gold_loss":0.0,"damage_taken":0.0}],"is_beta":false,"boss_relics":[{"not_picked":["Fusion Hammer","Runic Dome"],"picked":"Astrolabe"},{"not_picked":["Cursed Key","Calling Bell","Snecko Eye"]}],"items_purged_floors":[],"is_endless":false,"potions_floor_spawned":[1,4,7,20,23,25,33,35,41,44],"killed_by":"Reptomancer","ascension_level":0}