{"gold_per_floor":[110,110,110,125,11,40,52,74,86,98,121,133,42,58,58,129,129,142,8,28,28,45,45,65,85,132,27,27,27,77,105,105,182,182,193,206,206,224,224,224,253,253,276,46,73,85,10,37,37,37,37,37,37,37,68,68],"floor_reached":56,"playtime":1732,"items_purged":["Defend_B"],"score":2131,"play_id":"f15cb805-deb6-4fad-b5cf-8c5af41534e6","local_time":"20190918184510","is_ascension_mode":true,"campfire_choices":[{"data":"Defragment","floor":7.0,"key":"SMITH"},{"data":"Zap","floor":10.0,"key":"SMITH"},{"data":"Double Energy","floor":12.0,"key":"SMITH"},{"data":"Coolheaded","floor":15.0,"key":"SMITH"},{"data":"Heatsinks","floor":23.0,"key":"SMITH"},{"data":"Amplify","floor":29.0,"key":"SMITH"},{"data":"Aggregate","floor":32.0,"key":"SMITH"},{"data":"Impatience","floor":40,"key":"SMITH"},{"data":"Defragment","floor":42,"key":"SMITH"},{"floor":49,"key":"RECALL"},{"data":"Heatsinks","floor":53,"key":"SMITH"}],"neow_cost":"NONE","seed_source_timestamp":693658184287269,"circlet_count":0,"master_deck":["AscendersBane","Defend_B","Zap+1","Dualcast+1","Cold Snap","Defragment+1","Lockon","Cold Snap","Hologram","Hologram","Double Energy+1","Heatsinks+1","Coolheaded+1","Biased Cognition","Amplify+1","Redo+1","All For One+1","Fission+1","Heatsinks+1","BootSequence","Storm+1","Aggregate+1","Stack","Defragment+1","Compile Driver","Impatience+1","White Noise","Beam Cell","Meteor Strike","Electrodynamics","Static Discharge+1","Self Repair+1","Self Repair","Skim","Heatsinks+1","Buffer","Hologram","Turbo"],"special_seed":0,"relics":["Cracked Core","NeowsBlessing","MawBank","Astrolabe","Toy Ornithopter","Symbiotic Virus","Coffee Dripper","Dream Catcher","Orichalcum","Bottled Flame","Bronze Scales","Boot"],"potions_floor_usage":[45,50,50,50,56,56],"damage_taken":[{"damage":0.0,"enemies":"2 Louse","floor":1.0,"turns":1.0},{"damage":0.0,"enemies":"Jaw Worm","floor":4.0,"turns":1.0},{"damage":0.0,"enemies":"Lagavulin","floor":6.0,"turns":1.0},{"damage":0.0,"enemies":"Cultist","floor":8.0,"turns":3.0},{"damage":3.0,"enemies":"Gremlin Gang","floor":11.0,"turns":4.0},{"damage":11.0,"enemies":"Blue Slaver","floor":14.0,"turns":3.0},{"damage":14.0,"enemies":"Hexaghost","floor":16.0,"turns":8.0},{"damage":13.0,"enemies":"Shell Parasite","floor":18.0,"turns":2.0},{"damage":0.0,"enemies":"Spheric Guardian","floor":20.0,"turns":2.0},{"damage":21.0,"enemies":"Shelled Parasite and Fungi","floor":22.0,"turns":4.0},{"damage":0.0,"enemies":"3 Cultists","floor":24.0,"turns":4.0},{"damage":0.0,"enemies":"Snecko","floor":25.0,"turns":2.0},{"damage":3.0,"enemies":"Gremlin Leader","floor":31.0,"turns":3.0},{"damage":0.0,"enemies":"Collector","floor":33.0,"turns":8.0},{"damage":13.0,"enemies":"3 Darklings","floor":35.0,"turns":3.0},{"damage":23.0,"enemies":"3 Shapes","floor":36.0,"turns":3.0},{"damage":17,"enemies":"Jaw Worm Horde","floor":38,"turns":2},{"damage":0,"enemies":"Nemesis","floor":41,"turns":3},{"damage":11,"enemies":"Giant Head","floor":45,"turns":6},{"damage":0,"enemies":"3 Darklings","floor":46,"turns":2},{"damage":4,"enemies":"Nemesis","floor":48,"turns":3},{"damage":40,"enemies":"Awakened One","floor":50,"turns":7},{"damage":47,"enemies":"Time Eater","floor":51,"turns":6},{"damage":31,"enemies":"Shield and Spear","floor":55,"turns":3},{"damage":84,"enemies":"The Heart","floor":56,"turns":3}],"seed_played":"6430951665760997864","potions_obtained":[{"floor":6.0,"key":"SteroidPotion"},{"floor":8.0,"key":"SkillPotion"},{"floor":11.0,"key":"Energy Potion"},{"floor":45,"key":"Dexterity Potion"},{"floor":46,"key":"Ancient Potion"},{"floor":48,"key":"EntropicBrew"},{"floor":55,"key":"Regen Potion"}],"is_trial":false,"path_per_floor":["M","?","?","M","$","E","R","M","T","R","M","R","$","M","R","B",null,"M","$","M","?","M","R","M","M","T","$","?","R","?","E","R","B",null,"M","M","?","M","?","R","E","R","T","$","E","M","$","E","R","B","B",null,"R","$","E","B"],"character_chosen":"DEFECT","items_purchased":["Lockon","Cold Snap","Heatsinks","Coolheaded","BootSequence","PowerPotion","Impatience","Skim","Heatsinks","Energy Potion","Fire Potion"],"campfire_rested":0,"item_purchase_floors":[5,5,13,13,19,19,27,44,44,44,44],"current_hp_per_floor":[64,43,43,43,43,43,43,43,43,43,40,40,40,29,29,15,57,44,44,44,44,23,23,23,23,23,23,23,23,23,20,20,25,60,47,24,24,17,17,17,44,44,44,44,48,58,58,71,71,71,44,64,64,64,67,0],"gold":68,"neow_bonus":"THREE_ENEMY_KILL","is_prod":false,"is_daily":false,"chose_seed":false,"campfire_upgraded":10,"win_rate":0,"timestamp":1568803510,"path_taken":["M","?","?","M","$","E","R","?","T","R","M","R","?","?","R","BOSS","M","$","M","?","M","R","M","?","T","$","?","R","?","E","R","BOSS","M","M","?","M","?","R","E","R","T","$","E","?","$","E","R","BOSS","BOSS","R","$","E","BOSS"],"build_version":"2019-09-17","purchased_purges":1,"victory":false,"max_hp_per_floor":[71,71,71,71,71,71,71,71,71,71,71,71,71,71,71,71,71,71,71,71,71,71,71,71,71,71,71,71,71,71,71,71,71,71,71,71,71,71,71,71,71,71,71,71,71,71,71,71,71,71,71,71,71,71,71,71],"card_choices":[{"not_picked":["Coolheaded","Scrape"],"picked":"Cold Snap","floor":1.0},{"not_picked":["Doom and Gloom","Compile Driver"],"picked":"Defragment","floor":4.0},{"not_picked":["White Noise","Creative AI"],"picked":"Hologram","floor":6.0},{"not_picked":["Steam","Beam Cell"],"picked":"Hologram","floor":8.0},{"not_picked":["Sweeping Beam","Consume"],"picked":"Double Energy","floor":11.0},{"not_picked":["Beam Cell","Leap"],"picked":"Biased Cognition","floor":14.0},{"not_picked":["Rainbow","All For One"],"picked":"Amplify","floor":16.0},{"not_picked":["Compile Driver","Go for the Eyes"],"picked":"Heatsinks","floor":18.0},{"not_picked":["Hologram","Redo"],"picked":"Storm+1","floor":20.0},{"not_picked":["Rebound","Cold Snap"],"picked":"Stack","floor":22.0},{"not_picked":["Hologram","Beam Cell"],"picked":"Defragment","floor":24.0},{"not_picked":["BootSequence","Ball Lightning"],"picked":"Compile Driver","floor":25.0},{"not_picked":["Steam","Steam Power"],"picked":"Meteor Strike","floor":31.0},{"not_picked":["Rainbow","Buffer"],"picked":"Electrodynamics","floor":33.0},{"not_picked":["Steam","Coolheaded"],"picked":"Static Discharge+1","floor":35.0},{"not_picked":["Force Field","Ball Lightning+1"],"picked":"Self Repair+1","floor":36.0},{"not_picked":["Doom and Gloom+1","Hologram"],"picked":"Self Repair","floor":38},{"not_picked":["Steam Power","Barrage","Self Repair"],"picked":"SKIP","floor":41},{"not_picked":["Gash","Rebound"],"picked":"Buffer","floor":45},{"not_picked":["Streamline","Barrage"],"picked":"Hologram","floor":46},{"not_picked":["Compile Driver","Cold Snap","Scrape"],"picked":"SKIP","floor":48},{"not_picked":["Sweeping Beam","Melter"],"picked":"Turbo","floor":55}],"player_experience":837697,"relics_obtained":[{"floor":6.0,"key":"MawBank"},{"floor":26.0,"key":"Toy Ornithopter"},{"floor":31.0,"key":"Symbiotic Virus"},{"floor":41,"key":"Dream Catcher"},{"floor":43,"key":"Orichalcum"},{"floor":45,"key":"Bottled Flame"},{"floor":48,"key":"Bronze Scales"},{"floor":55,"key":"Boot"}],"event_choices":[{"damage_healed":0.0,"max_hp_gain":0.0,"max_hp_loss":0.0,"gold_gain":0.0,"event_name":"Shining Light","player_choice":"Entered Light","floor":2.0,"gold_loss":0.0,"damage_taken":21.0,"cards_upgraded":["Strike_B","Dualcast"]},{"damage_healed":0.0,"max_hp_gain":0.0,"max_hp_loss":0.0,"gold_gain":0.0,"event_name":"Liars Game","player_choice":"Ignored","floor":3.0,"gold_loss":0.0,"damage_taken":0.0},{"damage_healed":0.0,"max_hp_gain":0.0,"max_hp_loss":0.0,"gold_gain":0.0,"cards_transformed":["Defend_B"],"event_name":"Transmorgrifier","player_choice":"Transformed","floor":21.0,"gold_loss":0.0,"damage_taken":0.0,"cards_obtained":["Aggregate"]},{"damage_healed":0.0,"max_hp_gain":0.0,"max_hp_loss":0.0,"gold_gain":0.0,"cards_transformed":["Strike_B","Defend_B"],"event_name":"Drug Dealer","player_choice":"Became Test Subject","floor":28.0,"gold_loss":0.0,"damage_taken":0.0,"cards_obtained":["White Noise","Beam Cell"]},{"damage_healed":0.0,"max_hp_gain":0.0,"max_hp_loss":0.0,"gold_gain":50.0,"event_name":"Nest","player_choice":"Stole From Cult","floor":30.0,"gold_loss":0.0,"damage_taken":0.0},{"damage_healed":0.0,"max_hp_gain":0.0,"max_hp_loss":0.0,"gold_gain":0.0,"event_name":"Tomb of Lord Red Mask","player_choice":"Ignored","floor":37.0,"gold_loss":0.0,"damage_taken":0.0},{"damage_healed":0,"gold_gain":0,"player_choice":"Upgraded","damage_taken":0,"max_hp_gain":0,"max_hp_loss":0,"event_name":"Upgrade Shrine","floor":39,"gold_loss":0,"cards_upgraded":["Heatsinks"]}],"is_beta":true,"boss_relics":[{"not_picked":["Ectoplasm","Runic Pyramid"],"picked":"Astrolabe"},{"not_picked":["Pandora\u0027s Box","SlaversCollar"],"picked":"Coffee Dripper"}],"items_purged_floors":[47],"is_endless":false,"potions_floor_spawned":[6,8,11,20,24,45,46,48,55],"killed_by":"The Heart","ascension_level":20}