{"gold_per_floor":[113,113,24,24,44,44,64,84,108,108,33,33,46,61,61,132,132,149,74,74,86,99,134,144,171,171,221,247,264,278,304,304,382,382,398,410,14,32,43,78,78,89,89,121,140,140,190,207,207,207,207,207,207,3,34,34],"floor_reached":57,"playtime":2371,"items_purged":["Strike_G+1","Predator","Defend_G"],"score":3026,"play_id":"f53d40f9-01e3-49f8-8d0e-fe322f9d58f7","local_time":"20190826225034","is_ascension_mode":true,"campfire_choices":[{"data":"Acrobatics","floor":10.0,"key":"SMITH"},{"data":"Well Laid Plans","floor":15.0,"key":"SMITH"},{"data":"Prepared","floor":32.0,"key":"SMITH"},{"floor":49.0,"key":"RECALL"},{"data":"Escape Plan","floor":53.0,"key":"SMITH"}],"neow_cost":"NONE","seed_source_timestamp":0,"circlet_count":0,"master_deck":["AscendersBane","Defend_G","Defend_G","Defend_G","Defend_G+1","Survivor","Neutralize","Well Laid Plans+1","Acrobatics+1","Grand Finale","Acrobatics","Prepared+1","Escape Plan+1","Outmaneuver+1"],"special_seed":0,"relics":["Ring of the Snake","Boot","Omamori","Empty Cage","Anchor","Bag of Marbles","Shuriken","The Courier","Potion Belt","Coffee Dripper","Medical Kit","Bag of Preparation","Ornamental Fan","Torii","Oddly Smooth Stone"],"potions_floor_usage":[56,56,56,56],"damage_taken":[{"damage":3.0,"enemies":"Small Slimes","floor":1.0,"turns":5.0},{"damage":0.0,"enemies":"2 Louse","floor":5.0,"turns":2.0},{"damage":0.0,"enemies":"Cultist","floor":7.0,"turns":5.0},{"damage":12.0,"enemies":"Gremlin Gang","floor":8.0,"turns":6.0},{"damage":18.0,"enemies":"Lots of Slimes","floor":13.0,"turns":6.0},{"damage":0.0,"enemies":"Red Slaver","floor":14.0,"turns":3.0},{"damage":17.0,"enemies":"Slime Boss","floor":16.0,"turns":8.0},{"damage":0.0,"enemies":"2 Thieves","floor":18.0,"turns":1.0},{"damage":4.0,"enemies":"3 Byrds","floor":21.0,"turns":2.0},{"damage":3.0,"enemies":"Centurion and Healer","floor":22.0,"turns":4.0},{"damage":14.0,"enemies":"Slavers","floor":23.0,"turns":3.0},{"damage":0.0,"enemies":"Snecko","floor":24.0,"turns":2.0},{"damage":8.0,"enemies":"Gremlin Leader","floor":25.0,"turns":4.0},{"damage":0.0,"enemies":"Book of Stabbing","floor":28.0,"turns":3.0},{"damage":0.0,"enemies":"Sentry and Sphere","floor":29.0,"turns":3.0},{"damage":2.0,"enemies":"Snake Plant","floor":30.0,"turns":3.0},{"damage":0.0,"enemies":"Gremlin Leader","floor":31.0,"turns":4.0},{"damage":0.0,"enemies":"Automaton","floor":33.0,"turns":5.0},{"damage":0.0,"enemies":"3 Darklings","floor":35.0,"turns":1.0},{"damage":0.0,"enemies":"3 Shapes","floor":36.0,"turns":3.0},{"damage":0.0,"enemies":"Transient","floor":38.0,"turns":6.0},{"damage":0.0,"enemies":"Jaw Worm Horde","floor":39.0,"turns":1.0},{"damage":3.0,"enemies":"Giant Head","floor":40.0,"turns":3.0},{"damage":0.0,"enemies":"4 Shapes","floor":42.0,"turns":2.0},{"damage":0.0,"enemies":"Reptomancer","floor":44.0,"turns":2.0},{"damage":0.0,"enemies":"Writhing Mass","floor":45.0,"turns":4.0},{"damage":0.0,"enemies":"Spire Growth","floor":48.0,"turns":2.0},{"damage":7.0,"enemies":"Time Eater","floor":50.0,"turns":5.0},{"damage":13.0,"enemies":"Awakened One","floor":51.0,"turns":6.0},{"damage":1,"enemies":"Shield and Spear","floor":55,"turns":2},{"damage":60,"enemies":"The Heart","floor":56,"turns":6}],"seed_played":"7285074543521738500","potions_obtained":[{"floor":5.0,"key":"Poison Potion"},{"floor":8.0,"key":"EssenceOfSteel"},{"floor":16.0,"key":"SteroidPotion"},{"floor":21.0,"key":"Dexterity Potion"},{"floor":29.0,"key":"Fire Potion"},{"floor":30.0,"key":"GhostInAJar"},{"floor":31.0,"key":"Dexterity Potion"},{"floor":35.0,"key":"Dexterity Potion"},{"floor":40.0,"key":"Explosive Potion"},{"floor":44.0,"key":"Explosive Potion"},{"floor":48.0,"key":"GhostInAJar"},{"floor":55,"key":"Swift Potion"}],"is_trial":false,"path_per_floor":["M","?","$","?","M","?","M","M","T","R","?","$","M","M","R","B",null,"M","$","?","M","M","E","M","E","T","?","E","M","M","E","R","B",null,"M","M","$","M","M","E","$","M","T","E","M","?","?","M","R","B","B",null,"R","$","E","B",null],"character_chosen":"THE_SILENT","items_purchased":["Well Laid Plans","Medical Kit","Bag of Preparation","Ancient Potion","Dexterity Potion"],"campfire_rested":0,"item_purchase_floors":[3,37,37,54,54],"current_hp_per_floor":[56,36,36,29,29,51,51,39,39,39,39,39,21,21,21,4,51,51,51,33,29,26,12,12,4,4,4,4,4,2,2,2,2,54,54,54,54,54,54,51,51,51,51,51,51,65,58,58,58,51,38,63,63,63,62,2],"gold":34,"neow_bonus":"RANDOM_COMMON_RELIC","is_prod":false,"is_daily":false,"chose_seed":false,"campfire_upgraded":4,"win_rate":0,"timestamp":1566827434,"path_taken":["M","?","$","?","M","?","M","M","T","R","?","$","M","M","R","BOSS","M","$","?","M","M","E","M","E","T","?","E","M","?","E","R","BOSS","M","M","$","M","?","E","?","M","T","E","?","?","?","M","R","BOSS","BOSS","R","$","E","BOSS"],"build_version":"2019-07-17","purchased_purges":3,"victory":true,"max_hp_per_floor":[66,66,66,66,66,66,66,66,66,66,66,66,66,66,66,66,66,66,66,71,71,71,71,71,71,71,71,71,71,71,71,71,71,71,71,71,71,71,71,71,71,71,71,71,71,71,71,71,71,71,71,71,71,71,71,71],"card_choices":[{"not_picked":["Quick Slash","Sucker Punch","All Out Attack"],"picked":"SKIP","floor":1.0},{"not_picked":["Dagger Spray","Leg Sweep","Blade Dance"],"picked":"SKIP","floor":5.0},{"not_picked":["Deflect","Quick Slash"],"picked":"Predator","floor":7.0},{"not_picked":["Poisoned Stab","Deflect"],"picked":"Acrobatics","floor":8.0},{"not_picked":["Poisoned Stab","Bouncing Flask"],"picked":"Grand Finale","floor":13.0},{"not_picked":["Eviscerate","Dodge and Roll"],"picked":"Acrobatics","floor":14.0},{"not_picked":["Dash","Underhanded Strike","Cloak And Dagger+1"],"picked":"SKIP","floor":18.0},{"not_picked":["Infinite Blades","Distraction"],"picked":"Prepared","floor":21.0},{"not_picked":["Quick Slash","Bane"],"picked":"Escape Plan","floor":22.0},{"not_picked":["Sucker Punch","Cloak And Dagger","Accuracy"],"picked":"SKIP","floor":23.0},{"not_picked":["Deflect","Sucker Punch","Poisoned Stab"],"picked":"SKIP","floor":24.0},{"not_picked":["Well Laid Plans","Blur","All Out Attack"],"picked":"SKIP","floor":25.0},{"not_picked":["Outmaneuver","Heel Hook","Dagger Throw"],"picked":"SKIP","floor":28.0},{"not_picked":["Dagger Spray","Bane","Prepared"],"picked":"SKIP","floor":29.0},{"not_picked":["Dagger Spray","Bane","Prepared"],"picked":"SKIP","floor":29.0},{"not_picked":["Dagger Throw","Doppelganger","Underhanded Strike"],"picked":"SKIP","floor":30.0},{"not_picked":["Acrobatics","Prepared","Masterful Stab+1"],"picked":"SKIP","floor":31.0},{"not_picked":["Masterful Stab","Well Laid Plans+1","Heel Hook"],"picked":"SKIP","floor":35.0},{"not_picked":["PiercingWail","Predator","Flying Knee"],"picked":"SKIP","floor":36.0},{"not_picked":["Endless Agony","Bane+1","Deadly Poison+1"],"picked":"SKIP","floor":38.0},{"not_picked":["Flechettes","Acrobatics","Infinite Blades"],"picked":"SKIP","floor":39.0},{"not_picked":["Blur","Predator+1","Burst"],"picked":"SKIP","floor":40.0},{"not_picked":["Deadly Poison+1","Backflip+1"],"picked":"Outmaneuver+1","floor":42.0},{"not_picked":["Dagger Spray+1","Flechettes","Unload"],"picked":"SKIP","floor":44.0},{"not_picked":["Dodge and Roll","Noxious Fumes","PiercingWail"],"picked":"SKIP","floor":45.0},{"not_picked":["Prepared","Choke","Dagger Spray"],"picked":"SKIP","floor":48.0},{"not_picked":["Backstab","Sucker Punch","Acrobatics"],"picked":"SKIP","floor":55}],"player_experience":988813,"relics_obtained":[{"floor":9.0,"key":"Omamori"},{"floor":23.0,"key":"Anchor"},{"floor":25.0,"key":"Bag of Marbles"},{"floor":26.0,"key":"Shuriken"},{"floor":28.0,"key":"The Courier"},{"floor":31.0,"key":"Potion Belt"},{"floor":40.0,"key":"Ornamental Fan"},{"floor":44.0,"key":"Torii"},{"floor":55,"key":"Oddly Smooth Stone"}],"event_choices":[{"damage_healed":0.0,"max_hp_gain":0.0,"max_hp_loss":0.0,"gold_gain":0.0,"event_name":"Shining Light","player_choice":"Entered Light","floor":2.0,"gold_loss":0.0,"damage_taken":20.0,"cards_upgraded":["Strike_G","Defend_G"]},{"cards_removed":["Strike_G"],"damage_healed":0.0,"max_hp_gain":0.0,"max_hp_loss":0.0,"gold_gain":0.0,"event_name":"Golden Wing","player_choice":"Card Removal","floor":4.0,"gold_loss":0.0,"damage_taken":7.0},{"damage_healed":22.0,"max_hp_gain":0.0,"max_hp_loss":0.0,"gold_gain":0.0,"event_name":"Big Fish","player_choice":"Banana","floor":6.0,"gold_loss":0.0,"damage_taken":0.0},{"cards_removed":["Strike_G"],"damage_healed":0.0,"max_hp_gain":0.0,"max_hp_loss":0.0,"gold_gain":0.0,"event_name":"The Cleric","player_choice":"Card Removal","floor":11.0,"gold_loss":75.0,"damage_taken":0.0},{"damage_healed":0.0,"max_hp_gain":5.0,"max_hp_loss":0.0,"gold_gain":0.0,"event_name":"Forgotten Altar","player_choice":"Shed Blood","floor":20.0,"gold_loss":0.0,"damage_taken":23.0},{"damage_healed":0.0,"max_hp_gain":0.0,"max_hp_loss":0.0,"gold_gain":50.0,"event_name":"Golden Shrine","player_choice":"Pray","floor":27.0,"gold_loss":0.0,"damage_taken":0.0},{"damage_healed":14.0,"max_hp_gain":0.0,"max_hp_loss":0.0,"gold_gain":0.0,"event_name":"Winding Halls","player_choice":"Writhe","floor":46.0,"gold_loss":0.0,"damage_taken":0.0,"cards_obtained":["Writhe"]},{"damage_healed":0.0,"max_hp_gain":0.0,"max_hp_loss":0.0,"gold_gain":50.0,"event_name":"FaceTrader","player_choice":"Touch","floor":47.0,"gold_loss":0.0,"damage_taken":7.0}],"is_beta":false,"boss_relics":[{"not_picked":["Snecko Eye","Black Star"],"picked":"Empty Cage"},{"not_picked":["Eternal Feather","Astrolabe"],"picked":"Coffee Dripper"}],"items_purged_floors":[19,37,54],"is_endless":false,"potions_floor_spawned":[5,8,16,21,29,30,31,35,40,44,48,55],"ascension_level":20}