{"gold_per_floor":[114,134,150,169,179,209,209,11,35,35,35,47,66,98,98,197,197,208,208,36,36,46,72,72,84,107,107,107,11,11,11,11,116,166,176,196,215,227,227,227,227],"floor_reached":41,"playtime":2942,"items_purged":[],"score":473,"play_id":"b352a6a9-20e8-4a1f-a83b-17128c2f9510","local_time":"20190828150521","is_ascension_mode":false,"campfire_choices":[{"floor":7,"key":"REST"},{"data":"Iron Wave","floor":11,"key":"SMITH"},{"data":"Immolate","floor":15,"key":"SMITH"},{"floor":24,"key":"REST"},{"floor":30,"key":"REST"},{"data":"Apotheosis","floor":32,"key":"SMITH"},{"floor":40,"key":"REST"}],"neow_cost":"NONE","seed_source_timestamp":343098161043278,"circlet_count":0,"master_deck":["Strike_R","Strike_R","Strike_R","Strike_R","Strike_R","Defend_R","Defend_R","Defend_R","Bash","Shrug It Off+1","Iron Wave+1","Ghostly Armor","Cleave","Cleave","Perfected Strike+1","Perfected Strike","Immolate+1","Thunderclap+1","Apotheosis+1","Impervious","Anger","Thunderclap","Shrug It Off","Perfected Strike","Reaper","Infernal Blade+1","Armaments","Anger","Anger+1","Shrug It Off"],"relics":["Burning Blood","Smiling Mask","Lee\u0027s Waffle","Art of War","War Paint","Red Skull","Omamori","Tiny House"],"potions_floor_usage":[6,16,23,33,35,41],"damage_taken":[{"damage":4,"enemies":"2 Louse","floor":1,"turns":4},{"damage":2,"enemies":"Jaw Worm","floor":2,"turns":4},{"damage":1,"enemies":"Cultist","floor":3,"turns":3},{"damage":16,"enemies":"Large Slime","floor":4,"turns":11},{"damage":0,"enemies":"Blue Slaver","floor":5,"turns":6},{"damage":77,"enemies":"Lagavulin","floor":6,"turns":15},{"damage":5,"enemies":"Looter","floor":12,"turns":3},{"damage":0,"enemies":"Exordium Wildlife","floor":13,"turns":2},{"damage":10,"enemies":"3 Sentries","floor":14,"turns":6},{"damage":16,"enemies":"Slime Boss","floor":16,"turns":9},{"damage":0,"enemies":"Chosen","floor":18,"turns":4},{"damage":25,"enemies":"3 Byrds","floor":22,"turns":5},{"damage":46,"enemies":"Slavers","floor":23,"turns":5},{"damage":16,"enemies":"Cultist and Chosen","floor":25,"turns":5},{"damage":74,"enemies":"Collector","floor":33,"turns":13},{"damage":29,"enemies":"3 Shapes","floor":35,"turns":3},{"damage":13,"enemies":"Orb Walker","floor":36,"turns":3},{"damage":20,"enemies":"3 Darklings","floor":37,"turns":7},{"damage":88,"enemies":"4 Shapes","floor":38,"turns":6},{"damage":63,"enemies":"Maw","floor":41,"turns":8}],"seed_played":"-3934685459386705829","potions_obtained":[{"floor":3,"key":"Regen Potion"},{"floor":12,"key":"GamblersBrew"},{"floor":14,"key":"Fire Potion"},{"floor":23,"key":"Fruit Juice"},{"floor":25,"key":"Poison Potion"},{"floor":34,"key":"Fruit Juice"},{"floor":38,"key":"SpeedPotion"}],"is_trial":false,"path_per_floor":["M","M","M","M","M","E","R","$","T","?","R","M","M","E","R","B",null,"M","?","$","?","M","E","R","M","T","$","?","$","R","$","R","B",null,"M","M","M","M","?","R","M"],"character_chosen":"IRONCLAD","items_purchased":["Lee\u0027s Waffle","Apotheosis","Shrug It Off","Perfected Strike"],"campfire_rested":4,"item_purchase_floors":[8,20,29,29],"current_hp_per_floor":[88,88,88,78,84,28,54,95,95,95,95,95,95,91,91,81,95,95,95,95,95,76,41,71,61,61,61,61,61,91,91,91,23,105,87,80,76,10,10,43,0],"gold":227,"neow_bonus":"TEN_PERCENT_HP_BONUS","is_prod":false,"is_daily":false,"chose_seed":false,"campfire_upgraded":3,"win_rate":0.0,"timestamp":1567029921,"path_taken":["M","M","M","M","M","E","R","$","T","?","R","M","M","E","R","BOSS","M","?","$","?","M","E","R","M","T","$","?","$","R","?","R","BOSS","M","M","M","M","?","R","M"],"build_version":"2019-07-17","purchased_purges":0,"victory":false,"max_hp_per_floor":[88,88,88,88,88,88,88,95,95,95,95,95,95,95,95,95,95,95,95,95,95,95,100,100,100,100,100,100,100,100,100,100,100,105,110,110,110,110,110,110,110],"card_choices":[{"not_picked":["Perfected Strike","Carnage"],"picked":"Shrug It Off","floor":1},{"not_picked":["Shrug It Off","Bludgeon"],"picked":"Iron Wave","floor":2},{"not_picked":["Thunderclap","Blood for Blood"],"picked":"Ghostly Armor","floor":3},{"not_picked":["Fire Breathing","Clash"],"picked":"Cleave","floor":4},{"not_picked":["Rupture","Evolve"],"picked":"Cleave","floor":5},{"not_picked":["Entrench","Infernal Blade"],"picked":"Perfected Strike","floor":6},{"not_picked":["Bloodletting","Body Slam"],"picked":"Perfected Strike","floor":12},{"not_picked":["Warcry","Clothesline","True Grit"],"picked":"SKIP","floor":13},{"not_picked":["Havoc","Fire Breathing"],"picked":"Immolate","floor":14},{"not_picked":["Cleave","Warcry"],"picked":"Thunderclap+1","floor":18},{"not_picked":["Rampage","Perfected Strike"],"picked":"Impervious","floor":22},{"not_picked":["Wild Strike","Clothesline"],"picked":"Anger","floor":23},{"not_picked":["Havoc","Seeing Red"],"picked":"Thunderclap","floor":25},{"not_picked":["Double Tap","Juggernaut"],"picked":"Reaper","floor":33},{"not_picked":["Seeing Red","Fire Breathing"],"picked":"Infernal Blade+1","floor":34},{"not_picked":["Clash+1","Sword Boomerang"],"picked":"Armaments","floor":35},{"not_picked":["Clash","Feel No Pain+1"],"picked":"Anger","floor":36},{"not_picked":["Shrug It Off","Iron Wave+1"],"picked":"Anger+1","floor":37},{"not_picked":["Feel No Pain+1","Sword Boomerang"],"picked":"Shrug It Off","floor":38}],"player_experience":449920,"relics_obtained":[{"floor":6,"key":"Smiling Mask"},{"floor":9,"key":"Art of War"},{"floor":14,"key":"War Paint"},{"floor":23,"key":"Red Skull"},{"floor":26,"key":"Omamori"}],"event_choices":[{"damage_healed":0,"gold_gain":0,"player_choice":"Ignored","damage_taken":0,"max_hp_gain":0,"max_hp_loss":0,"event_name":"Liars Game","floor":10,"gold_loss":0},{"damage_healed":0,"gold_gain":0,"player_choice":"Ignored","damage_taken":0,"max_hp_gain":0,"max_hp_loss":0,"event_name":"Beggar","floor":19,"gold_loss":0},{"damage_healed":0,"gold_gain":0,"player_choice":"Ignored","damage_taken":0,"max_hp_gain":0,"max_hp_loss":0,"event_name":"Ghosts","floor":28,"gold_loss":0},{"cards_removed":["Defend_R"],"damage_healed":0,"gold_gain":0,"player_choice":"Removed Skill","damage_taken":0,"max_hp_gain":0,"max_hp_loss":0,"event_name":"Falling","floor":39,"gold_loss":0}],"is_beta":false,"boss_relics":[{"not_picked":["Fusion Hammer","Coffee Dripper","Snecko Eye"]},{"not_picked":["Astrolabe","Sozu"],"picked":"Tiny House"}],"items_purged_floors":[],"is_endless":false,"potions_floor_spawned":[3,12,14,23,25,38],"killed_by":"Maw","ascension_level":0}