{"gold_per_floor":[119,133,143,68,86,86,86,5,5,5,24,24,52,71,71,150,150,167,167,3,3,16,42,42,69,69,101,119,130,30,49,49,120,120,136,149,162,162,173,173,203,218,218,93,121,121,121,134,134,134,134,134,134,79,105,105],"floor_reached":57,"playtime":2432,"items_purged":["Strike_G","Strike_G+1","Defend_G"],"score":3198,"play_id":"08843d2d-1ced-43a6-a05a-5f120e1a4028","local_time":"20190813024857","is_ascension_mode":true,"campfire_choices":[{"data":"Deadly Poison","floor":6.0,"key":"SMITH"},{"floor":12.0,"key":"REST"},{"data":"Deadly Poison","floor":15.0,"key":"SMITH"},{"data":"Calculated Gamble","floor":24.0,"key":"SMITH"},{"data":"Tactician","floor":32.0,"key":"SMITH"},{"data":"Purity","floor":40.0,"key":"SMITH"},{"floor":49.0,"key":"RECALL"},{"data":"Acrobatics","floor":53.0,"key":"SMITH"}],"neow_cost":"TEN_PERCENT_HP_LOSS","seed_source_timestamp":568319765444954,"circlet_count":0,"master_deck":["AscendersBane","Defend_G","Defend_G+1","Defend_G","Defend_G","Survivor","Neutralize","Deadly Poison+1","Caltrops","Deadly Poison+1","Tactician+1","Backflip","Grand Finale","Expertise","Purity+1","Acrobatics+1","Calculated Gamble+1","Well Laid Plans","Acrobatics","Well Laid Plans+1","Reflex","Prepared+1","Impatience"],"special_seed":0,"relics":["Ring of the Snake","Mango","Ninja Scroll","Prayer Wheel","Lizard Tail","Vajra","Molten Egg 2","Bottled Lightning","Frozen Egg 2","Black Star","StoneCalendar","Strawberry","Shuriken","Letter Opener","FossilizedHelix","Mercury Hourglass"],"potions_floor_usage":[56,56],"damage_taken":[{"damage":0.0,"enemies":"2 Louse","floor":1.0,"turns":3.0},{"damage":6.0,"enemies":"Small Slimes","floor":2.0,"turns":5.0},{"damage":11.0,"enemies":"Jaw Worm","floor":3.0,"turns":5.0},{"damage":13.0,"enemies":"3 Louse","floor":5.0,"turns":5.0},{"damage":1.0,"enemies":"Exordium Thugs","floor":11.0,"turns":5.0},{"damage":5.0,"enemies":"Lagavulin","floor":13.0,"turns":6.0},{"damage":10.0,"enemies":"Gremlin Gang","floor":14.0,"turns":7.0},{"damage":3.0,"enemies":"Hexaghost","floor":16.0,"turns":9.0},{"damage":24.0,"enemies":"2 Thieves","floor":18.0,"turns":5.0},{"damage":1.0,"enemies":"Spheric Guardian","floor":22.0,"turns":3.0},{"damage":11.0,"enemies":"Gremlin Leader","floor":23.0,"turns":6.0},{"damage":0.0,"enemies":"Book of Stabbing","floor":25.0,"turns":1.0},{"damage":9.0,"enemies":"Gremlin Leader","floor":27.0,"turns":3.0},{"damage":8.0,"enemies":"Snake Plant","floor":28.0,"turns":3.0},{"damage":16.0,"enemies":"Centurion and Healer","floor":29.0,"turns":3.0},{"damage":14.0,"enemies":"Cultist and Chosen","floor":31.0,"turns":5.0},{"damage":0.0,"enemies":"Collector","floor":33.0,"turns":4.0},{"damage":8.0,"enemies":"Orb Walker","floor":35.0,"turns":4.0},{"damage":0.0,"enemies":"3 Darklings","floor":36.0,"turns":2.0},{"damage":0.0,"enemies":"Sphere and 2 Shapes","floor":37.0,"turns":1.0},{"damage":0.0,"enemies":"Transient","floor":39.0,"turns":6.0},{"damage":0.0,"enemies":"Giant Head","floor":41.0,"turns":3.0},{"damage":0.0,"enemies":"Jaw Worm Horde","floor":42.0,"turns":1.0},{"damage":0.0,"enemies":"Nemesis","floor":45.0,"turns":3.0},{"damage":0.0,"enemies":"Maw","floor":48.0,"turns":2.0},{"damage":0.0,"enemies":"Awakened One","floor":50.0,"turns":3.0},{"damage":6.0,"enemies":"Donu and Deca","floor":51.0,"turns":2.0},{"damage":0.0,"enemies":"Shield and Spear","floor":55.0,"turns":1.0},{"damage":66,"enemies":"The Heart","floor":56,"turns":7}],"seed_played":"7451462309350642808","potions_obtained":[{"floor":5.0,"key":"Energy Potion"},{"floor":11.0,"key":"Weak Potion"},{"floor":13.0,"key":"PowerPotion"},{"floor":14.0,"key":"FearPotion"},{"floor":23.0,"key":"EntropicBrew"},{"floor":25.0,"key":"Swift Potion"},{"floor":29.0,"key":"GamblersBrew"},{"floor":31.0,"key":"Block Potion"},{"floor":33.0,"key":"Strength Potion"},{"floor":35.0,"key":"Explosive Potion"},{"floor":48.0,"key":"Ancient Potion"}],"is_trial":false,"path_per_floor":["M","M","M","?","M","R","?","$","T","?","M","R","E","M","R","B",null,"M","?","$","?","M","E","R","E","T","E","M","M","$","M","R","B",null,"M","M","M","?","M","R","E","M","T","$","E","?","?","M","R","B","B",null,"R","$","E","B",null],"character_chosen":"THE_SILENT","items_purchased":["Tactician","Purity","Dexterity Potion"],"campfire_rested":1,"item_purchase_floors":[8,20,54],"current_hp_per_floor":[73,67,56,56,43,43,36,36,36,14,13,35,30,20,20,17,60,36,36,36,36,35,24,24,24,24,15,7,37,37,23,23,23,61,53,53,53,53,53,53,60,60,60,60,60,55,55,55,55,55,49,70,70,70,70,4],"gold":105,"neow_bonus":"ONE_RARE_RELIC","is_prod":false,"is_daily":false,"chose_seed":false,"campfire_upgraded":6,"win_rate":0,"timestamp":1565632137,"path_taken":["M","M","M","?","M","R","?","$","T","?","M","R","E","M","R","BOSS","M","?","$","?","?","E","R","E","T","E","M","M","$","M","R","BOSS","M","M","?","?","?","R","E","M","T","$","E","?","?","M","R","BOSS","BOSS","R","$","E","BOSS"],"build_version":"2019-07-17","purchased_purges":3,"victory":true,"max_hp_per_floor":[74,74,74,74,74,74,74,74,74,74,74,74,74,74,74,74,74,74,74,74,74,74,74,74,74,74,74,74,74,74,74,74,74,74,74,74,74,74,74,74,81,81,81,81,81,81,77,77,77,77,77,77,77,77,77,77],"card_choices":[{"not_picked":["Sucker Punch","Concentrate"],"picked":"Deadly Poison","floor":1.0},{"not_picked":["Dagger Spray","Backflip","Outmaneuver"],"picked":"SKIP","floor":2.0},{"not_picked":["Finisher","Sucker Punch"],"picked":"Caltrops","floor":3.0},{"not_picked":["Finisher","Prepared"],"picked":"Deadly Poison","floor":5.0},{"not_picked":["All Out Attack","Backstab","Deflect"],"picked":"SKIP","floor":11.0},{"not_picked":["Infinite Blades","Poisoned Stab"],"picked":"Backflip","floor":13.0},{"not_picked":["Sucker Punch","Slice","Backflip"],"picked":"SKIP","floor":14.0},{"not_picked":["Cloak And Dagger","Envenom","Accuracy"],"picked":"SKIP","floor":14.0},{"not_picked":["Wraith Form v2","Adrenaline"],"picked":"Grand Finale","floor":16.0},{"not_picked":["Flying Knee","Bouncing Flask"],"picked":"Expertise","floor":18.0},{"not_picked":["Poisoned Stab","Underhanded Strike","Masterful Stab"],"picked":"SKIP","floor":18.0},{"not_picked":["Dodge and Roll","Poisoned Stab","Bouncing Flask"],"picked":"SKIP","floor":22.0},{"not_picked":["Slice+1","Cloak And Dagger","Backflip"],"picked":"SKIP","floor":22.0},{"not_picked":["Bullet Time","Eviscerate","Deflect"],"picked":"SKIP","floor":23.0},{"not_picked":["Escape Plan","Caltrops"],"picked":"Well Laid Plans","floor":25.0},{"not_picked":["Prepared","Blade Dance+1"],"picked":"Acrobatics","floor":27.0},{"not_picked":["Masterful Stab+1","Acrobatics","Cloak And Dagger"],"picked":"SKIP","floor":28.0},{"not_picked":["Poisoned Stab+1","Dagger Throw+1","Blade Dance"],"picked":"SKIP","floor":28.0},{"not_picked":["Distraction","Finisher+1","Endless Agony+1"],"picked":"SKIP","floor":29.0},{"not_picked":["Leg Sweep","Deadly Poison+1","PiercingWail"],"picked":"SKIP","floor":29.0},{"not_picked":["Terror","Backflip"],"picked":"Well Laid Plans+1","floor":31.0},{"not_picked":["PiercingWail","Infinite Blades+1","Cloak And Dagger"],"picked":"SKIP","floor":31.0},{"not_picked":["Footwork+1","Calculated Gamble"],"picked":"Reflex","floor":35.0},{"not_picked":["Cloak And Dagger","Skewer+1","Sucker Punch+1"],"picked":"SKIP","floor":35.0},{"not_picked":["Sucker Punch+1","Heel Hook+1","Acrobatics"],"picked":"SKIP","floor":36.0},{"not_picked":["Flechettes+1","Infinite Blades+1","Backflip"],"picked":"SKIP","floor":36.0},{"not_picked":["Dagger Throw+1","Cloak And Dagger"],"picked":"Prepared","floor":37.0},{"not_picked":["Outmaneuver","Acrobatics","Sucker Punch+1"],"picked":"SKIP","floor":37.0},{"not_picked":["Choke+1","Venomology","Sucker Punch+1"],"picked":"SKIP","floor":39.0},{"not_picked":["Quick Slash+1","Poisoned Stab+1","Noxious Fumes+1"],"picked":"SKIP","floor":39.0},{"not_picked":["Outmaneuver","Sucker Punch+1","Slice+1"],"picked":"SKIP","floor":41.0},{"not_picked":["Poisoned Stab+1","Underhanded Strike+1","Sucker Punch+1"],"picked":"SKIP","floor":42.0},{"not_picked":["Eviscerate+1","Cloak And Dagger","Sucker Punch+1"],"picked":"SKIP","floor":42.0},{"not_picked":["Eviscerate+1","Flying Knee+1","Sucker Punch+1"],"picked":"SKIP","floor":45.0},{"not_picked":["Discovery","Violence"],"picked":"Impatience","floor":46.0},{"not_picked":["Expertise","Quick Slash+1","Dagger Throw+1"],"picked":"SKIP","floor":48.0},{"not_picked":["Bane+1","Slice+1","Underhanded Strike+1"],"picked":"SKIP","floor":48.0},{"not_picked":["Underhanded Strike+1","Deflect","Quick Slash+1"],"picked":"SKIP","floor":55.0}],"player_experience":872559,"relics_obtained":[{"floor":9.0,"key":"Ninja Scroll"},{"floor":13.0,"key":"Prayer Wheel"},{"floor":23.0,"key":"Vajra"},{"floor":25.0,"key":"Molten Egg 2"},{"floor":26.0,"key":"Bottled Lightning"},{"floor":27.0,"key":"Frozen Egg 2"},{"floor":41.0,"key":"StoneCalendar"},{"floor":41.0,"key":"Strawberry"},{"floor":45.0,"key":"Shuriken"},{"floor":45.0,"key":"Letter Opener"},{"floor":55.0,"key":"FossilizedHelix"},{"floor":55.0,"key":"Mercury Hourglass"}],"event_choices":[{"cards_removed":["Strike_G"],"damage_healed":0.0,"max_hp_gain":0.0,"max_hp_loss":0.0,"gold_gain":0.0,"event_name":"The Cleric","player_choice":"Card Removal","floor":4.0,"gold_loss":75.0,"damage_taken":0.0},{"cards_removed":["Strike_G"],"damage_healed":0.0,"max_hp_gain":0.0,"max_hp_loss":0.0,"gold_gain":0.0,"event_name":"Golden Wing","player_choice":"Card Removal","floor":7.0,"gold_loss":0.0,"damage_taken":7.0},{"damage_healed":0.0,"max_hp_gain":0.0,"max_hp_loss":0.0,"gold_gain":0.0,"event_name":"Shining Light","player_choice":"Entered Light","floor":10.0,"gold_loss":0.0,"damage_taken":22.0,"cards_upgraded":["Strike_G","Defend_G"]},{"cards_removed":["Strike_G"],"damage_healed":0.0,"max_hp_gain":0.0,"max_hp_loss":0.0,"gold_gain":0.0,"event_name":"Back to Basics","player_choice":"Elegance","floor":19.0,"gold_loss":0.0,"damage_taken":0.0},{"damage_healed":0.0,"max_hp_gain":0.0,"max_hp_loss":0.0,"gold_gain":0.0,"event_name":"Match and Keep!","player_choice":"2 cards matched","floor":21.0,"gold_loss":0.0,"damage_taken":0.0,"cards_obtained":["Acrobatics","Calculated Gamble"]},{"damage_healed":0.0,"max_hp_gain":0.0,"max_hp_loss":0.0,"gold_gain":0.0,"event_name":"Upgrade Shrine","player_choice":"Upgraded","floor":38.0,"gold_loss":0.0,"damage_taken":0.0,"cards_upgraded":["Prepared"]},{"damage_healed":0.0,"max_hp_gain":0.0,"max_hp_loss":0.0,"gold_gain":0.0,"event_name":"SensoryStone","player_choice":"Memory 2","floor":46.0,"gold_loss":0.0,"damage_taken":5.0},{"damage_healed":0.0,"max_hp_gain":0.0,"max_hp_loss":4.0,"gold_gain":0.0,"event_name":"Winding Halls","player_choice":"Max HP","floor":47.0,"gold_loss":0.0,"damage_taken":0.0}],"is_beta":false,"boss_relics":[{"not_picked":["Velvet Choker","Snecko Eye"],"picked":"Lizard Tail"},{"not_picked":["Coffee Dripper","Ring of the Serpent"],"picked":"Black Star"}],"items_purged_floors":[20,30,44],"is_endless":false,"potions_floor_spawned":[5,11,13,14,23,25,29,31,33,35,36,37,42,48],"ascension_level":20}