{"gold_per_floor":[112,112,112,126,149,192,192,212,261,261,261,261,261,304,304,435,435,375,395,395,45,45,45,86,110,135,135,11,25,25,65,65,194,194,217,5,69,83,208,208,242,242,242,273,273,309,334,31,31,31,31,31,31,72,72],"floor_reached":55,"playtime":5239,"items_purged":["Injury"],"score":905,"play_id":"e23bd23c-04db-4cca-811e-bf010361b829","local_time":"20190921162119","is_ascension_mode":true,"campfire_choices":[{"data":"Conserve Battery","floor":7,"key":"SMITH"},{"data":"Self Repair","floor":10,"key":"SMITH"},{"floor":13,"key":"REST"},{"floor":15,"key":"REST"},{"floor":23,"key":"RECALL"},{"data":"Zap","floor":27,"key":"SMITH"},{"data":"Streamline","floor":30,"key":"SMITH"},{"data":"Go for the Eyes","floor":32,"key":"SMITH"},{"floor":40,"key":"DIG"},{"floor":42,"key":"DIG"},{"floor":45,"key":"DIG"},{"data":"Capacitor","floor":49,"key":"SMITH"},{"floor":52,"key":"DIG"}],"neow_cost":"NONE","seed_source_timestamp":368027849273280,"circlet_count":0,"master_deck":["Strike_B+1","Strike_B+1","Strike_B+1","Strike_B+1","Defend_B+1","Defend_B+1","Defend_B+1","Defend_B+1","Zap+1","Dualcast","Genetic Algorithm","Self Repair+1","Conserve Battery+1","FTL","Defragment","Go for the Eyes","Machine Learning","Streamline+1","Glacier","Defragment","Glacier+1","Redo+1","Conserve Battery+1","Glacier+1","Go for the Eyes+1","Ball Lightning","Electrodynamics","CurseOfTheBell","Cold Snap","Echo Form","Blind+1","Conserve Battery+1","BootSequence+1","Streamline","Ball Lightning","Defragment+1","Conserve Battery+1","Capacitor+1","Coolheaded+1"],"relics":["Cracked Core","Bag of Marbles","Golden Idol","Gremlin Horn","WingedGreaves","HornCleat","Philosopher\u0027s Stone","Toxic Egg 2","Juzu Bracelet","Boot","Ancient Tea Set","Anchor","Calling Bell","Omamori","Mummified Hand","Unceasing Top","TungstenRod","Shovel","Happy Flower","Orichalcum","Dream Catcher","PreservedInsect","Pocketwatch","Potion Belt","Toy Ornithopter","Strawberry","Strange Spoon","Bottled Lightning","Dodecahedron"],"potions_floor_usage":[6,6,14,16,29,29,31,33,37,37,38,50,55],"damage_taken":[{"damage":0,"enemies":"Small Slimes","floor":1,"turns":3},{"damage":5,"enemies":"Jaw Worm","floor":4,"turns":4},{"damage":12,"enemies":"2 Louse","floor":5,"turns":3},{"damage":39,"enemies":"3 Sentries","floor":6,"turns":11},{"damage":4,"enemies":"Blue Slaver","floor":8,"turns":5},{"damage":30,"enemies":"Lagavulin","floor":14,"turns":7},{"damage":52,"enemies":"Hexaghost","floor":16,"turns":13},{"damage":7,"enemies":"2 Thieves","floor":18,"turns":4},{"damage":13,"enemies":"Spheric Guardian","floor":19,"turns":4},{"damage":21,"enemies":"Gremlin Leader","floor":24,"turns":11},{"damage":0,"enemies":"Snake Plant","floor":25,"turns":5},{"damage":0,"enemies":"Snecko","floor":29,"turns":6},{"damage":24,"enemies":"Slavers","floor":31,"turns":9},{"damage":40,"enemies":"Champ","floor":33,"turns":15},{"damage":0,"enemies":"Orb Walker","floor":35,"turns":3},{"damage":42,"enemies":"2 Orb Walkers","floor":37,"turns":7},{"damage":0,"enemies":"3 Darklings","floor":38,"turns":4},{"damage":0,"enemies":"Mind Bloom Boss Battle","floor":39,"turns":8},{"damage":8,"enemies":"Nemesis","floor":41,"turns":9},{"damage":16,"enemies":"Reptomancer","floor":44,"turns":5},{"damage":9,"enemies":"Nemesis","floor":46,"turns":6},{"damage":17,"enemies":"Time Eater","floor":50,"turns":17},{"damage":55,"enemies":"Shield and Spear","floor":54,"turns":8},{"damage":37,"enemies":"The Heart","floor":55,"turns":2}],"seed_played":"-4823333493489770710","potions_obtained":[{"floor":1,"key":"SpeedPotion"},{"floor":4,"key":"SkillPotion"},{"floor":8,"key":"Weak Potion"},{"floor":14,"key":"SpeedPotion"},{"floor":24,"key":"PowerPotion"},{"floor":29,"key":"Weak Potion"},{"floor":31,"key":"SpeedPotion"},{"floor":35,"key":"Swift Potion"},{"floor":37,"key":"GamblersBrew"},{"floor":46,"key":"SkillPotion"},{"floor":54,"key":"Dexterity Potion"}],"is_trial":false,"path_per_floor":["M","?","T","M","M","E","R","M","T","R","?","?","R","E","R","B",null,"M","M","?","$","?","R","E","M","T","R","$","M","R","E","R","B",null,"M","$","?","M","?","R","E","R","T","E","R","E","T","$","R","B",null,"R","$","E","B"],"character_chosen":"DEFECT","items_purchased":["Juzu Bracelet","Defragment","Glacier+1","Redo+1","Glacier+1","Energy Potion","Echo Form","Blind+1","Block Potion","Capacitor","Strange Spoon"],"campfire_rested":2,"item_purchase_floors":[21,21,21,21,28,28,36,36,36,48,48],"current_hp_per_floor":[75,75,75,70,65,33,33,36,36,36,41,41,65,45,69,27,80,80,77,77,77,77,77,66,76,76,76,76,80,80,66,66,26,80,80,80,48,58,68,68,70,70,70,54,54,65,72,72,72,70,87,87,87,32,0],"gold":72,"neow_bonus":"RANDOM_COMMON_RELIC","is_prod":false,"is_daily":false,"chose_seed":false,"campfire_upgraded":6,"win_rate":0,"timestamp":1569108079,"path_taken":["M","?","?","M","M","E","R","M","T","R","?","?","R","E","R","BOSS","M","M","?","$","?","R","E","M","T","R","$","M","R","E","R","BOSS","M","$","?","M","?","R","E","R","T","E","R","E","?","$","R","BOSS","R","$","E","BOSS"],"build_version":"2019-09-20","purchased_purges":1,"victory":false,"max_hp_per_floor":[75,75,75,75,75,75,75,75,75,75,80,80,80,80,80,80,80,80,80,80,80,80,80,80,80,80,80,80,80,80,80,80,80,80,80,80,80,80,80,80,80,80,80,80,80,80,87,87,87,87,87,87,87,87,87],"card_choices":[{"not_picked":["Beam Cell","Force Field"],"picked":"Genetic Algorithm","floor":1},{"not_picked":["Chaos","Hologram"],"picked":"Self Repair","floor":4},{"not_picked":["Self Repair","Darkness"],"picked":"Conserve Battery","floor":5},{"not_picked":["Chaos","Turbo"],"picked":"FTL","floor":6},{"not_picked":["Barrage","Gash"],"picked":"Defragment","floor":8},{"not_picked":["Streamline","Blizzard"],"picked":"Go for the Eyes","floor":14},{"not_picked":["Amplify","Fission"],"picked":"Machine Learning","floor":16},{"not_picked":["Compile Driver","Gash+1"],"picked":"Streamline","floor":18},{"not_picked":["Sunder","Redo"],"picked":"Glacier","floor":19},{"not_picked":["Sweeping Beam","Rebound","Turbo+1"],"picked":"SKIP","floor":24},{"not_picked":["Cold Snap","Reboot+1"],"picked":"Conserve Battery+1","floor":25},{"not_picked":["Hologram+1","Turbo+1"],"picked":"Go for the Eyes","floor":29},{"not_picked":["Compile Driver","Chill+1"],"picked":"Ball Lightning","floor":31},{"not_picked":["Seek+1","Hyperbeam"],"picked":"Electrodynamics","floor":33},{"not_picked":["Compile Driver+1","Hologram+1"],"picked":"Cold Snap","floor":35},{"not_picked":["FTL","Cold Snap+1"],"picked":"Conserve Battery+1","floor":37},{"not_picked":["Stack+1","Genetic Algorithm+1"],"picked":"BootSequence+1","floor":38},{"not_picked":["Stack+1","Coolheaded+1"],"picked":"Streamline","floor":39},{"not_picked":["Go for the Eyes","Heatsinks+1"],"picked":"Ball Lightning","floor":41},{"not_picked":["Reboot+1","Go for the Eyes"],"picked":"Defragment+1","floor":44},{"not_picked":["Biased Cognition","Rebound+1"],"picked":"Conserve Battery+1","floor":46},{"not_picked":["Stack+1","Go for the Eyes"],"picked":"Coolheaded+1","floor":54}],"player_experience":110301,"relics_obtained":[{"floor":3,"key":"Gremlin Horn"},{"floor":6,"key":"WingedGreaves"},{"floor":14,"key":"HornCleat"},{"floor":24,"key":"Boot"},{"floor":26,"key":"Ancient Tea Set"},{"floor":31,"key":"Anchor"},{"floor":34,"key":"Omamori"},{"floor":34,"key":"Mummified Hand"},{"floor":34,"key":"Unceasing Top"},{"floor":37,"key":"TungstenRod"},{"floor":39,"key":"Shovel"},{"floor":40,"key":"Happy Flower"},{"floor":41,"key":"Orichalcum"},{"floor":42,"key":"Dream Catcher"},{"floor":43,"key":"PreservedInsect"},{"floor":44,"key":"Pocketwatch"},{"floor":45,"key":"Potion Belt"},{"floor":46,"key":"Toy Ornithopter"},{"floor":47,"key":"Strawberry"},{"floor":52,"key":"Bottled Lightning"},{"floor":54,"key":"Dodecahedron"}],"event_choices":[{"damage_healed":0,"gold_gain":0,"player_choice":"Take Wound","damage_taken":0,"relics_obtained":["Golden Idol"],"max_hp_gain":0,"max_hp_loss":0,"event_name":"Golden Idol","floor":2,"gold_loss":0,"cards_obtained":["Injury"]},{"damage_healed":0,"gold_gain":0,"player_choice":"Donut","damage_taken":0,"max_hp_gain":5,"max_hp_loss":0,"event_name":"Big Fish","floor":11,"gold_loss":0},{"damage_healed":0,"gold_gain":0,"player_choice":"Ignored","damage_taken":0,"max_hp_gain":0,"max_hp_loss":0,"event_name":"Golden Wing","floor":12,"gold_loss":0},{"damage_healed":0,"gold_gain":0,"player_choice":"Opened","damage_taken":0,"relics_obtained":["Toxic Egg 2"],"max_hp_gain":0,"max_hp_loss":0,"event_name":"The Mausoleum","floor":20,"gold_loss":0},{"damage_healed":0,"gold_gain":0,"player_choice":"Simplicity","damage_taken":0,"max_hp_gain":0,"max_hp_loss":0,"event_name":"Back to Basics","floor":22,"gold_loss":0,"cards_upgraded":["Strike_B","Strike_B","Strike_B","Strike_B","Defend_B","Defend_B","Defend_B","Defend_B"]},{"damage_healed":0,"gold_gain":0,"player_choice":"Fight","damage_taken":0,"max_hp_gain":0,"max_hp_loss":0,"event_name":"Mysterious Sphere","floor":37,"gold_loss":0},{"damage_healed":0,"gold_gain":0,"player_choice":"Fight","damage_taken":0,"max_hp_gain":0,"max_hp_loss":0,"event_name":"MindBloom","floor":39,"gold_loss":0}],"is_beta":true,"boss_relics":[{"not_picked":["Sozu","Nuclear Battery"],"picked":"Philosopher\u0027s Stone"},{"not_picked":["Fusion Hammer","Pandora\u0027s Box"],"picked":"Calling Bell"}],"items_purged_floors":[48],"is_endless":false,"potions_floor_spawned":[1,4,8,14,24,29,31,35,37,46,54],"killed_by":"The Heart","ascension_level":1}