{"gold_per_floor":[115,126,51,51,69,69,96,96,96,96,96,109,68,68,68,141,141,156,156,167,182,25,25,53,53,76,96,128,128,28,47,47,121,121,137,153,153,78,95,126,126,152,164,207,179,54,73,85,85,85,85,85,85,42,75,75],"floor_reached":57,"playtime":2338,"items_purged":["Strike_R","Strike_R","Writhe"],"score":3406,"play_id":"6252fdb1-37a3-4b07-bcd6-6f15815f0c2d","local_time":"20190530213519","is_ascension_mode":true,"campfire_choices":[{"data":"Body Slam","floor":6.0,"key":"SMITH"},{"data":"True Grit","floor":10.0,"key":"SMITH"},{"data":"Feel No Pain","floor":15.0,"key":"SMITH"},{"data":"Pommel Strike","floor":23.0,"key":"SMITH"},{"floor":25.0,"key":"RECALL"},{"data":"Entrench","floor":32.0,"key":"SMITH"},{"data":"Power Through","floor":41.0,"key":"SMITH"},{"data":"Battle Trance","floor":49.0,"key":"SMITH"},{"data":"Impervious","floor":53.0,"key":"SMITH"}],"neow_cost":"TEN_PERCENT_HP_LOSS","seed_source_timestamp":1076873013874679,"circlet_count":0,"master_deck":["AscendersBane","Defend_R+1","Defend_R","Evolve+1","Shrug It Off","Body Slam+1","True Grit+1","Feel No Pain+1","Feel No Pain+1","Pommel Strike+1","Entrench+1","Impervious+1","Power Through+1","Battle Trance+1","Feel No Pain"],"special_seed":0,"relics":["Burning Blood","Mummified Hand","Potion Belt","Coffee Dripper","Bag of Preparation","Bottled Tornado","Juzu Bracelet","Du-Vu Doll","Runic Pyramid","Kunai","MawBank","Question Card","Centennial Puzzle","Bag of Marbles"],"potions_floor_usage":[56,56,56,56,56,56,56,56,56,56,56],"damage_taken":[{"damage":10.0,"enemies":"2 Louse","floor":1.0,"turns":3.0},{"damage":8.0,"enemies":"Small Slimes","floor":2.0,"turns":3.0},{"damage":9.0,"enemies":"Jaw Worm","floor":5.0,"turns":6.0},{"damage":27.0,"enemies":"3 Sentries","floor":7.0,"turns":10.0},{"damage":0.0,"enemies":"Red Slaver","floor":12.0,"turns":2.0},{"damage":0.0,"enemies":"The Guardian","floor":16.0,"turns":13.0},{"damage":6.0,"enemies":"2 Thieves","floor":18.0,"turns":5.0},{"damage":18.0,"enemies":"3 Byrds","floor":20.0,"turns":7.0},{"damage":10.0,"enemies":"Snake Plant","floor":21.0,"turns":4.0},{"damage":0.0,"enemies":"Book of Stabbing","floor":24.0,"turns":5.0},{"damage":0.0,"enemies":"3 Cultists","floor":27.0,"turns":4.0},{"damage":0.0,"enemies":"Gremlin Leader","floor":28.0,"turns":5.0},{"damage":6.0,"enemies":"Shelled Parasite and Fungi","floor":31.0,"turns":5.0},{"damage":12.0,"enemies":"Automaton","floor":33.0,"turns":11.0},{"damage":1.0,"enemies":"3 Shapes","floor":35.0,"turns":4.0},{"damage":0.0,"enemies":"3 Darklings","floor":36.0,"turns":5.0},{"damage":5.0,"enemies":"4 Shapes","floor":39.0,"turns":4.0},{"damage":0.0,"enemies":"Giant Head","floor":40.0,"turns":5.0},{"damage":0.0,"enemies":"Reptomancer","floor":42.0,"turns":5.0},{"damage":3.0,"enemies":"Nemesis","floor":44.0,"turns":7.0},{"damage":0.0,"enemies":"Spire Growth","floor":47.0,"turns":3.0},{"damage":0.0,"enemies":"Jaw Worm Horde","floor":48.0,"turns":3.0},{"damage":0.0,"enemies":"Awakened One","floor":50.0,"turns":6.0},{"damage":0.0,"enemies":"Donu and Deca","floor":51.0,"turns":5.0},{"damage":0,"enemies":"Shield and Spear","floor":55,"turns":4},{"damage":0,"enemies":"The Heart","floor":56,"turns":6}],"seed_played":"2284662686230854557","potions_obtained":[{"floor":1.0,"key":"Strength Potion"},{"floor":5.0,"key":"SkillPotion"},{"floor":21.0,"key":"Weak Potion"},{"floor":27.0,"key":"SteroidPotion"},{"floor":31.0,"key":"Block Potion"},{"floor":33.0,"key":"FairyPotion"},{"floor":35.0,"key":"SpeedPotion"},{"floor":39.0,"key":"EntropicBrew"},{"floor":42.0,"key":"PowerPotion"},{"floor":48.0,"key":"LiquidBronze"}],"is_trial":false,"path_per_floor":["M","M","$","?","M","R","E","?","T","R","?","M","$","?","R","B",null,"M","?","M","M","$","R","E","R","T","M","E","?","$","M","R","B",null,"M","M","$","?","M","E","R","E","T","E","$","$","M","M","R","B","B",null,"R","$","E","B",null],"character_chosen":"IRONCLAD","items_purchased":["Feel No Pain","Bag of Preparation","Battle Trance","Feel No Pain"],"campfire_rested":0,"item_purchase_floors":[13,22,45,54],"current_hp_per_floor":[64,62,62,55,52,52,31,53,53,53,33,39,39,39,39,45,62,62,62,50,46,46,46,52,52,52,58,64,64,64,64,64,58,66,68,68,68,68,68,68,68,68,68,68,68,68,68,68,68,68,68,68,68,68,68,68],"gold":75,"neow_bonus":"REMOVE_TWO","is_prod":false,"is_daily":false,"chose_seed":false,"campfire_upgraded":8,"win_rate":0,"timestamp":1559223319,"path_taken":["M","M","$","?","M","R","E","?","T","R","?","M","$","?","R","BOSS","M","?","M","M","$","R","E","R","T","M","E","?","$","M","R","BOSS","M","M","$","?","M","E","R","E","T","E","?","$","M","M","R","BOSS","BOSS","R","$","E","BOSS"],"build_version":"2019-05-28","purchased_purges":3,"victory":true,"max_hp_per_floor":[68,68,68,68,68,68,68,68,68,68,68,68,68,68,68,68,68,68,68,68,68,68,68,68,68,68,68,68,68,68,68,68,68,68,68,68,68,68,68,68,68,68,68,68,68,68,68,68,68,68,68,68,68,68,68,68],"card_choices":[{"not_picked":["Clothesline","Flex"],"picked":"Evolve","floor":1.0},{"not_picked":["Flex","Combust"],"picked":"Shrug It Off","floor":2.0},{"not_picked":["Entrench","Sword Boomerang"],"picked":"Body Slam","floor":5.0},{"not_picked":["Reaper","Warcry"],"picked":"True Grit","floor":7.0},{"not_picked":["Rupture","Ghostly Armor","Intimidate"],"picked":"SKIP","floor":12.0},{"not_picked":["Flex","Perfected Strike","Body Slam"],"picked":"SKIP","floor":18.0},{"not_picked":["Perfected Strike","Thunderclap"],"picked":"Pommel Strike","floor":20.0},{"not_picked":["Warcry","Body Slam","Flex"],"picked":"SKIP","floor":21.0},{"not_picked":["Armaments","Sword Boomerang","Thunderclap"],"picked":"SKIP","floor":24.0},{"not_picked":["Dual Wield","Shrug It Off","Flex"],"picked":"SKIP","floor":27.0},{"not_picked":["Dropkick","Flex"],"picked":"Entrench","floor":28.0},{"not_picked":["Flex","Headbutt","Pummel"],"picked":"SKIP","floor":31.0},{"not_picked":["Seeing Red","Perfected Strike","Rupture"],"picked":"SKIP","floor":35.0},{"not_picked":["Body Slam","Havoc","Clothesline"],"picked":"SKIP","floor":36.0},{"not_picked":["Wild Strike","Clash","Heavy Blade"],"picked":"SKIP","floor":39.0},{"not_picked":["Armaments+1","Pummel","True Grit"],"picked":"SKIP","floor":40.0},{"not_picked":["Spot Weakness","Headbutt","Heavy Blade"],"picked":"SKIP","floor":42.0},{"not_picked":["Fiend Fire","Pommel Strike","Corruption+1","Uppercut"],"picked":"SKIP","floor":44.0},{"not_picked":["Perfected Strike","Iron Wave","Shrug It Off","Evolve"],"picked":"SKIP","floor":47.0},{"not_picked":["Dropkick","Cleave+1","Evolve+1","Havoc+1"],"picked":"SKIP","floor":48.0},{"not_picked":["Wild Strike+1","Armaments","Rupture+1","Metallicize+1"],"picked":"SKIP","floor":55}],"player_experience":3060011,"relics_obtained":[{"floor":7.0,"key":"Mummified Hand"},{"floor":9.0,"key":"Potion Belt"},{"floor":24.0,"key":"Bottled Tornado"},{"floor":28.0,"key":"Juzu Bracelet"},{"floor":40.0,"key":"Kunai"},{"floor":42.0,"key":"MawBank"},{"floor":43.0,"key":"Question Card"},{"floor":44.0,"key":"Centennial Puzzle"},{"floor":55,"key":"Bag of Marbles"}],"event_choices":[{"cards_removed":["Defend_R"],"damage_healed":0.0,"max_hp_gain":0.0,"max_hp_loss":0.0,"gold_gain":0.0,"event_name":"Golden Wing","player_choice":"Card Removal","floor":4.0,"gold_loss":0.0,"damage_taken":7.0},{"damage_healed":22.0,"max_hp_gain":0.0,"max_hp_loss":0.0,"gold_gain":0.0,"event_name":"Big Fish","player_choice":"Banana","floor":8.0,"gold_loss":0.0,"damage_taken":0.0},{"damage_healed":0.0,"max_hp_gain":0.0,"max_hp_loss":0.0,"gold_gain":0.0,"event_name":"Shining Light","player_choice":"Entered Light","floor":11.0,"gold_loss":0.0,"damage_taken":20.0,"cards_upgraded":["Defend_R","Evolve"]},{"cards_removed":["Strike_R"],"damage_healed":0.0,"max_hp_gain":0.0,"max_hp_loss":0.0,"gold_gain":0.0,"event_name":"Living Wall","player_choice":"Forget","floor":14.0,"gold_loss":0.0,"damage_taken":0.0},{"damage_healed":0.0,"max_hp_gain":0.0,"max_hp_loss":0.0,"gold_gain":0.0,"event_name":"Duplicator","player_choice":"Copied","floor":19.0,"gold_loss":0.0,"damage_taken":0.0,"cards_obtained":["Feel No Pain"]},{"damage_healed":0.0,"max_hp_gain":0.0,"max_hp_loss":0.0,"gold_gain":0.0,"event_name":"The Mausoleum","player_choice":"Opened","floor":29.0,"gold_loss":0.0,"damage_taken":0.0,"relics_obtained":["Du-Vu Doll"],"cards_obtained":["Writhe"]},{"damage_healed":0.0,"max_hp_gain":0.0,"max_hp_loss":0.0,"gold_gain":0.0,"cards_transformed":["Strike_R","Bash"],"event_name":"Designer","player_choice":"Transformed Cards","floor":38.0,"gold_loss":75.0,"damage_taken":0.0,"cards_obtained":["Impervious","Power Through"]}],"is_beta":true,"boss_relics":[{"not_picked":["Sozu","Philosopher\u0027s Stone"],"picked":"Coffee Dripper"},{"not_picked":["Velvet Choker","Black Blood"],"picked":"Runic Pyramid"}],"items_purged_floors":[3,30,46],"is_endless":false,"potions_floor_spawned":[1,5,21,27,31,33,35,39,42,47,48],"ascension_level":20}