{"gold_per_floor":[119,132,149,167,50,50,63,63,87,87,114,14,44,0,0,72,72,84,9,9,21,36,69,69,96,122,37,37,117,134,166,166,237,237,255,255,104,120,120,145,145,175,175,200,200,225,243,243,243,243,243,243,243,38,64,64],"floor_reached":57,"playtime":2609,"items_purged":["Strike_G","Strike_G","Deadly Poison+1","Defend_G+1"],"score":3848,"play_id":"0e7fb80d-1a62-4403-81b8-c36ee89e4bf0","local_time":"20190831133837","is_ascension_mode":true,"campfire_choices":[{"data":"Deadly Poison","floor":6.0,"key":"SMITH"},{"data":"Calculated Gamble","floor":8.0,"key":"SMITH"},{"data":"Acrobatics","floor":10.0,"key":"SMITH"},{"data":"Neutralize","floor":15.0,"key":"SMITH"},{"floor":24.0,"key":"RECALL"},{"data":"Concentrate","floor":28.0,"key":"SMITH"},{"data":"Escape Plan","floor":32.0,"key":"SMITH"},{"data":"Backflip","floor":45.0,"key":"SMITH"},{"data":"Grand Finale","floor":49,"key":"SMITH"}],"neow_cost":"PERCENT_DAMAGE","seed_source_timestamp":1383293608966800,"circlet_count":0,"master_deck":["AscendersBane","Survivor+1","Neutralize+1","Escape Plan+1","Calculated Gamble+1","Acrobatics+1","Concentrate+1","Reflex+1","Well Laid Plans+1","Terror+1","Grand Finale+1","Backflip+1","Footwork+1"],"special_seed":0,"relics":["Ring of the Snake","Centennial Puzzle","War Paint","Astrolabe","Pen Nib","Mummified Hand","Singing Bowl","Frozen Egg 2","Juzu Bracelet","Coffee Dripper","Bag of Marbles","Pear","Anchor","Strawberry","PreservedInsect","Pantograph","Snake Skull"],"potions_floor_usage":[56,56],"damage_taken":[{"damage":2.0,"enemies":"Small Slimes","floor":1.0,"turns":5.0},{"damage":4.0,"enemies":"Jaw Worm","floor":2.0,"turns":7.0},{"damage":12.0,"enemies":"2 Louse","floor":3.0,"turns":11.0},{"damage":1.0,"enemies":"Blue Slaver","floor":4.0,"turns":6.0},{"damage":12.0,"enemies":"Lots of Slimes","floor":7.0,"turns":8.0},{"damage":48.0,"enemies":"Gremlin Nob","floor":11.0,"turns":4.0},{"damage":0.0,"enemies":"The Guardian","floor":16.0,"turns":7.0},{"damage":0.0,"enemies":"2 Thieves","floor":18.0,"turns":3.0},{"damage":0.0,"enemies":"Shell Parasite","floor":21.0,"turns":2.0},{"damage":0.0,"enemies":"Chosen and Byrds","floor":22.0,"turns":6.0},{"damage":0.0,"enemies":"Slavers","floor":23.0,"turns":3.0},{"damage":0.0,"enemies":"Gremlin Leader","floor":25.0,"turns":2.0},{"damage":0.0,"enemies":"Snake Plant","floor":30.0,"turns":2.0},{"damage":0.0,"enemies":"Book of Stabbing","floor":31.0,"turns":4.0},{"damage":0.0,"enemies":"Collector","floor":33.0,"turns":3.0},{"damage":0.0,"enemies":"3 Shapes","floor":35.0,"turns":2.0},{"damage":0.0,"enemies":"3 Darklings","floor":38.0,"turns":1.0},{"damage":0.0,"enemies":"Nemesis","floor":40.0,"turns":1.0},{"damage":0.0,"enemies":"Reptomancer","floor":42.0,"turns":1.0},{"damage":0.0,"enemies":"Nemesis","floor":44.0,"turns":1.0},{"damage":0.0,"enemies":"Reptomancer","floor":46.0,"turns":1.0},{"damage":0.0,"enemies":"Jaw Worm Horde","floor":47.0,"turns":1.0},{"damage":0,"enemies":"Time Eater","floor":50,"turns":3},{"damage":0,"enemies":"Awakened One","floor":51,"turns":2},{"damage":0,"enemies":"Shield and Spear","floor":55,"turns":1},{"damage":0,"enemies":"The Heart","floor":56,"turns":4}],"seed_played":"3050257309305527190","potions_obtained":[{"floor":1.0,"key":"Regen Potion"},{"floor":2.0,"key":"Regen Potion"},{"floor":3.0,"key":"SkillPotion"},{"floor":18.0,"key":"Energy Potion"},{"floor":22.0,"key":"FearPotion"}],"is_trial":false,"path_per_floor":["M","M","M","M","$","R","M","R","T","R","E","$","?","$","R","B",null,"M","?","$","M","M","E","R","E","T","?","R","T","M","E","R","B",null,"M","?","$","M","T","E","?","E","T","E","R","E","M","?","R","B","B",null,"R","$","E","B",null],"character_chosen":"THE_SILENT","items_purchased":["Calculated Gamble","Concentrate","Backflip","Swift Potion"],"campfire_rested":0,"item_purchase_floors":[5,14,37,54],"current_hp_per_floor":[42,38,64,63,63,63,51,51,51,51,3,3,3,3,3,3,50,50,50,50,50,50,50,50,50,50,50,50,50,52,54,54,54,66,68,68,68,70,70,82,82,82,89,91,91,93,95,91,91,105,105,105,105,105,107,107],"gold":64,"neow_bonus":"REMOVE_TWO","is_prod":false,"is_daily":false,"chose_seed":false,"campfire_upgraded":8,"win_rate":0,"timestamp":1567229917,"path_taken":["M","M","M","M","$","R","M","R","T","R","E","$","?","?","R","BOSS","M","?","$","M","M","E","R","E","T","?","R","?","M","E","R","BOSS","M","?","?","M","?","E","?","E","T","E","R","E","M","?","R","BOSS","BOSS","R","$","E","BOSS"],"build_version":"2019-08-26","purchased_purges":4,"victory":true,"max_hp_per_floor":[66,66,66,66,66,66,66,66,66,66,66,66,66,66,66,66,66,66,66,66,66,66,66,66,66,66,66,66,66,68,70,70,70,70,72,72,72,74,74,86,86,86,93,95,95,97,99,105,105,105,105,105,105,105,107,107],"card_choices":[{"not_picked":["Slice","Quick Slash","Deflect"],"picked":"SKIP","floor":1.0},{"not_picked":["Infinite Blades","Dagger Spray"],"picked":"Escape Plan","floor":2.0},{"not_picked":["Infinite Blades","Flying Knee","Sucker Punch"],"picked":"SKIP","floor":3.0},{"not_picked":["Bane","Calculated Gamble"],"picked":"Deadly Poison","floor":4.0},{"not_picked":["Escape Plan","Bullet Time"],"picked":"Acrobatics","floor":7.0},{"not_picked":["Escape Plan","Blade Dance","Predator"],"picked":"SKIP","floor":11.0},{"not_picked":["Acrobatics","Catalyst","PiercingWail"],"picked":"SKIP","floor":18.0},{"not_picked":["Flying Knee+1","Expertise","Blade Dance"],"picked":"SKIP","floor":21.0},{"not_picked":["Flying Knee","Dagger Spray","Prepared"],"picked":"SKIP","floor":22.0},{"not_picked":["Acrobatics","Dagger Spray","Dash"],"picked":"SKIP","floor":23.0},{"not_picked":["All Out Attack","Deadly Poison","Backstab"],"picked":"SKIP","floor":25.0},{"not_picked":["Backstab","Poisoned Stab","Dagger Spray"],"picked":"Singing Bowl","floor":30.0},{"not_picked":["Envenom+1","Terror","Acrobatics"],"picked":"Singing Bowl","floor":31.0},{"not_picked":["Phantasmal Killer","Burst"],"picked":"Grand Finale","floor":33.0},{"not_picked":["Dagger Throw","Leg Sweep","Flying Knee"],"picked":"Singing Bowl","floor":35.0},{"not_picked":["Acrobatics","Distraction","Deflect"],"picked":"Singing Bowl","floor":38.0},{"not_picked":["Dash","Noxious Fumes+1","Outmaneuver"],"picked":"Singing Bowl","floor":40.0},{"not_picked":["Caltrops+1","Sucker Punch"],"picked":"Footwork+1","floor":42.0},{"not_picked":["Finisher","Acrobatics+1","Malaise"],"picked":"Singing Bowl","floor":44.0},{"not_picked":["Choke","Flying Knee","Eviscerate"],"picked":"Singing Bowl","floor":46.0},{"not_picked":["Well Laid Plans+1","Blade Dance","Accuracy+1"],"picked":"Singing Bowl","floor":47.0},{"not_picked":["Metamorphosis","Jack Of All Trades","Master of Strategy"],"picked":"Singing Bowl","floor":48},{"not_picked":["HandOfGreed","Deep Breath","Jack Of All Trades"],"picked":"Singing Bowl","floor":48},{"not_picked":["Impatience","Swift Strike","Blind"],"picked":"Singing Bowl","floor":48},{"not_picked":["Riddle With Holes","Prepared","Dodge and Roll"],"picked":"Singing Bowl","floor":55}],"player_experience":3138440,"relics_obtained":[{"floor":9.0,"key":"Centennial Puzzle"},{"floor":11.0,"key":"War Paint"},{"floor":23.0,"key":"Pen Nib"},{"floor":25.0,"key":"Mummified Hand"},{"floor":29.0,"key":"Frozen Egg 2"},{"floor":31.0,"key":"Juzu Bracelet"},{"floor":39.0,"key":"Bag of Marbles"},{"floor":40.0,"key":"Pear"},{"floor":42.0,"key":"Anchor"},{"floor":43.0,"key":"Strawberry"},{"floor":44.0,"key":"PreservedInsect"},{"floor":46.0,"key":"Pantograph"},{"floor":55,"key":"Snake Skull"}],"event_choices":[{"damage_healed":0.0,"max_hp_gain":0.0,"max_hp_loss":0.0,"gold_gain":30.0,"event_name":"Dead Adventurer","player_choice":"Searched \u00272\u0027 times","floor":13.0,"gold_loss":0.0,"damage_taken":0.0},{"cards_removed":["Defend_G"],"damage_healed":0.0,"max_hp_gain":0.0,"max_hp_loss":0.0,"gold_gain":0.0,"event_name":"Beggar","player_choice":"Gave Gold","floor":19.0,"gold_loss":75.0,"damage_taken":0.0},{"damage_healed":0.0,"max_hp_gain":0.0,"max_hp_loss":0.0,"gold_gain":0.0,"event_name":"Addict","player_choice":"Obtained Relic","floor":27.0,"gold_loss":85.0,"damage_taken":0.0,"relics_obtained":["Singing Bowl"]},{"cards_removed":["Defend_G"],"damage_healed":0.0,"max_hp_gain":0.0,"max_hp_loss":0.0,"gold_gain":0.0,"event_name":"Bonfire Elementals","player_choice":"Offered Basic","floor":36.0,"gold_loss":0.0,"damage_taken":0.0},{"damage_healed":0.0,"max_hp_gain":0.0,"max_hp_loss":0.0,"gold_gain":0.0,"event_name":"Tomb of Lord Red Mask","player_choice":"Ignored","floor":41.0,"gold_loss":0.0,"damage_taken":0.0},{"damage_healed":0,"gold_gain":0,"player_choice":"Memory 3","damage_taken":10,"max_hp_gain":0,"max_hp_loss":0,"event_name":"SensoryStone","floor":48,"gold_loss":0}],"is_beta":true,"boss_relics":[{"not_picked":["Runic Dome","Lizard Tail"],"picked":"Astrolabe"},{"not_picked":["WristBlade","White Beast Statue"],"picked":"Coffee Dripper"}],"items_purged_floors":[5,12,37,54],"is_endless":false,"potions_floor_spawned":[1,2,3,18,22,30,40,42,55],"ascension_level":20}