{"gold_per_floor":[117,117,132,132,132,176,176,176,253,253,253,253,296,36,36,36],"floor_reached":16,"playtime":226,"items_purged":["Strike_R"],"score":258,"play_id":"e4467197-9d26-4756-b769-ac59d8c03c21","local_time":"20190920220251","is_ascension_mode":true,"campfire_choices":[{"data":"Body Slam","floor":7,"key":"SMITH"},{"floor":10,"key":"REST"},{"data":"Bash","floor":12,"key":"SMITH"},{"data":"Fire Breathing","floor":15,"key":"SMITH"}],"neow_cost":"NONE","seed_source_timestamp":879998578446960,"circlet_count":0,"master_deck":["AscendersBane","Strike_R","Strike_R+1","Strike_R","Defend_R","Defend_R","Defend_R","Defend_R","Bash+1","Body Slam+1","True Grit+1","Shockwave","Fire Breathing+1"],"relics":["Burning Blood","NeowsBlessing","Golden Idol","Centennial Puzzle","The Courier","Gremlin Horn","Blue Candle","Medical Kit"],"potions_floor_usage":[],"damage_taken":[{"damage":0,"enemies":"Small Slimes","floor":1,"turns":1},{"damage":0,"enemies":"Cultist","floor":3,"turns":1},{"damage":0,"enemies":"3 Sentries","floor":6,"turns":2},{"damage":47,"enemies":"Lagavulin","floor":13,"turns":7},{"damage":14,"enemies":"Hexaghost","floor":16,"turns":9}],"seed_played":"6256300209518032681","potions_obtained":[],"is_trial":false,"path_per_floor":["M","?","M","?","?","E","R","?","T","R","T","R","E","$","R","B"],"character_chosen":"IRONCLAD","items_purchased":["Fire Breathing","Medical Kit"],"campfire_rested":1,"item_purchase_floors":[14,14],"current_hp_per_floor":[74,74,75,75,49,55,55,32,32,54,54,54,13,13,13,0],"gold":36,"neow_bonus":"THREE_ENEMY_KILL","is_prod":false,"is_daily":false,"chose_seed":false,"campfire_upgraded":3,"win_rate":0,"timestamp":1568988171,"path_taken":["M","?","?","?","?","E","R","?","T","R","?","R","E","$","R","BOSS"],"build_version":"2019-09-19","purchased_purges":1,"victory":false,"max_hp_per_floor":[75,75,75,75,75,75,75,75,75,75,75,75,75,75,75,75],"card_choices":[{"not_picked":["Cleave","Pummel"],"picked":"Body Slam","floor":1},{"not_picked":["Searing Blow","Infernal Blade"],"picked":"True Grit","floor":3},{"not_picked":["Blood for Blood","Headbutt","Perfected Strike"],"picked":"SKIP","floor":6},{"not_picked":["Thunderclap","Feed"],"picked":"Shockwave","floor":13}],"player_experience":897374,"relics_obtained":[{"floor":6,"key":"Centennial Puzzle"},{"floor":9,"key":"The Courier"},{"floor":11,"key":"Gremlin Horn"},{"floor":13,"key":"Blue Candle"}],"event_choices":[{"cards_removed":["Strike_R"],"damage_healed":0,"gold_gain":0,"player_choice":"Purged","damage_taken":0,"max_hp_gain":0,"max_hp_loss":0,"event_name":"Purifier","floor":2,"gold_loss":0},{"damage_healed":0,"gold_gain":0,"player_choice":"Ignored","damage_taken":0,"max_hp_gain":0,"max_hp_loss":0,"event_name":"Liars Game","floor":4,"gold_loss":0},{"damage_healed":0,"gold_gain":0,"player_choice":"Take Damage","damage_taken":26,"relics_obtained":["Golden Idol"],"max_hp_gain":0,"max_hp_loss":0,"event_name":"Golden Idol","floor":5,"gold_loss":0},{"damage_healed":0,"gold_gain":0,"player_choice":"Entered Light","damage_taken":23,"max_hp_gain":0,"max_hp_loss":0,"event_name":"Shining Light","floor":8,"gold_loss":0,"cards_upgraded":["True Grit","Strike_R"]}],"is_beta":true,"boss_relics":[],"items_purged_floors":[14],"is_endless":false,"potions_floor_spawned":[],"killed_by":"Hexaghost","ascension_level":20}