{"gold_per_floor":[117,135,235,245,95,95,111,129,153,153,179,79,112,112,112,186,186,203,25,40,51,51,51,80,97,174,209,223,236,261,278,278,355,355,370,56,103,126,141,175,175,175,175,186,215,232,232,264,264,264,264,264,264,16,43,43],"floor_reached":57,"playtime":1797,"items_purged":["Strike_G","Strike_G","Survivor"],"score":3704,"play_id":"ed17a7a8-4f01-41ce-988c-2c00b224cb1c","local_time":"20190830104312","is_ascension_mode":true,"campfire_choices":[{"data":"Calculated Gamble","floor":6.0,"key":"SMITH"},{"data":"Neutralize","floor":10.0,"key":"SMITH"},{"data":"Prepared","floor":15.0,"key":"SMITH"},{"data":"Acrobatics","floor":23.0,"key":"SMITH"},{"floor":32.0,"key":"RECALL"},{"data":"Reflex","floor":47.0,"key":"SMITH"},{"data":"Grand Finale","floor":49.0,"key":"SMITH"},{"data":"Backflip","floor":53.0,"key":"SMITH"}],"neow_cost":"NONE","seed_source_timestamp":1287514270797000,"circlet_count":0,"master_deck":["AscendersBane","Neutralize+1","PiercingWail+1","Grand Finale+1","Backflip+1","Prepared+1","Acrobatics+1","Footwork","Reflex+1","Terror"],"special_seed":0,"relics":["Ring of the Snake","NeowsBlessing","Odd Mushroom","PreservedInsect","Pandora\u0027s Box","Question Card","Anchor","Mercury Hourglass","Vajra","Oddly Smooth Stone","Orrery","Tough Bandages","Prayer Wheel","Lantern","Bottled Tornado","Singing Bowl","Centennial Puzzle","Happy Flower","War Paint","Kunai"],"potions_floor_usage":[56,56],"damage_taken":[{"damage":0.0,"enemies":"Small Slimes","floor":1.0,"turns":1.0},{"damage":0.0,"enemies":"Cultist","floor":2.0,"turns":1.0},{"damage":0.0,"enemies":"Jaw Worm","floor":4.0,"turns":1.0},{"damage":0.0,"enemies":"Exordium Wildlife","floor":7.0,"turns":2.0},{"damage":3.0,"enemies":"Large Slime","floor":8.0,"turns":8.0},{"damage":4.0,"enemies":"The Mushroom Lair","floor":11.0,"turns":4.0},{"damage":0.0,"enemies":"3 Sentries","floor":13.0,"turns":2.0},{"damage":5.0,"enemies":"The Guardian","floor":16.0,"turns":14.0},{"damage":0.0,"enemies":"3 Byrds","floor":18.0,"turns":1.0},{"damage":0.0,"enemies":"Shell Parasite","floor":20.0,"turns":1.0},{"damage":0.0,"enemies":"Cultist and Chosen","floor":21.0,"turns":1.0},{"damage":0.0,"enemies":"Slavers","floor":24.0,"turns":1.0},{"damage":0.0,"enemies":"Centurion and Healer","floor":25.0,"turns":1.0},{"damage":0.0,"enemies":"Gremlin Leader","floor":27.0,"turns":1.0},{"damage":0.0,"enemies":"Sentry and Sphere","floor":28.0,"turns":1.0},{"damage":0.0,"enemies":"Snecko","floor":29.0,"turns":1.0},{"damage":0.0,"enemies":"Slavers","floor":30.0,"turns":1.0},{"damage":0.0,"enemies":"Chosen and Byrds","floor":31.0,"turns":1.0},{"damage":0.0,"enemies":"Collector","floor":33.0,"turns":2.0},{"damage":0.0,"enemies":"3 Shapes","floor":35.0,"turns":1.0},{"damage":0.0,"enemies":"2 Orb Walkers","floor":37.0,"turns":1.0},{"damage":0.0,"enemies":"Orb Walker","floor":39.0,"turns":1.0},{"damage":0.0,"enemies":"Reptomancer","floor":40.0,"turns":1.0},{"damage":0.0,"enemies":"Spire Growth","floor":44.0,"turns":2.0},{"damage":0.0,"enemies":"Nemesis","floor":45.0,"turns":1.0},{"damage":0.0,"enemies":"Transient","floor":46.0,"turns":6.0},{"damage":0.0,"enemies":"Reptomancer","floor":48.0,"turns":1.0},{"damage":0.0,"enemies":"Time Eater","floor":50.0,"turns":2.0},{"damage":0.0,"enemies":"Awakened One","floor":51.0,"turns":2.0},{"damage":0,"enemies":"Shield and Spear","floor":55,"turns":1},{"damage":1,"enemies":"The Heart","floor":56,"turns":5}],"seed_played":"4050655165243461578","potions_obtained":[{"floor":1.0,"key":"GamblersBrew"},{"floor":2.0,"key":"AttackPotion"},{"floor":11.0,"key":"PowerPotion"},{"floor":20.0,"key":"SkillPotion"},{"floor":28.0,"key":"EssenceOfSteel"},{"floor":31.0,"key":"GamblersBrew"},{"floor":33.0,"key":"Dexterity Potion"}],"is_trial":false,"path_per_floor":["M","M","?","M","$","R","M","M","T","R","?","$","E","?","R","B",null,"M","$","M","M","T","R","E","M","T","E","M","M","E","M","R","B",null,"M","$","?","T","M","E","$","?","T","M","E","M","R","E","R","B","B",null,"R","$","E","B",null],"character_chosen":"THE_SILENT","items_purchased":["Grand Finale","Acrobatics","Tough Bandages","GhostInAJar","War Paint"],"campfire_rested":0,"item_purchase_floors":[5,19,36,54,54],"current_hp_per_floor":[59,59,59,59,59,59,59,56,56,56,52,52,52,52,52,47,61,61,61,61,61,61,61,61,61,61,61,61,61,61,61,61,61,65,65,65,65,65,65,65,65,65,65,67,69,73,73,75,75,75,75,76,76,76,76,75],"gold":43,"neow_bonus":"THREE_ENEMY_KILL","is_prod":false,"is_daily":false,"chose_seed":false,"campfire_upgraded":7,"win_rate":0,"timestamp":1567132992,"path_taken":["M","M","?","?","$","R","M","M","T","R","?","$","E","?","R","BOSS","M","$","M","?","?","R","E","M","T","E","M","M","E","M","R","BOSS","M","$","?","?","M","E","$","?","T","M","E","?","R","E","R","BOSS","BOSS","R","$","E","BOSS"],"build_version":"2019-08-26","purchased_purges":3,"victory":true,"max_hp_per_floor":[66,66,66,66,66,66,66,66,66,66,66,66,66,66,66,66,66,66,66,66,66,66,66,66,66,66,66,66,66,66,66,66,66,66,66,66,66,66,66,66,66,66,66,68,70,74,74,76,76,76,76,76,76,76,76,76],"card_choices":[{"not_picked":["Distraction","Accuracy"],"picked":"PiercingWail","floor":1.0},{"not_picked":["Underhanded Strike","Flying Knee"],"picked":"Calculated Gamble","floor":2.0},{"not_picked":["Sucker Punch","Blade Dance","Dagger Throw"],"picked":"SKIP","floor":4.0},{"not_picked":["Underhanded Strike","Dagger Throw"],"picked":"Backflip","floor":7.0},{"not_picked":["Backflip","Eviscerate","Cloak And Dagger"],"picked":"SKIP","floor":8.0},{"not_picked":["Dagger Spray","All Out Attack"],"picked":"Prepared","floor":11.0},{"not_picked":["Bouncing Flask","Calculated Gamble","Outmaneuver"],"picked":"SKIP","floor":13.0},{"not_picked":["Endless Agony","Flechettes","Sucker Punch"],"picked":"SKIP","floor":18.0},{"not_picked":["Dagger Spray","Slice","Finisher"],"picked":"SKIP","floor":20.0},{"not_picked":["Sucker Punch","Cloak And Dagger","Catalyst"],"picked":"SKIP","floor":21.0},{"not_picked":["Deflect","Dagger Throw","Flying Knee","Noxious Fumes"],"picked":"SKIP","floor":24.0},{"not_picked":["Slice","Backflip","Dagger Throw","Prepared"],"picked":"SKIP","floor":25.0},{"not_picked":["Setup","Sucker Punch","Infinite Blades","Dagger Throw"],"picked":"SKIP","floor":27.0},{"not_picked":["Crippling Poison","Deflect","Flechettes+1","Bane"],"picked":"SKIP","floor":28.0},{"not_picked":["Heel Hook","Accuracy","Sucker Punch+1","Deadly Poison"],"picked":"SKIP","floor":29.0},{"not_picked":["Dagger Throw","Deflect","Slice"],"picked":"Footwork","floor":30.0},{"not_picked":["Acrobatics","Calculated Gamble","Bane","Leg Sweep"],"picked":"SKIP","floor":31.0},{"not_picked":["Die Die Die","Deadly Poison","Outmaneuver","Underhanded Strike+1"],"picked":"SKIP","floor":35.0},{"not_picked":["Bane","Underhanded Strike","PiercingWail","Slice"],"picked":"SKIP","floor":39.0},{"not_picked":["Crippling Poison+1","Glass Knife","Dash","Backflip+1"],"picked":"SKIP","floor":39.0},{"not_picked":["Skewer+1","Sucker Punch","Quick Slash","Poisoned Stab"],"picked":"SKIP","floor":40.0},{"not_picked":["Bane","Accuracy+1","Dash"],"picked":"Reflex","floor":44.0},{"not_picked":["Dash","Riddle With Holes","Underhanded Strike","Cloak And Dagger+1"],"picked":"Singing Bowl","floor":44.0},{"not_picked":["Sucker Punch","Dodge and Roll","PiercingWail","Deadly Poison"],"picked":"Singing Bowl","floor":45.0},{"not_picked":["Acrobatics","Dagger Spray","Wraith Form v2","Predator"],"picked":"Singing Bowl","floor":46.0},{"not_picked":["Deflect","Deadly Poison","Cloak And Dagger+1","Slice+1"],"picked":"Singing Bowl","floor":46.0},{"not_picked":["Crippling Poison","Dagger Spray","Accuracy","Deadly Poison+1"],"picked":"Singing Bowl","floor":48.0},{"not_picked":["Deadly Poison+1","Blade Dance","Underhanded Strike"],"picked":"Terror","floor":55}],"player_experience":3127274,"relics_obtained":[{"floor":11.0,"key":"Odd Mushroom"},{"floor":13.0,"key":"PreservedInsect"},{"floor":22.0,"key":"Question Card"},{"floor":24.0,"key":"Anchor"},{"floor":26.0,"key":"Mercury Hourglass"},{"floor":27.0,"key":"Vajra"},{"floor":30.0,"key":"Oddly Smooth Stone"},{"floor":37.0,"key":"Prayer Wheel"},{"floor":38.0,"key":"Lantern"},{"floor":40.0,"key":"Bottled Tornado"},{"floor":43.0,"key":"Singing Bowl"},{"floor":45.0,"key":"Centennial Puzzle"},{"floor":48.0,"key":"Happy Flower"},{"floor":55,"key":"Kunai"}],"event_choices":[{"damage_healed":0.0,"max_hp_gain":0.0,"max_hp_loss":0.0,"gold_gain":100.0,"event_name":"Wheel of Change","player_choice":"Gold","floor":3.0,"gold_loss":0.0,"damage_taken":0.0},{"damage_healed":0.0,"max_hp_gain":0.0,"max_hp_loss":0.0,"gold_gain":0.0,"event_name":"Mushrooms","player_choice":"Fought Mushrooms","floor":11.0,"gold_loss":0.0,"damage_taken":0.0},{"cards_removed":["Strike_G"],"damage_healed":0.0,"max_hp_gain":0.0,"max_hp_loss":0.0,"gold_gain":0.0,"event_name":"Purifier","player_choice":"Purged","floor":14.0,"gold_loss":0.0,"damage_taken":0.0},{"damage_healed":0.0,"max_hp_gain":0.0,"max_hp_loss":0.0,"gold_gain":0.0,"event_name":"Mysterious Sphere","player_choice":"Fight","floor":37.0,"gold_loss":0.0,"damage_taken":0.0},{"cards_removed":["Calculated Gamble"],"damage_healed":0.0,"max_hp_gain":0.0,"max_hp_loss":0.0,"gold_gain":0.0,"event_name":"Falling","player_choice":"Removed Skill","floor":42.0,"gold_loss":0.0,"damage_taken":0.0}],"is_beta":true,"boss_relics":[{"not_picked":["Snecko Eye","Black Star"],"picked":"Pandora\u0027s Box"},{"not_picked":["Fusion Hammer","Ring of the Serpent"],"picked":"Orrery"}],"items_purged_floors":[5,12,19],"is_endless":false,"potions_floor_spawned":[1,2,11,20,28,31,33,37,44,45,55],"ascension_level":20}