{"gold_per_floor":[113,188,188,206,217,217,274,140,140,174,174,205,205,217,217,290,290,305,305,305,318,11,38,38,64,64,92,108,108,125,125,125,200,200,213,264,264,106,122,150,150,38,38,68,118,128,146,146,146,146,146,146,146,54,82,82],"floor_reached":57,"playtime":3449,"items_purged":["Streamline","Go for the Eyes","Reinforced Body+1"],"score":3473,"play_id":"fe98b583-758e-4d0c-9188-953ec0087446","local_time":"20190818171503","daily_mods":["SealedDeck"],"is_ascension_mode":true,"campfire_choices":[{"data":"Sunder","floor":6.0,"key":"SMITH"},{"data":"Coolheaded","floor":13.0,"key":"SMITH"},{"data":"Loop","floor":15.0,"key":"SMITH"},{"floor":32.0,"key":"RECALL"},{"floor":41.0,"key":"REST"},{"floor":49.0,"key":"REST"},{"floor":53.0,"key":"REST"}],"neow_cost":"","seed_source_timestamp":0,"circlet_count":0,"master_deck":["AscendersBane","Blizzard+1","Turbo+1","Hologram+1","Glacier","Loop+1","Chill","Coolheaded+1","White Noise+1","Echo Form","Ghostly","Ghostly","Ghostly","Double Energy","Biased Cognition","Storm"],"special_seed":0,"relics":["Cracked Core","Pear","Potion Belt","Whetstone","Fusion Hammer","Nilry\u0027s Codex","Membership Card","War Paint","Juzu Bracelet","Shuriken","Ancient Tea Set","FossilizedHelix","Black Star","Unceasing Top","Strange Spoon","Blood Vial","Omamori","Medical Kit","Mummified Hand","Lantern","Turnip","Anchor"],"potions_floor_usage":[56,56,56,56],"damage_taken":[{"damage":0.0,"enemies":"Small Slimes","floor":1.0,"turns":3.0},{"damage":0.0,"enemies":"2 Louse","floor":4.0,"turns":2.0},{"damage":1.0,"enemies":"Cultist","floor":5.0,"turns":3.0},{"damage":6.0,"enemies":"Gremlin Nob","floor":7.0,"turns":3.0},{"damage":2.0,"enemies":"3 Sentries","floor":10.0,"turns":4.0},{"damage":0.0,"enemies":"Lagavulin","floor":12.0,"turns":5.0},{"damage":0.0,"enemies":"Large Slime","floor":14.0,"turns":3.0},{"damage":0.0,"enemies":"Slime Boss","floor":16.0,"turns":8.0},{"damage":4.0,"enemies":"Spheric Guardian","floor":18.0,"turns":3.0},{"damage":0.0,"enemies":"Chosen","floor":21.0,"turns":6.0},{"damage":0.0,"enemies":"Gremlin Leader","floor":23.0,"turns":6.0},{"damage":0.0,"enemies":"Book of Stabbing","floor":25.0,"turns":5.0},{"damage":0.0,"enemies":"Gremlin Leader","floor":27.0,"turns":6.0},{"damage":0.0,"enemies":"Centurion and Healer","floor":28.0,"turns":4.0},{"damage":0.0,"enemies":"3 Cultists","floor":30.0,"turns":7.0},{"damage":0.0,"enemies":"Champ","floor":33.0,"turns":13.0},{"damage":0.0,"enemies":"Orb Walker","floor":35.0,"turns":5.0},{"damage":0.0,"enemies":"2 Orb Walkers","floor":36.0,"turns":6.0},{"damage":0.0,"enemies":"3 Darklings","floor":39.0,"turns":5.0},{"damage":0.0,"enemies":"Giant Head","floor":40.0,"turns":8.0},{"damage":0.0,"enemies":"Reptomancer","floor":44.0,"turns":6.0},{"damage":0.0,"enemies":"Writhing Mass","floor":46.0,"turns":6.0},{"damage":0.0,"enemies":"Sphere and 2 Shapes","floor":47.0,"turns":4.0},{"damage":0.0,"enemies":"Donu and Deca","floor":50.0,"turns":9.0},{"damage":0.0,"enemies":"Awakened One","floor":51.0,"turns":10.0},{"damage":0.0,"enemies":"Shield and Spear","floor":55.0,"turns":4.0},{"damage":2,"enemies":"The Heart","floor":56,"turns":8}],"seed_played":"-2835712675072351098","potions_obtained":[{"floor":5.0,"key":"PowerPotion"},{"floor":7.0,"key":"Energy Potion"},{"floor":10.0,"key":"Block Potion"},{"floor":18.0,"key":"Fruit Juice"},{"floor":23.0,"key":"LiquidBronze"},{"floor":30.0,"key":"Regen Potion"},{"floor":33.0,"key":"Regen Potion"},{"floor":36.0,"key":"PowerPotion"},{"floor":44.0,"key":"Regen Potion"},{"floor":46.0,"key":"LiquidBronze"}],"is_trial":true,"path_per_floor":["M","?","?","M","M","R","?","$","T","E","?","E","R","M","R","B",null,"M","?","?","M","$","E","?","E","T","E","M","?","M","?","R","B",null,"M","?","?","$","M","E","R","$","T","E","?","M","M","?","R","B","B",null,"R","$","E","B",null],"character_chosen":"DEFECT","items_purchased":["Coolheaded","Membership Card","War Paint","Strange Spoon","Medical Kit","SkillPotion"],"campfire_rested":3,"item_purchase_floors":[8,22,22,38,42,54],"current_hp_per_floor":[71,60,53,53,59,59,70,70,70,75,75,81,81,81,81,81,81,86,65,65,79,79,86,43,43,43,43,43,43,43,43,43,43,43,43,43,43,43,43,43,43,43,43,43,39,43,43,43,43,43,43,43,43,43,43,41],"gold":82,"neow_bonus":"","is_prod":false,"is_daily":false,"chose_seed":false,"campfire_upgraded":3,"win_rate":0,"timestamp":1566119703,"path_taken":["M","?","?","M","M","R","?","$","T","E","?","E","R","M","R","BOSS","M","?","?","M","$","E","?","E","T","E","M","?","M","?","R","BOSS","M","?","?","?","M","E","R","$","T","E","?","M","M","?","R","BOSS","BOSS","R","$","E","BOSS"],"build_version":"2019-08-15","purchased_purges":3,"victory":true,"max_hp_per_floor":[71,71,71,71,71,71,81,81,81,81,81,81,81,81,81,81,81,86,86,86,86,86,86,43,43,43,43,43,43,43,43,43,43,43,43,43,43,43,43,43,43,43,43,43,43,43,43,43,43,43,43,43,43,43,43,43],"card_choices":[{"not_picked":["Cold Snap","Lockon","Stack"],"picked":"SKIP","floor":1.0},{"not_picked":["Barrage","Redo","Rainbow"],"picked":"SKIP","floor":4.0},{"not_picked":["Steam","Sweeping Beam"],"picked":"Sunder","floor":5.0},{"not_picked":["Compile Driver","Melter"],"picked":"White Noise","floor":10.0},{"not_picked":["Turbo","Fusion","Steam"],"picked":"SKIP","floor":12.0},{"not_picked":["Leap","Ball Lightning"],"picked":"Reinforced Body","floor":14.0},{"not_picked":["Fission","Machine Learning"],"picked":"Echo Form","floor":16.0},{"not_picked":["Doom and Gloom","Cold Snap","White Noise"],"picked":"SKIP","floor":18.0},{"not_picked":["Ball Lightning","Lockon","Compile Driver"],"picked":"SKIP","floor":21.0},{"not_picked":["Streamline","Machine Learning","Reinforced Body"],"picked":"SKIP","floor":23.0},{"not_picked":["Compile Driver","All For One","Fusion"],"picked":"SKIP","floor":25.0},{"not_picked":["Stack","Streamline","FTL"],"picked":"SKIP","floor":27.0},{"not_picked":["Turbo","Rebound","Doom and Gloom"],"picked":"SKIP","floor":28.0},{"not_picked":["Sunder","Conserve Battery","Static Discharge"],"picked":"SKIP","floor":30.0},{"not_picked":["Echo Form","Multi-Cast"],"picked":"Biased Cognition","floor":33.0},{"not_picked":["Conserve Battery","Self Repair","Capacitor"],"picked":"SKIP","floor":35.0},{"not_picked":["Hologram","Steam","Beam Cell+1"],"picked":"SKIP","floor":39.0},{"not_picked":["Creative AI","Reinforced Body","Auto Shields"],"picked":"SKIP","floor":40.0},{"not_picked":["Consume","Compile Driver"],"picked":"Storm","floor":44.0},{"not_picked":["Hello World","Rebound+1","Stack"],"picked":"SKIP","floor":46.0},{"not_picked":["Go for the Eyes","Gash","Cold Snap"],"picked":"SKIP","floor":47.0},{"not_picked":["Amplify","Ball Lightning","Consume"],"picked":"SKIP","floor":55}],"player_experience":3085206,"relics_obtained":[{"floor":7.0,"key":"Pear"},{"floor":10.0,"key":"Potion Belt"},{"floor":12.0,"key":"Whetstone"},{"floor":19.0,"key":"Nilry\u0027s Codex"},{"floor":23.0,"key":"Juzu Bracelet"},{"floor":25.0,"key":"Shuriken"},{"floor":26.0,"key":"Ancient Tea Set"},{"floor":27.0,"key":"FossilizedHelix"},{"floor":36.0,"key":"Unceasing Top"},{"floor":40.0,"key":"Blood Vial"},{"floor":40.0,"key":"Omamori"},{"floor":44.0,"key":"Mummified Hand"},{"floor":44.0,"key":"Lantern"},{"floor":55,"key":"Turnip"},{"floor":55,"key":"Anchor"}],"event_choices":[{"damage_healed":0.0,"max_hp_gain":0.0,"max_hp_loss":0.0,"gold_gain":75.0,"event_name":"World of Goop","player_choice":"Gather Gold","floor":2.0,"gold_loss":0.0,"damage_taken":11.0},{"cards_removed":["Cold Snap"],"damage_healed":0.0,"max_hp_gain":0.0,"max_hp_loss":0.0,"gold_gain":0.0,"event_name":"Golden Wing","player_choice":"Card Removal","floor":3.0,"gold_loss":0.0,"damage_taken":7.0},{"damage_healed":0.0,"max_hp_gain":0.0,"max_hp_loss":0.0,"gold_gain":0.0,"event_name":"Dead Adventurer","player_choice":"Searched \u00271\u0027 times","floor":7.0,"gold_loss":0.0,"damage_taken":0.0},{"damage_healed":0.0,"max_hp_gain":0.0,"max_hp_loss":0.0,"gold_gain":0.0,"event_name":"Living Wall","player_choice":"Grow","floor":11.0,"gold_loss":0.0,"damage_taken":0.0,"cards_upgraded":["Turbo"]},{"damage_healed":0.0,"max_hp_gain":0.0,"max_hp_loss":0.0,"gold_gain":0.0,"event_name":"Cursed Tome","player_choice":"Obtained Book","floor":19.0,"gold_loss":0.0,"damage_taken":21.0},{"damage_healed":0.0,"max_hp_gain":0.0,"max_hp_loss":0.0,"gold_gain":0.0,"event_name":"Beggar","player_choice":"Ignored","floor":20.0,"gold_loss":0.0,"damage_taken":0.0},{"damage_healed":0.0,"max_hp_gain":0.0,"max_hp_loss":43.0,"gold_gain":0.0,"event_name":"Ghosts","player_choice":"Became a Ghost","floor":24.0,"gold_loss":0.0,"damage_taken":0.0,"cards_obtained":["Ghostly","Ghostly","Ghostly"]},{"damage_healed":0.0,"max_hp_gain":0.0,"max_hp_loss":0.0,"gold_gain":0.0,"event_name":"Upgrade Shrine","player_choice":"Upgraded","floor":29.0,"gold_loss":0.0,"damage_taken":0.0,"cards_upgraded":["White Noise"]},{"damage_healed":0.0,"max_hp_gain":0.0,"max_hp_loss":0.0,"gold_gain":0.0,"cards_transformed":["FTL","Sunder"],"event_name":"Drug Dealer","player_choice":"Became Test Subject","floor":31.0,"gold_loss":0.0,"damage_taken":0.0,"cards_obtained":["Go for the Eyes","Double Energy"]},{"damage_healed":0.0,"max_hp_gain":0.0,"max_hp_loss":0.0,"gold_gain":0.0,"event_name":"Mysterious Sphere","player_choice":"Fight","floor":36.0,"gold_loss":0.0,"damage_taken":0.0},{"damage_healed":0.0,"max_hp_gain":0.0,"max_hp_loss":0.0,"gold_gain":0.0,"event_name":"Tomb of Lord Red Mask","player_choice":"Ignored","floor":37.0,"gold_loss":0.0,"damage_taken":0.0},{"damage_healed":0.0,"max_hp_gain":0.0,"max_hp_loss":0.0,"gold_gain":50.0,"event_name":"FaceTrader","player_choice":"Touch","floor":45.0,"gold_loss":0.0,"damage_taken":4.0},{"cards_removed":["Self Repair"],"damage_healed":0.0,"max_hp_gain":0.0,"max_hp_loss":0.0,"gold_gain":0.0,"event_name":"Bonfire Elementals","player_choice":"Offered Uncommon","floor":48.0,"gold_loss":0.0,"damage_taken":0.0}],"is_beta":true,"boss_relics":[{"not_picked":["Busted Crown","Orrery"],"picked":"Fusion Hammer"},{"not_picked":["Philosopher\u0027s Stone","FrozenCore"],"picked":"Black Star"}],"items_purged_floors":[8,38,54],"is_endless":false,"potions_floor_spawned":[5,7,10,18,23,30,33,36,44,46,47,55],"ascension_level":20}