{"path_per_floor":["M","M","M","?","?","E","M","E","T","?","M","R","$","E","R"],"character_chosen":"DEFECT","items_purchased":["Steam","AttackPotion","AttackPotion"],"gold_per_floor":[117,132,151,151,151,181,197,227,254,254,273,273,47,77,77,77],"floor_reached":16,"campfire_rested":2,"playtime":507,"item_purchase_floors":[13,13,13],"current_hp_per_floor":[64,57,57,57,57,32,25,12,12,12,14,37,37,32,70,70],"items_purged":["Defend_B"],"gold":77,"score":162,"play_id":"ecb9c72f-47bc-4271-8e9d-46c613e8dd67","local_time":"20180609144822","is_prod":false,"is_daily":false,"chose_seed":false,"is_ascension_mode":true,"campfire_upgraded":0,"win_rate":0,"timestamp":1528548502,"campfire_choices":[{"floor":12,"key":"REST"},{"floor":15,"key":"REST"}],"path_taken":["M","M","M","?","?","E","M","E","T","?","?","R","$","E","R","BOSS"],"build_version":"2018-06-07v3","seed_source_timestamp":79214582850234,"purchased_purges":1,"victory":false,"master_deck":["Strike_B","Strike_B","Strike_B","Defend_B+1","Defend_B+1","Defend_B","Zap","Dualcast","Core Surge","Sweeping Beam","Hologram","Conserve Battery","Steam"],"max_hp_per_floor":[75,75,75,75,75,75,75,75,75,75,77,77,77,79,79,79],"relics":["Cracked Core","Oddly Smooth Stone","War Paint","Singing Bowl","Regal Pillow"],"card_choices":[{"not_picked":["Steam","Genetic Algorithm"],"picked":"Sweeping Beam","floor":1},{"not_picked":["Double Energy","Barrage"],"picked":"Hologram","floor":2},{"not_picked":["Cold Snap","Hologram","Undo"],"picked":"SKIP","floor":3},{"not_picked":["Steam Power","Hologram"],"picked":"Conserve Battery","floor":6},{"not_picked":["Compile Driver","Fusion","Cold Snap"],"picked":"SKIP","floor":7},{"not_picked":["Compile Driver","Fusion","Cold Snap"],"picked":"SKIP","floor":7},{"not_picked":["Undo","Turbo","Creative AI"],"picked":"SKIP","floor":8},{"not_picked":["Cold Snap","Sweeping Beam","Beam Cell"],"picked":"Singing Bowl","floor":11},{"not_picked":["Double Energy","Force Field","Glacier"],"picked":"Singing Bowl","floor":14}],"player_experience":832309,"potions_floor_usage":[6,8,14],"damage_taken":[{"damage":4,"enemies":"Small Slimes","floor":1,"turns":3},{"damage":7,"enemies":"Jaw Worm","floor":2,"turns":3},{"damage":0,"enemies":"2 Louse","floor":3,"turns":2},{"damage":25,"enemies":"Lagavulin","floor":6,"turns":7},{"damage":7,"enemies":"Gremlin Gang","floor":7,"turns":5},{"damage":13,"enemies":"3 Sentries","floor":8,"turns":5},{"damage":0,"enemies":"2 Fungi Beasts","floor":11,"turns":3},{"damage":7,"enemies":"Lagavulin","floor":14,"turns":6},{"damage":0,"enemies":"The Guardian","floor":16,"turns":1}],"relics_obtained":[{"floor":6,"key":"Oddly Smooth Stone"},{"floor":8,"key":"War Paint"},{"floor":9,"key":"Singing Bowl"},{"floor":14,"key":"Regal Pillow"}],"event_choices":[{"event_name":"Liars Game","player_choice":"disagreed","floor":4,"damage_taken":0},{"event_name":"Bonfire Elementals","player_choice":"BASIC","floor":5,"damage_taken":0},{"event_name":"The Woman in Blue","player_choice":"Bought 0 Potions","floor":10,"damage_taken":0}],"boss_relics":[],"items_purged_floors":[13],"potions_floor_spawned":[3,6],"seed_played":"-1989202441336345246","killed_by":"The Guardian","ascension_level":7,"potions_obtained":[{"floor":3,"key":"Fire Potion"},{"floor":6,"key":"AttackPotion"}],"is_trial":false}