{"gold_per_floor":[113,113,38,58,58,94,112,112],"floor_reached":8,"playtime":197,"items_purged":["Strike_R"],"score":162,"play_id":"9ad70e91-ade3-44c6-8fb3-9c39482b6be0","local_time":"20190721154004","is_ascension_mode":true,"campfire_choices":[],"neow_cost":"NONE","seed_source_timestamp":707342043410248,"circlet_count":0,"master_deck":["AscendersBane","Strike_R","Strike_R","Strike_R","Strike_R+1","Defend_R+1","Defend_R","Defend_R","Defend_R","Bash","Entrench","Barricade","Warcry+1"],"special_seed":0,"relics":["Burning Blood","NeowsBlessing","Golden Idol","Toxic Egg 2"],"potions_floor_usage":[8,8],"damage_taken":[{"damage":0.0,"enemies":"2 Louse","floor":1.0,"turns":1.0},{"damage":0.0,"enemies":"Small Slimes","floor":4.0,"turns":2.0},{"damage":0.0,"enemies":"Gremlin Nob","floor":6.0,"turns":1.0},{"damage":9.0,"enemies":"Jaw Worm","floor":7.0,"turns":6.0},{"damage":62,"enemies":"3 Sentries","floor":8,"turns":7}],"seed_played":"3726147704199401939","potions_obtained":[{"floor":1.0,"key":"GamblersBrew"},{"floor":6.0,"key":"GamblersBrew"}],"is_trial":false,"path_per_floor":["M","?","$","M","?","E","M","E"],"character_chosen":"IRONCLAD","items_purchased":[],"campfire_rested":0,"item_purchase_floors":[],"current_hp_per_floor":[74,51,51,57,57,63,60,0],"gold":112,"neow_bonus":"THREE_ENEMY_KILL","is_prod":false,"is_daily":false,"chose_seed":false,"campfire_upgraded":0,"win_rate":0,"timestamp":1563694804,"path_taken":["M","?","$","M","?","E","M","E"],"build_version":"2019-07-18","purchased_purges":1,"victory":false,"max_hp_per_floor":[75,75,75,75,68,68,68,68],"card_choices":[{"not_picked":["Pommel Strike","Sword Boomerang"],"picked":"Entrench","floor":1.0},{"not_picked":["Sword Boomerang","Perfected Strike"],"picked":"Barricade","floor":4.0},{"not_picked":["Perfected Strike","Wild Strike","Searing Blow"],"picked":"SKIP","floor":6.0},{"not_picked":["Iron Wave","Flame Barrier+1"],"picked":"Warcry+1","floor":7.0}],"player_experience":3074613,"relics_obtained":[{"floor":6.0,"key":"Toxic Egg 2"}],"event_choices":[{"damage_healed":0.0,"max_hp_gain":0.0,"max_hp_loss":0.0,"gold_gain":0.0,"event_name":"Shining Light","player_choice":"Entered Light","floor":2.0,"gold_loss":0.0,"damage_taken":23.0,"cards_upgraded":["Defend_R","Strike_R"]},{"damage_healed":0.0,"max_hp_gain":0.0,"max_hp_loss":7.0,"gold_gain":0.0,"event_name":"Golden Idol","player_choice":"Lose Max HP","floor":5.0,"gold_loss":0.0,"damage_taken":0.0,"relics_obtained":["Golden Idol"]}],"is_beta":true,"boss_relics":[],"items_purged_floors":[3],"is_endless":false,"potions_floor_spawned":[1,6],"killed_by":"3 Sentries","ascension_level":20}