{"gold_per_floor":[217,236,13,26,26,26,56,56,56,74,87,87,102,102,102,206,206,216,234,251,5,24,24,44,44,70,83,83,83,108,123,123,123],"floor_reached":33,"playtime":6316,"items_purged":[],"score":271,"play_id":"88275818-da84-4730-8a66-ee2dfbe23128","local_time":"20190804122514","is_ascension_mode":false,"campfire_choices":[{"data":"Doom and Gloom","floor":6.0,"key":"SMITH"},{"floor":8.0,"key":"REST"},{"floor":12.0,"key":"REST"},{"data":"Chaos","floor":15.0,"key":"SMITH"},{"floor":23.0,"key":"REST"},{"floor":29,"key":"REST"},{"floor":32,"key":"REST"}],"neow_cost":"NONE","seed_source_timestamp":0,"circlet_count":0,"master_deck":["Strike_B+1","Strike_B+1","Strike_B+1","Strike_B+1","Defend_B+1","Defend_B+1","Defend_B+1","Defend_B+1","Zap","Dualcast","Storm+1","Chaos+1","Capacitor","Doom and Gloom+1","Leap","Undo","Static Discharge","Double Energy","Echo Form","BootSequence","Coolheaded","Conserve Battery","Glacier","White Noise","Go for the Eyes+1","Multi-Cast","Melter"],"special_seed":0,"relics":["Cracked Core","Regal Pillow","Bottled Tornado","Blue Candle","Runic Pyramid","Pantograph","Anchor","Vajra"],"potions_floor_usage":[31],"damage_taken":[{"damage":6.0,"enemies":"Jaw Worm","floor":1.0,"turns":3.0},{"damage":1.0,"enemies":"Cultist","floor":2.0,"turns":3.0},{"damage":4.0,"enemies":"2 Louse","floor":4.0,"turns":3.0},{"damage":26.0,"enemies":"3 Sentries","floor":7.0,"turns":6.0},{"damage":13.0,"enemies":"Looter","floor":10.0,"turns":4.0},{"damage":13.0,"enemies":"Exordium Thugs","floor":11.0,"turns":6.0},{"damage":13.0,"enemies":"Large Slime","floor":13.0,"turns":4.0},{"damage":28.0,"enemies":"Hexaghost","floor":16.0,"turns":7.0},{"damage":10.0,"enemies":"Spheric Guardian","floor":18.0,"turns":3.0},{"damage":8.0,"enemies":"3 Byrds","floor":19.0,"turns":5.0},{"damage":16.0,"enemies":"3 Cultists","floor":20.0,"turns":6.0},{"damage":13.0,"enemies":"Snake Plant","floor":22.0,"turns":5.0},{"damage":23.0,"enemies":"Shelled Parasite and Fungi","floor":24.0,"turns":10.0},{"damage":0,"enemies":"Cultist and Chosen","floor":27,"turns":4},{"damage":26,"enemies":"Gremlin Leader","floor":30,"turns":6},{"damage":3,"enemies":"Centurion and Healer","floor":31,"turns":7},{"damage":97,"enemies":"Collector","floor":33,"turns":16}],"seed_played":"4724264828010392696","potions_obtained":[{"floor":4.0,"key":"Fruit Juice"},{"floor":7.0,"key":"SneckoOil"},{"floor":13.0,"key":"Dexterity Potion"},{"floor":20.0,"key":"Swift Potion"},{"floor":27,"key":"Block Potion"}],"is_trial":false,"path_per_floor":["M","M","$","M","?","R","E","R","T","M","M","R","M","?","R","B",null,"M","M","M","$","M","R","M","?","T","M","?","R","E","M","R","B"],"character_chosen":"DEFECT","items_purchased":["Regal Pillow","Capacitor","Pantograph"],"campfire_rested":5,"item_purchase_floors":[3,3,21],"current_hp_per_floor":[69,68,68,64,64,64,38,75,75,62,49,75,67,67,67,39,80,70,62,46,46,33,72,49,49,49,49,34,74,48,45,85,0],"gold":123,"neow_bonus":"HUNDRED_GOLD","is_prod":false,"is_daily":false,"chose_seed":false,"campfire_upgraded":2,"win_rate":0.0,"timestamp":1564946714,"path_taken":["M","M","$","M","?","R","E","R","T","M","M","R","M","?","R","BOSS","M","M","?","$","M","R","M","?","T","M","?","R","E","M","R","BOSS"],"build_version":"2019-07-17","purchased_purges":0,"victory":false,"max_hp_per_floor":[75,75,75,75,75,75,75,75,75,75,75,75,80,80,80,80,80,80,80,80,80,80,80,80,80,80,80,85,85,85,85,85,85],"card_choices":[{"not_picked":["Hologram","Barrage"],"picked":"Storm","floor":1.0},{"not_picked":["Glacier","Sunder"],"picked":"Chaos","floor":2.0},{"not_picked":["Loop","Sweeping Beam"],"picked":"Doom and Gloom","floor":4.0},{"not_picked":["Gash","Recycle"],"picked":"Leap","floor":7.0},{"not_picked":["Leap","Compile Driver"],"picked":"Undo","floor":10.0},{"not_picked":["White Noise","Force Field"],"picked":"Static Discharge","floor":11.0},{"not_picked":["Compile Driver","Melter"],"picked":"Double Energy","floor":13.0},{"not_picked":["Amplify","Machine Learning"],"picked":"Echo Form","floor":16.0},{"not_picked":["Barrage","Coolheaded"],"picked":"BootSequence","floor":18.0},{"not_picked":["Gash","Barrage"],"picked":"Coolheaded","floor":19.0},{"not_picked":["Skim+1","Beam Cell+1"],"picked":"Conserve Battery","floor":20.0},{"not_picked":["Redo","Sweeping Beam"],"picked":"Glacier","floor":22.0},{"not_picked":["Defragment","Steam Power+1"],"picked":"White Noise","floor":24},{"not_picked":["Leap","Cold Snap+1"],"picked":"Go for the Eyes+1","floor":27},{"not_picked":["Turbo","Cold Snap"],"picked":"Multi-Cast","floor":30},{"not_picked":["Coolheaded","Streamline"],"picked":"Melter","floor":31}],"player_experience":307439,"relics_obtained":[{"floor":7.0,"key":"Bottled Tornado"},{"floor":9.0,"key":"Blue Candle"},{"floor":26,"key":"Anchor"},{"floor":30,"key":"Vajra"}],"event_choices":[{"damage_healed":0.0,"max_hp_gain":0.0,"max_hp_loss":0.0,"gold_gain":0.0,"event_name":"Shining Light","player_choice":"Ignored","floor":5.0,"gold_loss":0.0,"damage_taken":0.0},{"damage_healed":0.0,"max_hp_gain":0.0,"max_hp_loss":0.0,"gold_gain":0.0,"event_name":"Accursed Blacksmith","player_choice":"Forge","floor":14.0,"gold_loss":0.0,"damage_taken":0.0,"cards_upgraded":["Storm"]},{"damage_healed":0,"gold_gain":0,"player_choice":"Simplicity","damage_taken":0,"max_hp_gain":0,"max_hp_loss":0,"event_name":"Back to Basics","floor":25,"gold_loss":0,"cards_upgraded":["Strike_B","Strike_B","Strike_B","Strike_B","Defend_B","Defend_B","Defend_B","Defend_B"]},{"damage_healed":0,"gold_gain":0,"player_choice":"Shed Blood","damage_taken":20,"max_hp_gain":5,"max_hp_loss":0,"event_name":"Forgotten Altar","floor":28,"gold_loss":0}],"is_beta":false,"boss_relics":[{"not_picked":["Velvet Choker","Sozu"],"picked":"Runic Pyramid"}],"items_purged_floors":[],"is_endless":false,"potions_floor_spawned":[4,7,13,20,27,30],"killed_by":"Collector","ascension_level":0}