{"gold_per_floor":[211,9,9,9,29,29,46,80,80,80,5,36,36,66,66,144,144,154,166,166,66,93,93,124,124,124,141,16,16,49,65,65,142,142,154,1153,1153,539,539,564,579,579,579,611,146,160,192,202,202,202,202,202,202,2,31,31],"floor_reached":57,"playtime":2981,"items_purged":["Strike_B","Pain","Rip and Tear","Normality","Normality","Cold Snap+1"],"score":2878,"play_id":"49dd5b85-e93f-43a5-9638-795ac7fada18","local_time":"20190828144238","is_ascension_mode":true,"campfire_choices":[{"data":"Zap","floor":6.0,"key":"SMITH"},{"data":"Sunder","floor":10.0,"key":"SMITH"},{"data":"Coolheaded","floor":13.0,"key":"SMITH"},{"data":"Darkness","floor":15.0,"key":"SMITH"},{"data":"Heatsinks","floor":23.0,"key":"SMITH"},{"data":"Heatsinks","floor":25.0,"key":"SMITH"},{"data":"Recycle","floor":29.0,"key":"SMITH"},{"data":"Turbo","floor":32.0,"key":"SMITH"},{"data":"Defragment","floor":42.0,"key":"SMITH"},{"floor":49.0,"key":"RECALL"},{"data":"Seek","floor":53.0,"key":"SMITH"}],"neow_cost":"NONE","seed_source_timestamp":52566183023050,"circlet_count":0,"master_deck":["AscendersBane","Zap+1","Dualcast","Coolheaded+1","Recycle+1","Heatsinks+1","Blizzard+1","Sunder+1","Tempest","BootSequence","Darkness+1","Biased Cognition","Heatsinks+1","Loop","Chill+1","White Noise","Double Energy","Coolheaded","Skim+1","Heatsinks","Turbo+1","Seek+1","Echo Form","Double Energy+1","Loop","Self Repair+1","Capacitor","Compile Driver+1","Defragment+1","Buffer","Core Surge","Hologram","Gash"],"special_seed":0,"relics":["Cracked Core","Art of War","Bag of Marbles","Meat on the Bone","Ancient Tea Set","Sundial","Pandora\u0027s Box","WarpedTongs","Boot","Pear","Dream Catcher","Orrery","Frozen Eye","Vajra","Whetstone","MawBank","ClockworkSouvenir","Centennial Puzzle","War Paint"],"potions_floor_usage":[56],"damage_taken":[{"damage":1.0,"enemies":"Small Slimes","floor":1.0,"turns":4.0},{"damage":4.0,"enemies":"Cultist","floor":5.0,"turns":4.0},{"damage":4.0,"enemies":"2 Louse","floor":7.0,"turns":3.0},{"damage":25.0,"enemies":"3 Sentries","floor":8.0,"turns":9.0},{"damage":8.0,"enemies":"Gremlin Nob","floor":12.0,"turns":3.0},{"damage":7.0,"enemies":"3 Sentries","floor":14.0,"turns":6.0},{"damage":22.0,"enemies":"Hexaghost","floor":16.0,"turns":9.0},{"damage":8.0,"enemies":"Shell Parasite","floor":18.0,"turns":3.0},{"damage":3.0,"enemies":"3 Byrds","floor":19.0,"turns":3.0},{"damage":43.0,"enemies":"Book of Stabbing","floor":24.0,"turns":4.0},{"damage":10.0,"enemies":"Centurion and Healer","floor":27.0,"turns":4.0},{"damage":0.0,"enemies":"Slavers","floor":30.0,"turns":4.0},{"damage":14.0,"enemies":"Snecko","floor":31.0,"turns":4.0},{"damage":37.0,"enemies":"Collector","floor":33.0,"turns":5.0},{"damage":14.0,"enemies":"Orb Walker","floor":35.0,"turns":3.0},{"damage":3.0,"enemies":"Giant Head","floor":40.0,"turns":5.0},{"damage":21.0,"enemies":"3 Shapes","floor":41.0,"turns":5.0},{"damage":32.0,"enemies":"3 Darklings","floor":44.0,"turns":4.0},{"damage":22.0,"enemies":"Transient","floor":46.0,"turns":6.0},{"damage":6.0,"enemies":"Nemesis","floor":47.0,"turns":5.0},{"damage":0.0,"enemies":"Maw","floor":48.0,"turns":5.0},{"damage":11.0,"enemies":"Donu and Deca","floor":50.0,"turns":4.0},{"damage":25.0,"enemies":"Time Eater","floor":51.0,"turns":6.0},{"damage":0.0,"enemies":"Shield and Spear","floor":55.0,"turns":3.0},{"damage":79,"enemies":"The Heart","floor":56,"turns":9}],"seed_played":"-4785348214353871009","potions_obtained":[{"floor":1.0,"key":"FairyPotion"},{"floor":4.0,"key":"FearPotion"},{"floor":5.0,"key":"PowerPotion"},{"floor":14.0,"key":"SkillPotion"},{"floor":16.0,"key":"Explosive Potion"},{"floor":19.0,"key":"FearPotion"},{"floor":24.0,"key":"SpeedPotion"},{"floor":27.0,"key":"PowerPotion"},{"floor":35.0,"key":"FearPotion"},{"floor":46.0,"key":"Swift Potion"},{"floor":55.0,"key":"Explosive Potion"}],"is_trial":false,"path_per_floor":["M","$","?","?","M","R","M","E","T","R","$","E","R","E","R","B",null,"M","M","?","$","T","R","E","R","T","M","$","R","E","M","R","B",null,"M","?","?","$","?","E","M","R","T","M","$","M","E","M","R","B","B",null,"R","$","E","B",null],"character_chosen":"DEFECT","items_purchased":["Recycle","Heatsinks","Blizzard","Capacitor","Frozen Eye","Vajra","ClockworkSouvenir","FocusPotion"],"campfire_rested":0,"item_purchase_floors":[2,2,2,38,38,38,45,45],"current_hp_per_floor":[63,63,58,58,54,54,50,25,25,25,25,29,29,34,34,24,59,51,48,48,48,48,48,17,17,27,29,29,29,41,39,39,14,64,50,50,50,50,50,57,58,58,58,48,48,48,52,72,72,81,76,80,80,80,81,14],"gold":31,"neow_bonus":"HUNDRED_GOLD","is_prod":false,"is_daily":false,"chose_seed":false,"campfire_upgraded":10,"win_rate":0,"timestamp":1566974558,"path_taken":["M","$","?","?","M","R","M","E","T","R","$","E","R","E","R","BOSS","M","?","?","$","?","R","E","R","T","M","?","R","E","M","R","BOSS","M","?","?","$","?","E","M","R","T","M","$","M","E","?","R","BOSS","BOSS","R","$","E","BOSS"],"build_version":"2019-07-17","purchased_purges":6,"victory":true,"max_hp_per_floor":[71,71,71,71,71,71,71,71,71,71,71,71,71,71,71,71,71,71,71,71,71,71,71,71,71,81,81,81,81,81,81,81,81,81,81,81,81,81,81,81,81,81,81,81,81,81,81,81,81,81,81,81,81,81,81,81],"card_choices":[{"not_picked":["Reprogram","Gash"],"picked":"Coolheaded","floor":1.0},{"not_picked":["Steam","Compile Driver"],"picked":"Cold Snap","floor":5.0},{"not_picked":["Gash","Chaos"],"picked":"Sunder","floor":7.0},{"not_picked":["Sweeping Beam","Gash"],"picked":"Tempest","floor":8.0},{"not_picked":["Cold Snap","Gash"],"picked":"BootSequence","floor":12.0},{"not_picked":["Turbo","Undo"],"picked":"Darkness","floor":14.0},{"not_picked":["Fission","Seek"],"picked":"Biased Cognition","floor":16.0},{"not_picked":["Go for the Eyes","Rebound+1","Sweeping Beam"],"picked":"SKIP","floor":18.0},{"not_picked":["White Noise","Scrape"],"picked":"Coolheaded","floor":19.0},{"not_picked":["Ball Lightning","Electrodynamics"],"picked":"Skim","floor":24.0},{"not_picked":["Sweeping Beam+1","Rip and Tear","Gash"],"picked":"SKIP","floor":27.0},{"not_picked":["Cold Snap","Double Energy"],"picked":"Heatsinks","floor":30.0},{"not_picked":["Chaos","Rebound"],"picked":"Turbo","floor":31.0},{"not_picked":["Creative AI","Biased Cognition"],"picked":"Seek","floor":33.0},{"not_picked":["Streamline","Cold Snap"],"picked":"Echo Form","floor":34.0},{"not_picked":["Chaos","Storm"],"picked":"Double Energy+1","floor":34.0},{"not_picked":["Steam","Aggregate"],"picked":"Loop","floor":34.0},{"not_picked":["Auto Shields","Steam+1"],"picked":"Self Repair+1","floor":35.0},{"not_picked":["Coolheaded","Tempest"],"picked":"Compile Driver+1","floor":40.0},{"not_picked":["Rebound","Doom and Gloom"],"picked":"Defragment","floor":41.0},{"not_picked":["BootSequence","Static Discharge+1","Sunder"],"picked":"SKIP","floor":44.0},{"not_picked":["Sweeping Beam","Steam"],"picked":"Buffer","floor":46.0},{"not_picked":["Rebound","Barrage+1"],"picked":"Core Surge","floor":47.0},{"not_picked":["FTL","Leap"],"picked":"Hologram","floor":48.0},{"not_picked":["Go for the Eyes","FTL+1"],"picked":"Gash","floor":55.0}],"player_experience":2251022,"relics_obtained":[{"floor":8.0,"key":"Bag of Marbles"},{"floor":9.0,"key":"Meat on the Bone"},{"floor":12.0,"key":"Ancient Tea Set"},{"floor":14.0,"key":"Sundial"},{"floor":24.0,"key":"Boot"},{"floor":26.0,"key":"Pear"},{"floor":30.0,"key":"Dream Catcher"},{"floor":40.0,"key":"Whetstone"},{"floor":43.0,"key":"MawBank"},{"floor":47.0,"key":"Centennial Puzzle"},{"floor":55.0,"key":"War Paint"}],"event_choices":[{"damage_healed":0.0,"max_hp_gain":0.0,"max_hp_loss":0.0,"gold_gain":0.0,"event_name":"Scrap Ooze","player_choice":"Success","floor":3.0,"gold_loss":0.0,"damage_taken":5.0,"relics_obtained":["Art of War"]},{"damage_healed":0.0,"max_hp_gain":0.0,"max_hp_loss":0.0,"gold_gain":0.0,"event_name":"Lab","player_choice":"Got Potions","floor":4.0,"gold_loss":0.0,"damage_taken":0.0},{"damage_healed":0.0,"max_hp_gain":0.0,"max_hp_loss":0.0,"gold_gain":0.0,"event_name":"Accursed Blacksmith","player_choice":"Rummage","floor":20.0,"gold_loss":0.0,"damage_taken":0.0,"relics_obtained":["WarpedTongs"],"cards_obtained":["Pain"]},{"damage_healed":0.0,"max_hp_gain":0.0,"max_hp_loss":0.0,"gold_gain":999.0,"event_name":"MindBloom","player_choice":"Gold","floor":36.0,"gold_loss":0.0,"damage_taken":0.0,"cards_obtained":["Normality","Normality"]},{"damage_healed":0.0,"max_hp_gain":0.0,"max_hp_loss":0.0,"gold_gain":0.0,"event_name":"Tomb of Lord Red Mask","player_choice":"Ignored","floor":37.0,"gold_loss":0.0,"damage_taken":0.0},{"cards_removed":["Scrape"],"damage_healed":0.0,"max_hp_gain":0.0,"max_hp_loss":0.0,"gold_gain":0.0,"event_name":"Falling","player_choice":"Removed Attack","floor":39.0,"gold_loss":0.0,"damage_taken":0.0}],"is_beta":false,"boss_relics":[{"not_picked":["Lizard Tail","Calling Bell"],"picked":"Pandora\u0027s Box"},{"not_picked":["Snecko Eye","Velvet Choker"],"picked":"Orrery"}],"items_purged_floors":[11,21,28,38,45,54],"is_endless":false,"potions_floor_spawned":[1,5,14,16,19,24,27,35,46,48,55],"ascension_level":20}