{"gold_per_floor":[213,213,229,252,265,265,278,278,278,22,22,34,34,49,49,154,154,171,171,184,184,134,134,144,157,157,168,168,187,199,199,199,300,300,311,311,105,118,118,118,145,31,112,127,127,146,146,160,160,160],"floor_reached":51,"playtime":6866,"items_purged":[],"score":771,"play_id":"512e145b-fa97-4222-bea7-cfe6e4263f6b","local_time":"20190910125452","is_ascension_mode":false,"campfire_choices":[{"data":"Accuracy","floor":6.0,"key":"SMITH"},{"data":"Crippling Poison","floor":8.0,"key":"SMITH"},{"data":"Apotheosis","floor":11.0,"key":"SMITH"},{"floor":15.0,"key":"REST"},{"data":"Dodge and Roll","floor":23.0,"key":"SMITH"},{"floor":28.0,"key":"REST"},{"floor":32.0,"key":"REST"},{"data":"Bane","floor":40,"key":"SMITH"},{"data":"Bane","floor":45,"key":"SMITH"},{"floor":49,"key":"REST"}],"neow_cost":"NONE","seed_source_timestamp":0,"circlet_count":0,"master_deck":["Strike_G","Strike_G","Strike_G","Strike_G","Strike_G","Defend_G","Defend_G","Defend_G","Defend_G","Defend_G","Survivor","Neutralize","Poisoned Stab+1","Dodge and Roll+1","Accuracy+1","Crippling Poison+1","Apotheosis+1","Bane","Backflip","Poisoned Stab","Bouncing Flask","Cloak And Dagger","After Image","Adrenaline","Bane+1","Backflip","Well Laid Plans","Backflip","Escape Plan+1","Dagger Spray+1","Accuracy","Blade Dance+1","Cloak And Dagger+1","Poisoned Stab","Bane+1","Noxious Fumes+1","Backstab+1","Bouncing Flask","Decay","After Image+1","Blade Dance","Blade Dance+1","Poisoned Stab","Catalyst+1","Leg Sweep+1","Die Die Die","Caltrops+1","PiercingWail","Deadly Poison","Crippling Poison+1","Crippling Poison","PiercingWail","Enlightenment","Blade Dance+1"],"special_seed":0,"relics":["Ring of the Serpent","Anchor","Prayer Wheel","Philosopher\u0027s Stone","MutagenicStrength","Frozen Egg 2","Happy Flower","Paper Crane","Molten Egg 2"],"potions_floor_usage":[48,50],"damage_taken":[{"damage":2.0,"enemies":"2 Louse","floor":1.0,"turns":3.0},{"damage":1.0,"enemies":"Jaw Worm","floor":3.0,"turns":4.0},{"damage":0.0,"enemies":"Cultist","floor":5.0,"turns":4.0},{"damage":0.0,"enemies":"2 Fungi Beasts","floor":7.0,"turns":5.0},{"damage":9.0,"enemies":"Looter","floor":12.0,"turns":4.0},{"damage":13.0,"enemies":"Gremlin Gang","floor":14.0,"turns":5.0},{"damage":18.0,"enemies":"Hexaghost","floor":16.0,"turns":8.0},{"damage":2.0,"enemies":"Shell Parasite","floor":18.0,"turns":4.0},{"damage":5.0,"enemies":"2 Thieves","floor":20.0,"turns":4.0},{"damage":17.0,"enemies":"Snake Plant","floor":24.0,"turns":5.0},{"damage":13.0,"enemies":"Snecko","floor":25.0,"turns":7.0},{"damage":0.0,"enemies":"Centurion and Healer","floor":27.0,"turns":5.0},{"damage":8.0,"enemies":"Snake Plant","floor":29.0,"turns":5.0},{"damage":0.0,"enemies":"Cultist and Chosen","floor":30.0,"turns":4.0},{"damage":44.0,"enemies":"Automaton","floor":33.0,"turns":11.0},{"damage":1.0,"enemies":"Orb Walker","floor":35.0,"turns":3.0},{"damage":0.0,"enemies":"3 Darklings","floor":38.0,"turns":6.0},{"damage":0,"enemies":"Nemesis","floor":41,"turns":5},{"damage":8,"enemies":"Maw","floor":44,"turns":6},{"damage":8,"enemies":"4 Shapes","floor":46,"turns":4},{"damage":8,"enemies":"3 Darklings","floor":48,"turns":4},{"damage":12,"enemies":"Donu and Deca","floor":50,"turns":10}],"seed_played":"8478849111971845371","potions_obtained":[{"floor":3.0,"key":"Dexterity Potion"},{"floor":12.0,"key":"Swift Potion"},{"floor":20.0,"key":"GamblersBrew"},{"floor":24.0,"key":"SkillPotion"},{"floor":27.0,"key":"SteroidPotion"},{"floor":46,"key":"EssenceOfSteel"},{"floor":48,"key":"SpeedPotion"}],"is_trial":false,"path_per_floor":["M","?","M","T","M","R","M","R","T","$","R","M","?","M","R","B",null,"M","?","M","?","?","R","M","M","T","M","R","M","M","?","R","B",null,"M","?","$","M","?","R","E","$","T","M","R","M","?","M","R","B",null],"character_chosen":"THE_SILENT","items_purchased":["Apotheosis","Bane","Backflip","Happy Flower","Poisoned Stab","Caltrops+1","PiercingWail"],"campfire_rested":4,"item_purchase_floors":[10,10,10,37,37,42,42],"current_hp_per_floor":[68,68,67,67,67,67,67,67,67,67,67,58,58,45,66,48,70,68,68,63,63,63,63,46,33,33,33,54,46,46,46,67,23,70,69,69,69,69,69,69,69,69,69,61,61,53,53,45,66,54],"gold":160,"neow_bonus":"HUNDRED_GOLD","is_prod":false,"is_daily":false,"chose_seed":false,"campfire_upgraded":6,"win_rate":0,"timestamp":1568145292,"path_taken":["M","?","M","?","M","R","M","R","T","$","R","M","?","M","R","BOSS","M","?","?","?","?","R","M","M","T","M","R","M","?","?","R","BOSS","M","?","$","M","?","R","E","$","T","M","R","?","?","M","R","BOSS"],"build_version":"2019-07-17","purchased_purges":0,"victory":true,"max_hp_per_floor":[70,70,70,70,70,70,70,70,70,70,70,70,70,70,70,70,70,70,70,70,70,70,70,70,70,70,70,70,70,70,70,70,70,70,70,70,70,70,70,70,70,70,70,70,70,70,70,70,70,70],"card_choices":[{"not_picked":["Well Laid Plans","Slice"],"picked":"Poisoned Stab","floor":1.0},{"not_picked":["Acrobatics","Finisher"],"picked":"Dodge and Roll","floor":3.0},{"not_picked":["Deadly Poison","Finisher"],"picked":"Accuracy","floor":5.0},{"not_picked":["Dagger Throw","Tactician"],"picked":"Crippling Poison","floor":7.0},{"not_picked":["Flechettes","Sucker Punch"],"picked":"Poisoned Stab","floor":12.0},{"not_picked":["Sucker Punch","Prepared"],"picked":"Bouncing Flask","floor":12.0},{"not_picked":["Crippling Poison","Sucker Punch"],"picked":"Cloak And Dagger","floor":14.0},{"not_picked":["Crippling Poison","Bane"],"picked":"After Image","floor":14.0},{"not_picked":["Die Die Die","Glass Knife"],"picked":"Adrenaline","floor":16.0},{"not_picked":["Quick Slash","Flying Knee"],"picked":"Bane","floor":18.0},{"not_picked":["PiercingWail","Bane"],"picked":"Backflip","floor":18.0},{"not_picked":["Underhanded Strike","Slice"],"picked":"Backflip","floor":20.0},{"not_picked":["Underhanded Strike+1","Quick Slash"],"picked":"Escape Plan+1","floor":20.0},{"not_picked":["Die Die Die","Bouncing Flask"],"picked":"Dagger Spray+1","floor":24.0},{"not_picked":["Tactician","Reflex+1"],"picked":"Accuracy","floor":24.0},{"not_picked":["Underhanded Strike","Predator+1"],"picked":"Blade Dance+1","floor":25.0},{"not_picked":["Deadly Poison","Backflip"],"picked":"Cloak And Dagger+1","floor":25.0},{"not_picked":["Backstab+1","Flying Knee"],"picked":"Poisoned Stab","floor":27.0},{"not_picked":["Doppelganger","Heel Hook"],"picked":"Bane","floor":27.0},{"not_picked":["Backflip","Acrobatics+1"],"picked":"Noxious Fumes+1","floor":29.0},{"not_picked":["Slice","Sucker Punch","Escape Plan+1"],"picked":"SKIP","floor":29.0},{"not_picked":["Acrobatics","Expertise"],"picked":"Backstab+1","floor":30.0},{"not_picked":["Bane","Backflip"],"picked":"Bouncing Flask","floor":30.0},{"not_picked":["Malaise","Doppelganger"],"picked":"After Image+1","floor":33.0},{"not_picked":["Expertise","Eviscerate"],"picked":"Blade Dance","floor":35.0},{"not_picked":["Dagger Throw+1","Catalyst"],"picked":"Blade Dance+1","floor":35.0},{"not_picked":["Flechettes+1","Acrobatics+1"],"picked":"Catalyst+1","floor":38},{"not_picked":["Outmaneuver+1","Finisher+1"],"picked":"Leg Sweep+1","floor":38},{"not_picked":["Prepared+1","Deflect"],"picked":"Die Die Die","floor":41},{"not_picked":["Dagger Throw+1","Outmaneuver+1"],"picked":"Deadly Poison","floor":44},{"not_picked":["Quick Slash+1","Flechettes+1"],"picked":"Crippling Poison+1","floor":44},{"not_picked":["Deadly Poison","Masterful Stab+1"],"picked":"Crippling Poison","floor":46},{"not_picked":["Calculated Gamble+1","Heel Hook+1"],"picked":"PiercingWail","floor":46},{"not_picked":["Flash of Steel+1","PanicButton"],"picked":"Enlightenment","floor":47},{"not_picked":["Quick Slash+1","Prepared+1"],"picked":"Blade Dance+1","floor":48},{"not_picked":["Slice+1","Quick Slash+1","Acrobatics"],"picked":"SKIP","floor":48}],"player_experience":502966,"relics_obtained":[{"floor":4.0,"key":"Anchor"},{"floor":9.0,"key":"Prayer Wheel"},{"floor":26.0,"key":"Frozen Egg 2"},{"floor":41,"key":"Paper Crane"},{"floor":43,"key":"Molten Egg 2"}],"event_choices":[{"damage_healed":0.0,"max_hp_gain":0.0,"max_hp_loss":0.0,"gold_gain":0.0,"event_name":"Living Wall","player_choice":"Grow","floor":2.0,"gold_loss":0.0,"damage_taken":0.0,"cards_upgraded":["Poisoned Stab"]},{"damage_healed":0.0,"max_hp_gain":0.0,"max_hp_loss":0.0,"gold_gain":0.0,"event_name":"Shining Light","player_choice":"Ignored","floor":13.0,"gold_loss":0.0,"damage_taken":0.0},{"damage_healed":0.0,"max_hp_gain":0.0,"max_hp_loss":0.0,"gold_gain":0.0,"event_name":"Match and Keep!","player_choice":"1 cards matched","floor":19.0,"gold_loss":0.0,"damage_taken":0.0,"cards_obtained":["Well Laid Plans"]},{"damage_healed":0.0,"max_hp_gain":0.0,"max_hp_loss":0.0,"gold_gain":0.0,"event_name":"Drug Dealer","player_choice":"Inject Mutagens","floor":21.0,"gold_loss":0.0,"damage_taken":0.0,"relics_obtained":["MutagenicStrength"]},{"damage_healed":0.0,"max_hp_gain":0.0,"max_hp_loss":0.0,"gold_gain":0.0,"event_name":"The Joust","player_choice":"Bet on Owner","floor":22.0,"gold_loss":50.0,"damage_taken":0.0},{"damage_healed":0.0,"max_hp_gain":0.0,"max_hp_loss":0.0,"gold_gain":0.0,"event_name":"Forgotten Altar","player_choice":"Smashed Altar","floor":31.0,"gold_loss":0.0,"damage_taken":0.0,"cards_obtained":["Decay"]},{"damage_healed":0.0,"max_hp_gain":0.0,"max_hp_loss":0.0,"gold_gain":0.0,"event_name":"Tomb of Lord Red Mask","player_choice":"Ignored","floor":36.0,"gold_loss":0.0,"damage_taken":0.0},{"damage_healed":0,"gold_gain":0,"player_choice":"Ignored","damage_taken":0,"max_hp_gain":0,"max_hp_loss":0,"event_name":"SecretPortal","floor":39,"gold_loss":0},{"damage_healed":0,"gold_gain":0,"player_choice":"Memory 1","damage_taken":0,"max_hp_gain":0,"max_hp_loss":0,"event_name":"SensoryStone","floor":47,"gold_loss":0}],"is_beta":false,"boss_relics":[{"not_picked":["Calling Bell","Pandora\u0027s Box"],"picked":"Philosopher\u0027s Stone"},{"not_picked":["HoveringKite","Sozu"],"picked":"Ring of the Serpent"}],"items_purged_floors":[],"is_endless":false,"potions_floor_spawned":[3,12,20,24,27,46,48],"ascension_level":0}