{"gold_per_floor":[119,119,119,132,132,132,145,158,158,83,103,144,144,184,184,184],"floor_reached":16,"playtime":371,"items_purged":["Strike_G"],"score":220,"play_id":"291d48d7-9217-4470-b695-6db269383bd8","local_time":"20190406183112","is_ascension_mode":true,"campfire_choices":[{"data":"Neutralize","floor":6.0,"key":"SMITH"},{"data":"Masterful Stab","floor":13,"key":"SMITH"},{"data":"Noxious Fumes","floor":15,"key":"SMITH"}],"neow_cost":"NONE","seed_source_timestamp":1416591181769068,"circlet_count":0,"master_deck":["AscendersBane","Defend_G","Defend_G","Defend_G","Defend_G","Defend_G","Strike_G","Strike_G","Strike_G","Survivor","Neutralize+1","Masterful Stab+1","Malaise","Noxious Fumes+1"],"special_seed":0,"relics":["Ring of the Snake","NeowsBlessing","Golden Idol","Bird Faced Urn","Matryoshka","Lantern"],"potions_floor_usage":[12,14,14],"damage_taken":[{"damage":0.0,"enemies":"2 Louse","floor":1.0,"turns":1.0},{"damage":0.0,"enemies":"Jaw Worm","floor":4.0,"turns":1.0},{"damage":0.0,"enemies":"Cultist","floor":7.0,"turns":1.0},{"damage":0.0,"enemies":"Looter","floor":8.0,"turns":4.0},{"damage":0,"enemies":"Blue Slaver","floor":11,"turns":5},{"damage":51,"enemies":"3 Sentries","floor":12,"turns":11},{"damage":18,"enemies":"Gremlin Nob","floor":14,"turns":4},{"damage":7,"enemies":"Hexaghost","floor":16,"turns":7}],"seed_played":"-6615777939321421376","potions_obtained":[{"floor":1.0,"key":"Regen Potion"},{"floor":4.0,"key":"AttackPotion"},{"floor":12,"key":"SpeedPotion"}],"is_trial":false,"path_per_floor":["M","?","?","M","?","R","M","M","T","$","M","E","R","E","R","B"],"character_chosen":"THE_SILENT","items_purchased":[],"campfire_rested":0,"item_purchase_floors":[],"current_hp_per_floor":[59,64,64,64,57,57,57,57,57,57,57,21,21,5,5,0],"gold":184,"neow_bonus":"THREE_ENEMY_KILL","is_prod":false,"is_daily":false,"chose_seed":false,"campfire_upgraded":3,"win_rate":0,"timestamp":1554546672,"path_taken":["M","?","?","M","?","R","?","M","T","?","M","E","R","E","R","BOSS"],"build_version":"2019-04-04","purchased_purges":1,"victory":false,"max_hp_per_floor":[66,71,64,64,64,64,64,64,64,64,64,64,64,64,64,64],"card_choices":[{"not_picked":["Bane","Crippling Poison","Dagger Spray"],"picked":"SKIP","floor":1.0},{"not_picked":["Endless Agony","Setup","Underhanded Strike"],"picked":"SKIP","floor":4.0},{"not_picked":["Dagger Spray","Calculated Gamble"],"picked":"Masterful Stab","floor":7.0},{"not_picked":["Bane","Prepared"],"picked":"Malaise","floor":8.0},{"not_picked":["Quick Slash","Bane"],"picked":"Noxious Fumes","floor":11},{"not_picked":["Blade Dance","Dagger Spray","Bullet Time"],"picked":"SKIP","floor":12},{"not_picked":["Masterful Stab","Underhanded Strike","Caltrops"],"picked":"SKIP","floor":14}],"player_experience":2999816,"relics_obtained":[{"floor":9.0,"key":"Bird Faced Urn"},{"floor":12,"key":"Matryoshka"},{"floor":14,"key":"Lantern"}],"event_choices":[{"damage_healed":0.0,"max_hp_gain":5.0,"max_hp_loss":0.0,"gold_gain":0.0,"event_name":"Big Fish","player_choice":"Donut","floor":2.0,"gold_loss":0.0,"damage_taken":0.0},{"damage_healed":0.0,"max_hp_gain":0.0,"max_hp_loss":7.0,"gold_gain":0.0,"event_name":"Golden Idol","player_choice":"Lose Max HP","floor":3.0,"gold_loss":0.0,"damage_taken":0.0,"relics_obtained":["Golden Idol"]},{"cards_removed":["Strike_G"],"damage_healed":0.0,"max_hp_gain":0.0,"max_hp_loss":0.0,"gold_gain":0.0,"event_name":"Golden Wing","player_choice":"Card Removal","floor":5.0,"gold_loss":0.0,"damage_taken":7.0}],"is_beta":true,"boss_relics":[],"items_purged_floors":[10],"is_endless":false,"potions_floor_spawned":[1,4,12],"killed_by":"Hexaghost","ascension_level":20}