{"gold_per_floor":[114,35,49,68,80,80,107,118,118,150,164,193,193,118,118,195,195,206,27,27,77,87,119,119,146,171,189,189,220,231,241,241,314,314,327,344,344,362,362,687,702,702,702,730,630,665,710,728,728,728,728,728,728,67,100,100],"floor_reached":57,"playtime":2822,"items_purged":["Pommel Strike","Carnage","Feed","Pummel"],"score":4044,"play_id":"0574f05a-85ad-468d-873d-52763ac01691","local_time":"20190830142827","daily_mods":["SealedDeck"],"is_ascension_mode":true,"campfire_choices":[{"data":"Body Slam","floor":6.0,"key":"SMITH"},{"data":"Evolve","floor":13.0,"key":"SMITH"},{"floor":15.0,"key":"RECALL"},{"data":"Corruption","floor":28.0,"key":"SMITH"},{"data":"Feel No Pain","floor":32.0,"key":"SMITH"},{"data":"Burning Pact","floor":42.0,"key":"SMITH"},{"data":"Entrench","floor":49.0,"key":"SMITH"},{"data":"Second Wind","floor":53.0,"key":"SMITH"}],"neow_cost":"","seed_source_timestamp":0,"circlet_count":0,"master_deck":["AscendersBane","Fire Breathing","Body Slam+1","Shrug It Off","Burning Pact+1","Intimidate","Second Wind+1","Feel No Pain+1","Sentinel","Evolve+1","Power Through","Corruption+1","True Grit+1","Entrench+1","Injury","Shame","Doubt","Parasite","Battle Trance+1"],"special_seed":0,"relics":["Burning Blood","Anchor","Calipers","Dead Branch","Paper Frog","Mark of Pain","Enchiridion","Lantern","Potion Belt","Ancient Tea Set","Calling Bell","PreservedInsect","Pear","Magic Flower","Old Coin","The Courier","Pantograph","Ornamental Fan","Charon\u0027s Ashes","Bag of Preparation","Bag of Marbles","Boot","Orichalcum","Bronze Scales"],"potions_floor_usage":[56,56,56,56],"damage_taken":[{"damage":0.0,"enemies":"Cultist","floor":1.0,"turns":3.0},{"damage":6.0,"enemies":"2 Louse","floor":3.0,"turns":3.0},{"damage":1.0,"enemies":"Jaw Worm","floor":4.0,"turns":3.0},{"damage":0.0,"enemies":"Large Slime","floor":5.0,"turns":4.0},{"damage":14.0,"enemies":"3 Sentries","floor":7.0,"turns":6.0},{"damage":0.0,"enemies":"Exordium Wildlife","floor":8.0,"turns":2.0},{"damage":0.0,"enemies":"Gremlin Nob","floor":10.0,"turns":3.0},{"damage":0.0,"enemies":"Blue Slaver","floor":11.0,"turns":2.0},{"damage":0.0,"enemies":"Lagavulin","floor":12.0,"turns":3.0},{"damage":0.0,"enemies":"Slime Boss","floor":16.0,"turns":4.0},{"damage":0.0,"enemies":"2 Thieves","floor":18.0,"turns":5.0},{"damage":0.0,"enemies":"Spheric Guardian","floor":22.0,"turns":2.0},{"damage":3.0,"enemies":"Gremlin Leader","floor":23.0,"turns":4.0},{"damage":0.0,"enemies":"Slavers","floor":25.0,"turns":4.0},{"damage":0.0,"enemies":"Centurion and Healer","floor":27.0,"turns":3.0},{"damage":0.0,"enemies":"Book of Stabbing","floor":29.0,"turns":5.0},{"damage":0.0,"enemies":"Snecko","floor":30.0,"turns":3.0},{"damage":0.0,"enemies":"3 Cultists","floor":31.0,"turns":5.0},{"damage":0.0,"enemies":"Collector","floor":33.0,"turns":3.0},{"damage":0.0,"enemies":"3 Shapes","floor":35.0,"turns":4.0},{"damage":0.0,"enemies":"3 Darklings","floor":36.0,"turns":3.0},{"damage":14.0,"enemies":"Writhing Mass","floor":38.0,"turns":4.0},{"damage":0.0,"enemies":"Nemesis","floor":40.0,"turns":3.0},{"damage":0.0,"enemies":"Sphere and 2 Shapes","floor":41.0,"turns":8.0},{"damage":0.0,"enemies":"Giant Head","floor":44.0,"turns":4.0},{"damage":0.0,"enemies":"Nemesis","floor":46.0,"turns":3.0},{"damage":0.0,"enemies":"2 Orb Walkers","floor":47.0,"turns":4.0},{"damage":0.0,"enemies":"Maw","floor":48.0,"turns":2.0},{"damage":0.0,"enemies":"Time Eater","floor":50.0,"turns":4.0},{"damage":0.0,"enemies":"Awakened One","floor":51.0,"turns":3.0},{"damage":0,"enemies":"Shield and Spear","floor":55,"turns":3},{"damage":0,"enemies":"The Heart","floor":56,"turns":5}],"seed_played":"2479434533468653353","potions_obtained":[{"floor":3.0,"key":"Ancient Potion"},{"floor":5.0,"key":"AttackPotion"},{"floor":8.0,"key":"SteroidPotion"},{"floor":16.0,"key":"SteroidPotion"},{"floor":22.0,"key":"EssenceOfSteel"},{"floor":23.0,"key":"PowerPotion"},{"floor":27.0,"key":"GamblersBrew"},{"floor":30.0,"key":"BloodPotion"},{"floor":36.0,"key":"SpeedPotion"},{"floor":40.0,"key":"PowerPotion"}],"is_trial":true,"path_per_floor":["M","$","M","M","M","R","E","M","T","E","M","E","R","$","R","B",null,"M","$","?","?","M","E","?","E","T","M","R","E","M","M","R","B",null,"M","M","?","M","?","E","M","R","T","E","$","E","?","M","R","B","B",null,"R","$","E","B",null],"character_chosen":"IRONCLAD","items_purchased":["Evolve","Corruption","Bag of Preparation","Bag of Marbles","Boot","Orichalcum","Swift Potion"],"campfire_rested":0,"item_purchase_floors":[2,19,54,54,54,54,54],"current_hp_per_floor":[74,74,74,75,75,75,67,73,73,75,75,75,75,75,75,75,75,81,81,60,60,66,69,69,78,78,90,90,93,96,99,99,102,112,112,112,112,107,106,106,112,112,112,112,112,112,112,112,112,112,112,112,112,112,112,112],"gold":100,"neow_bonus":"","is_prod":false,"is_daily":false,"chose_seed":false,"campfire_upgraded":7,"win_rate":0,"timestamp":1567146507,"path_taken":["M","$","M","M","M","R","E","M","T","E","M","E","R","?","R","BOSS","M","$","?","?","M","E","?","E","T","?","R","E","M","M","R","BOSS","M","M","?","M","?","E","M","R","T","E","$","E","?","M","R","BOSS","BOSS","R","$","E","BOSS"],"build_version":"2019-08-26","purchased_purges":4,"victory":true,"max_hp_per_floor":[75,75,75,75,75,75,75,75,75,75,75,75,75,75,75,75,75,81,81,81,81,81,81,81,84,84,90,90,93,96,99,99,102,112,112,112,112,112,106,106,112,112,112,112,112,112,112,112,112,112,112,112,112,112,112,112],"card_choices":[{"not_picked":["Clash","Rage"],"picked":"Sentinel","floor":1.0},{"not_picked":["Anger","Twin Strike","Cleave"],"picked":"SKIP","floor":3.0},{"not_picked":["Seeing Red","Pummel","Inflame"],"picked":"SKIP","floor":4.0},{"not_picked":["Cleave","Twin Strike","Infernal Blade"],"picked":"SKIP","floor":5.0},{"not_picked":["Second Wind","Clash","Uppercut"],"picked":"SKIP","floor":7.0},{"not_picked":["Carnage","Pommel Strike","Sever Soul"],"picked":"SKIP","floor":8.0},{"not_picked":["Perfected Strike","Infernal Blade"],"picked":"Fiend Fire","floor":10.0},{"not_picked":["Pommel Strike","Flame Barrier","Clothesline"],"picked":"SKIP","floor":11.0},{"not_picked":["Body Slam","Dual Wield"],"picked":"Power Through","floor":12.0},{"not_picked":["Demon Form","Immolate"],"picked":"Feed","floor":16.0},{"not_picked":["Clothesline","Armaments","Headbutt"],"picked":"SKIP","floor":18.0},{"not_picked":["Wild Strike","Heavy Blade","Cleave+1"],"picked":"SKIP","floor":22.0},{"not_picked":["Flex","Ghostly Armor"],"picked":"True Grit+1","floor":23.0},{"not_picked":["Whirlwind","Pummel","Blood for Blood+1"],"picked":"SKIP","floor":25.0},{"not_picked":["Cleave","Sever Soul","Warcry"],"picked":"SKIP","floor":27.0},{"not_picked":["Rupture+1","Corruption"],"picked":"Entrench","floor":29.0},{"not_picked":["Clothesline","Barricade","Pummel"],"picked":"SKIP","floor":30.0},{"not_picked":["Second Wind","Armaments","Flex"],"picked":"SKIP","floor":31.0},{"not_picked":["Wild Strike+1","Sentinel+1","Heavy Blade"],"picked":"SKIP","floor":35.0},{"not_picked":["Flex","Carnage","Sword Boomerang"],"picked":"SKIP","floor":36.0},{"not_picked":["Clash","Demon Form","Carnage"],"picked":"SKIP","floor":38.0},{"not_picked":["Burning Pact","Pommel Strike","Inflame"],"picked":"SKIP","floor":40.0},{"not_picked":["Body Slam","Warcry","Bloodletting"],"picked":"SKIP","floor":41.0},{"not_picked":["Inflame+1","Cleave","Sever Soul"],"picked":"SKIP","floor":44.0},{"not_picked":["Shrug It Off","Wild Strike","Carnage+1"],"picked":"SKIP","floor":46.0},{"not_picked":["Warcry","Dual Wield"],"picked":"Battle Trance+1","floor":48.0},{"not_picked":["Flex","Double Tap","Offering"],"picked":"SKIP","floor":55}],"player_experience":3133409,"relics_obtained":[{"floor":7.0,"key":"Anchor"},{"floor":9.0,"key":"Calipers"},{"floor":10.0,"key":"Dead Branch"},{"floor":12.0,"key":"Paper Frog"},{"floor":20.0,"key":"Enchiridion"},{"floor":23.0,"key":"Lantern"},{"floor":25.0,"key":"Potion Belt"},{"floor":29.0,"key":"Ancient Tea Set"},{"floor":34.0,"key":"PreservedInsect"},{"floor":34.0,"key":"Pear"},{"floor":34.0,"key":"Magic Flower"},{"floor":40.0,"key":"Old Coin"},{"floor":43.0,"key":"The Courier"},{"floor":44.0,"key":"Pantograph"},{"floor":46.0,"key":"Ornamental Fan"},{"floor":47.0,"key":"Charon\u0027s Ashes"},{"floor":55,"key":"Bronze Scales"}],"event_choices":[{"damage_healed":0.0,"max_hp_gain":0.0,"max_hp_loss":0.0,"gold_gain":0.0,"event_name":"Cursed Tome","player_choice":"Obtained Book","floor":20.0,"gold_loss":0.0,"damage_taken":21.0},{"damage_healed":0.0,"max_hp_gain":0.0,"max_hp_loss":0.0,"gold_gain":50.0,"event_name":"Nest","player_choice":"Stole From Cult","floor":21.0,"gold_loss":0.0,"damage_taken":0.0},{"cards_removed":["Fiend Fire"],"damage_healed":0.0,"max_hp_gain":0.0,"max_hp_loss":0.0,"gold_gain":0.0,"event_name":"Back to Basics","player_choice":"Elegance","floor":24.0,"gold_loss":0.0,"damage_taken":0.0},{"damage_healed":0.0,"max_hp_gain":0.0,"max_hp_loss":0.0,"gold_gain":0.0,"event_name":"Tomb of Lord Red Mask","player_choice":"Ignored","floor":37.0,"gold_loss":0.0,"damage_taken":0.0},{"damage_healed":0.0,"max_hp_gain":0.0,"max_hp_loss":6.0,"gold_gain":0.0,"event_name":"Winding Halls","player_choice":"Max HP","floor":39.0,"gold_loss":0.0,"damage_taken":0.0},{"damage_healed":0.0,"max_hp_gain":0.0,"max_hp_loss":0.0,"gold_gain":0.0,"event_name":"Mysterious Sphere","player_choice":"Fight","floor":47.0,"gold_loss":0.0,"damage_taken":0.0}],"is_beta":true,"boss_relics":[{"not_picked":["Velvet Choker","Fusion Hammer"],"picked":"Mark of Pain"},{"not_picked":["Philosopher\u0027s Stone","Lizard Tail"],"picked":"Calling Bell"}],"items_purged_floors":[14,19,45,54],"is_endless":false,"potions_floor_spawned":[3,5,8,12,16,22,23,27,30,36,40,41,46,47,55],"ascension_level":20}