{"gold_per_floor":[365,382,393,70,81,81,108,33,33,52,52,77,77,77,77,168,168,182,182,4,27,27,68,91,129,153,168,43,81,102,145,145,236,299,318,1317,994,994,662,701,701,732,732,745,305,305,323,359,359,359,359,359,359,27,60,60],"floor_reached":57,"playtime":2620,"items_purged":["Strike_G","Strike_G","Deadly Poison+1","Normality","Underhanded Strike","Normality","Bane+1"],"score":3752,"play_id":"fb540050-4a1f-4ce5-b334-843857abad2f","local_time":"20190921024904","is_ascension_mode":true,"campfire_choices":[{"data":"Well Laid Plans","floor":6.0,"key":"SMITH"},{"data":"Corpse Explosion","floor":11.0,"key":"SMITH"},{"data":"Calculated Gamble","floor":15.0,"key":"SMITH"},{"data":"Acrobatics","floor":32.0,"key":"SMITH"},{"floor":41.0,"key":"RECALL"},{"data":"Flechettes","floor":49.0,"key":"SMITH"},{"data":"Neutralize","floor":53,"key":"SMITH"}],"neow_cost":"TEN_PERCENT_HP_LOSS","seed_source_timestamp":404376288868179,"circlet_count":0,"master_deck":["AscendersBane","Defend_G","Defend_G","Defend_G","Defend_G","Survivor","Neutralize+1","Acrobatics+1","Corpse Explosion+1","Well Laid Plans+1","Backflip+1","Calculated Gamble+1","Envenom+1","Tactician+1","Reflex+1","After Image","Prepared+1","Purity+1","Flechettes+1"],"special_seed":0,"relics":["Ring of the Snake","Orrery","Ginger","Letter Opener","Paper Crane","Golden Idol","Toxic Egg 2","Astrolabe","Akabeko","Strawberry","Shuriken","Pen Nib","Tiny House","PrismaticShard","ClockworkSouvenir","CaptainsWheel","Vajra","Medical Kit","PreservedInsect","Anchor"],"potions_floor_usage":[51,56,56],"damage_taken":[{"damage":0.0,"enemies":"2 Louse","floor":1.0,"turns":4.0},{"damage":0.0,"enemies":"Jaw Worm","floor":2.0,"turns":4.0},{"damage":4.0,"enemies":"Small Slimes","floor":3.0,"turns":4.0},{"damage":0.0,"enemies":"2 Fungi Beasts","floor":5.0,"turns":2.0},{"damage":20.0,"enemies":"Lagavulin","floor":7.0,"turns":8.0},{"damage":0.0,"enemies":"Blue Slaver","floor":10.0,"turns":3.0},{"damage":17.0,"enemies":"3 Sentries","floor":12.0,"turns":3.0},{"damage":0.0,"enemies":"Hexaghost","floor":16.0,"turns":9.0},{"damage":14.0,"enemies":"Spheric Guardian","floor":18.0,"turns":7.0},{"damage":0.0,"enemies":"Chosen","floor":21.0,"turns":5.0},{"damage":7.0,"enemies":"Book of Stabbing","floor":23.0,"turns":5.0},{"damage":0.0,"enemies":"3 Cultists","floor":24.0,"turns":2.0},{"damage":0.0,"enemies":"Gremlin Leader","floor":25.0,"turns":5.0},{"damage":2.0,"enemies":"Centurion and Healer","floor":27.0,"turns":4.0},{"damage":0.0,"enemies":"Book of Stabbing","floor":29.0,"turns":4.0},{"damage":0.0,"enemies":"Chosen and Byrds","floor":30.0,"turns":3.0},{"damage":0.0,"enemies":"Slavers","floor":31.0,"turns":2.0},{"damage":0.0,"enemies":"Automaton","floor":33.0,"turns":2.0},{"damage":0.0,"enemies":"3 Darklings","floor":35.0,"turns":1.0},{"damage":4.0,"enemies":"Giant Head","floor":40.0,"turns":8.0},{"damage":0.0,"enemies":"Nemesis","floor":42.0,"turns":3.0},{"damage":0.0,"enemies":"3 Shapes","floor":44.0,"turns":2.0},{"damage":0.0,"enemies":"Transient","floor":47.0,"turns":3.0},{"damage":0.0,"enemies":"Giant Head","floor":48.0,"turns":4.0},{"damage":0.0,"enemies":"Donu and Deca","floor":50.0,"turns":3.0},{"damage":8,"enemies":"Time Eater","floor":51,"turns":4},{"damage":0,"enemies":"Shield and Spear","floor":55,"turns":2},{"damage":36,"enemies":"The Heart","floor":56,"turns":6}],"seed_played":"-5946336433947723195","potions_obtained":[{"floor":2.0,"key":"Dexterity Potion"},{"floor":5.0,"key":"DuplicationPotion"},{"floor":21.0,"key":"FearPotion"},{"floor":25.0,"key":"GamblersBrew"},{"floor":29.0,"key":"Fire Potion"},{"floor":30.0,"key":"GhostInAJar"},{"floor":34.0,"key":"GamblersBrew"},{"floor":35.0,"key":"SkillPotion"},{"floor":42.0,"key":"SkillPotion"},{"floor":48.0,"key":"SkillPotion"},{"floor":55,"key":"Energy Potion"}],"is_trial":false,"path_per_floor":["M","M","M","$","M","R","E","?","T","M","R","E","?","T","R","B",null,"M","?","$","M","?","E","M","E","T","M","$","E","M","E","R","B",null,"M","?","$","?","$","E","R","E","T","M","$","?","M","E","R","B","B",null,"R","$","E","B",null],"character_chosen":"THE_SILENT","items_purchased":["Orrery","Well Laid Plans","Tactician+1","PrismaticShard","ClockworkSouvenir","Flechettes","Medical Kit","Swift Potion","Swift Potion"],"campfire_rested":0,"item_purchase_floors":[4,4,20,37,39,45,45,54,54],"current_hp_per_floor":[59,59,55,55,55,55,35,35,35,35,35,18,18,18,18,18,45,31,31,31,31,31,24,24,24,31,29,29,29,29,29,29,29,58,58,58,58,58,58,54,54,54,54,54,54,54,54,54,54,54,46,61,61,61,61,25],"gold":60,"neow_bonus":"TWO_FIFTY_GOLD","is_prod":false,"is_daily":false,"chose_seed":false,"campfire_upgraded":6,"win_rate":0,"timestamp":1569001744,"path_taken":["M","M","M","$","M","R","E","?","T","M","R","E","?","?","R","BOSS","M","?","$","M","?","E","M","E","T","M","$","E","M","E","R","BOSS","M","?","$","?","$","E","R","E","T","M","$","?","M","E","R","BOSS","BOSS","R","$","E","BOSS"],"build_version":"2019-09-19","purchased_purges":7,"victory":true,"max_hp_per_floor":[60,60,60,60,60,60,60,60,60,60,60,60,54,54,54,54,54,54,54,54,54,54,54,54,54,61,61,61,61,61,61,61,61,66,66,66,66,66,66,66,66,66,66,66,66,66,66,66,66,66,66,66,66,66,66,66],"card_choices":[{"not_picked":["Prepared","Cloak And Dagger"],"picked":"Deadly Poison","floor":1.0},{"not_picked":["Sucker Punch","Outmaneuver"],"picked":"Acrobatics","floor":2.0},{"not_picked":["Noxious Fumes","Underhanded Strike"],"picked":"Masterful Stab","floor":3.0},{"not_picked":["Underhanded Strike","Prepared"],"picked":"Corpse Explosion","floor":4.0},{"not_picked":["Unload","Quick Slash"],"picked":"Heel Hook","floor":4.0},{"not_picked":["Leg Sweep","Dagger Spray"],"picked":"Backflip","floor":5.0},{"not_picked":["Quick Slash","Sucker Punch","Riddle With Holes"],"picked":"SKIP","floor":7.0},{"not_picked":["Caltrops","Slice"],"picked":"Calculated Gamble","floor":10.0},{"not_picked":["Expertise","Finisher","Masterful Stab"],"picked":"SKIP","floor":12.0},{"not_picked":["Sucker Punch","Choke","Deflect+1"],"picked":"SKIP","floor":18.0},{"not_picked":["Infinite Blades","Calculated Gamble+1"],"picked":"Reflex+1","floor":21.0},{"not_picked":["Eviscerate","Setup+1","Outmaneuver+1"],"picked":"SKIP","floor":23.0},{"not_picked":["Outmaneuver+1","PiercingWail+1","Backflip+1"],"picked":"SKIP","floor":24.0},{"not_picked":["Bouncing Flask+1","Reflex+1","Distraction+1"],"picked":"SKIP","floor":25.0},{"not_picked":["Outmaneuver+1","Poisoned Stab","Reflex+1"],"picked":"SKIP","floor":27.0},{"not_picked":["Distraction+1","Riddle With Holes"],"picked":"Prepared+1","floor":29.0},{"not_picked":["Caltrops","Doppelganger+1","Outmaneuver+1"],"picked":"SKIP","floor":30.0},{"not_picked":["Malaise+1","Dodge and Roll+1","Dagger Throw+1"],"picked":"SKIP","floor":31.0},{"not_picked":["Underhanded Strike","Endless Agony","Slice"],"picked":"SKIP","floor":35.0},{"not_picked":["Twin Strike+1","Wish+1"],"picked":"Purity+1","floor":40.0},{"not_picked":["Hologram+1","Predator","Wild Strike"],"picked":"SKIP","floor":42.0},{"not_picked":["Establishment","Stack+1","Self Repair"],"picked":"SKIP","floor":44.0},{"not_picked":["Enlightenment+1","Blind+1","Dropkick+1"],"picked":"SKIP","floor":47.0},{"not_picked":["Mind Blast","Rebound+1","ReachHeaven"],"picked":"SKIP","floor":48.0},{"not_picked":["Vengeance+1","CrushJoints","Rampage+1"],"picked":"SKIP","floor":55}],"player_experience":1117978,"relics_obtained":[{"floor":7.0,"key":"Ginger"},{"floor":9.0,"key":"Letter Opener"},{"floor":12.0,"key":"Paper Crane"},{"floor":14.0,"key":"Toxic Egg 2"},{"floor":25.0,"key":"Akabeko"},{"floor":26.0,"key":"Strawberry"},{"floor":29.0,"key":"Shuriken"},{"floor":31.0,"key":"Pen Nib"},{"floor":40.0,"key":"CaptainsWheel"},{"floor":42.0,"key":"Vajra"},{"floor":48.0,"key":"PreservedInsect"},{"floor":55,"key":"Anchor"}],"event_choices":[{"cards_removed":["Strike_G"],"damage_healed":0.0,"max_hp_gain":0.0,"max_hp_loss":0.0,"gold_gain":0.0,"event_name":"The Cleric","player_choice":"Card Removal","floor":8.0,"gold_loss":75.0,"damage_taken":0.0},{"damage_healed":0.0,"max_hp_gain":0.0,"max_hp_loss":6.0,"gold_gain":0.0,"event_name":"Golden Idol","player_choice":"Lose Max HP","floor":13.0,"gold_loss":0.0,"damage_taken":0.0,"relics_obtained":["Golden Idol"]},{"damage_healed":0.0,"max_hp_gain":0.0,"max_hp_loss":0.0,"gold_gain":0.0,"event_name":"The Mausoleum","player_choice":"Ignored","floor":19.0,"gold_loss":0.0,"damage_taken":0.0},{"damage_healed":0.0,"max_hp_gain":0.0,"max_hp_loss":0.0,"gold_gain":0.0,"cards_transformed":["Masterful Stab","Defend_G"],"event_name":"Drug Dealer","player_choice":"Became Test Subject","floor":22.0,"gold_loss":0.0,"damage_taken":0.0,"cards_obtained":["Underhanded Strike","After Image"]},{"damage_healed":0.0,"max_hp_gain":0.0,"max_hp_loss":0.0,"gold_gain":999.0,"event_name":"MindBloom","player_choice":"Gold","floor":36.0,"gold_loss":0.0,"damage_taken":0.0,"cards_obtained":["Normality","Normality"]},{"cards_removed":["Heel Hook"],"damage_healed":0.0,"max_hp_gain":0.0,"max_hp_loss":0.0,"gold_gain":0.0,"event_name":"Falling","player_choice":"Removed Attack","floor":38.0,"gold_loss":0.0,"damage_taken":0.0},{"damage_healed":0.0,"max_hp_gain":0.0,"max_hp_loss":0.0,"gold_gain":0.0,"event_name":"SensoryStone","player_choice":"Memory 1","floor":46.0,"gold_loss":0.0,"damage_taken":0.0}],"is_beta":true,"boss_relics":[{"not_picked":["Velvet Choker","WristBlade"],"picked":"Astrolabe"},{"not_picked":["Snecko Eye","Coffee Dripper"],"picked":"Tiny House"}],"items_purged_floors":[4,20,28,37,39,45,54],"is_endless":false,"potions_floor_spawned":[2,5,10,21,25,27,29,30,35,42,48,55],"ascension_level":20}