{"path_per_floor":["M","M","M","M","M","E","M","?","T","$","M","R","E","M","R","B",null,"M","M","M","$","M","E","R","E","T","R","M","?","M","?","R"],"character_chosen":"DEFECT","items_purchased":["Cold Snap","Self Repair"],"gold_per_floor":[109,129,140,158,174,209,222,222,222,99,117,117,142,162,162,239,239,259,278,295,115,134,166,166,191,191,191,211,361,371,371,371,371],"floor_reached":33,"campfire_rested":0,"playtime":1774,"item_purchase_floors":[10,21],"current_hp_per_floor":[64,62,57,57,57,33,29,45,45,45,45,45,45,44,44,27,53,44,41,34,34,34,38,38,30,30,30,35,35,41,41,41,0],"items_purged":["Parasite","Strike_B"],"gold":371,"score":574,"play_id":"079d7a68-7e8d-4ae0-bbc7-9a1ae541e314","local_time":"20180610174443","is_prod":false,"is_daily":false,"chose_seed":false,"is_ascension_mode":true,"campfire_upgraded":5,"win_rate":0,"timestamp":1528645483,"campfire_choices":[{"data":"Zap","floor":12,"key":"SMITH"},{"data":"Capacitor","floor":15,"key":"SMITH"},{"data":"Loop","floor":24,"key":"SMITH"},{"data":"Core Surge","floor":27,"key":"SMITH"},{"data":"Dualcast","floor":32,"key":"SMITH"}],"path_taken":["M","M","M","M","?","E","M","?","T","$","M","R","E","M","R","BOSS","M","M","?","$","M","E","R","E","T","R","M","?","M","?","R","BOSS"],"build_version":"2018-06-07v3","seed_source_timestamp":67859409903264,"purchased_purges":2,"victory":false,"master_deck":["Strike_B","Defend_B","Defend_B","Defend_B","Defend_B","Zap+1","Dualcast+1","AscendersBane","Electrodynamics","Ball Lightning","Sweeping Beam","Turbo","Coolheaded","Leap","Loop+1","Genetic Algorithm","Cold Snap","Chill","Core Surge+1","Capacitor+1","Reboot","Coolheaded","Echo Form","Self Repair","Glacier+1","Compile Driver"],"max_hp_per_floor":[64,64,64,64,64,64,64,64,64,61,61,61,61,61,61,61,61,61,61,61,61,61,61,61,61,61,61,61,61,61,61,61,61],"relics":["Cracked Core","Potion Belt","Thread and Needle","Sundial","Runic Dome","Centennial Puzzle","Torii","Ornamental Fan"],"card_choices":[{"not_picked":["Storm","Undo"],"picked":"Sweeping Beam","floor":1.0},{"not_picked":["Tempest","Static Discharge"],"picked":"Turbo","floor":2.0},{"not_picked":["Barrage","Gash","Rebound"],"picked":"SKIP","floor":3.0},{"not_picked":["Steam","Beam Cell"],"picked":"Coolheaded","floor":4.0},{"not_picked":["Hello World","Rebound"],"picked":"Leap","floor":5.0},{"not_picked":["Reinforced Body","Rebound"],"picked":"Loop","floor":6},{"not_picked":["Gash","Stack"],"picked":"Genetic Algorithm","floor":7},{"not_picked":["Skim","Streamline"],"picked":"Chill","floor":11},{"not_picked":["Redo","Melter"],"picked":"Core Surge","floor":13},{"not_picked":["Streamline","Consume"],"picked":"Capacitor","floor":14},{"not_picked":["All For One","Multi-Cast"],"picked":"Reboot","floor":16},{"not_picked":["Steam Power+1","Consume"],"picked":"Coolheaded","floor":18},{"not_picked":["Doom and Gloom","Leap","Streamline"],"picked":"SKIP","floor":19},{"not_picked":["Streamline","Rip and Tear"],"picked":"Echo Form","floor":20},{"not_picked":["Stack","BootSequence","Lockon"],"picked":"SKIP","floor":22},{"not_picked":["Gash","Ball Lightning"],"picked":"Glacier+1","floor":23},{"not_picked":["Amplify","Reprogram","Auto Shields"],"picked":"SKIP","floor":25},{"not_picked":["Coolheaded","Fusion"],"picked":"Compile Driver","floor":28},{"not_picked":["Gash","Stack","Go for the Eyes"],"picked":"SKIP","floor":30}],"player_experience":862350,"potions_floor_usage":[6,23,23,23],"damage_taken":[{"damage":0.0,"enemies":"Cultist","floor":1.0,"turns":2.0},{"damage":2.0,"enemies":"Jaw Worm","floor":2.0,"turns":2.0},{"damage":5.0,"enemies":"Small Slimes","floor":3.0,"turns":2.0},{"damage":0.0,"enemies":"Exordium Wildlife","floor":4.0,"turns":2.0},{"damage":0.0,"enemies":"3 Louse","floor":5.0,"turns":1.0},{"damage":24,"enemies":"Gremlin Nob","floor":6,"turns":5},{"damage":4,"enemies":"Large Slime","floor":7,"turns":5},{"damage":0,"enemies":"2 Fungi Beasts","floor":11,"turns":2},{"damage":0,"enemies":"3 Sentries","floor":13,"turns":4},{"damage":1,"enemies":"Blue Slaver","floor":14,"turns":3},{"damage":17,"enemies":"Slime Boss","floor":16,"turns":7},{"damage":9,"enemies":"3 Byrds","floor":18,"turns":4},{"damage":3,"enemies":"Spheric Guardian","floor":19,"turns":4},{"damage":7,"enemies":"Centurion and Healer","floor":20,"turns":6},{"damage":0,"enemies":"3 Cultists","floor":22,"turns":3},{"damage":25,"enemies":"Gremlin Leader","floor":23,"turns":6},{"damage":15,"enemies":"Book of Stabbing","floor":25,"turns":8},{"damage":2,"enemies":"Chosen and Byrds","floor":28,"turns":5},{"damage":1,"enemies":"Centurion and Healer","floor":30,"turns":5},{"damage":59,"enemies":"Champ","floor":33,"turns":13}],"relics_obtained":[{"floor":6,"key":"Potion Belt"},{"floor":9,"key":"Thread and Needle"},{"floor":13,"key":"Sundial"},{"floor":23,"key":"Centennial Puzzle"},{"floor":25,"key":"Torii"},{"floor":26,"key":"Ornamental Fan"}],"event_choices":[{"event_name":"Mushrooms","player_choice":"Healed and dodged fight","floor":8,"damage_taken":0},{"event_name":"Nest","player_choice":"Stole From Cult","floor":29,"damage_taken":0},{"event_name":"Vampires","player_choice":"Ignored","floor":31,"damage_taken":0}],"boss_relics":[{"not_picked":["Eternal Feather","Pandora\u0027s Box"],"picked":"Runic Dome"}],"items_purged_floors":[10,21],"potions_floor_spawned":[3,4,5,13,16,19,20,23,28],"seed_played":"-7017999188145090168","killed_by":"Champ","ascension_level":15,"potions_obtained":[{"floor":3.0,"key":"Weak Potion"},{"floor":4.0,"key":"LiquidBronze"},{"floor":13,"key":"Regen Potion"},{"floor":16,"key":"Ancient Potion"},{"floor":19,"key":"Weak Potion"},{"floor":23,"key":"Explosive Potion"},{"floor":28,"key":"Explosive Potion"}],"is_trial":false}