{"gold_per_floor":[119,119,144,69,69,69,115,130,185,85,115,115,40,76,76,169,169,194,194,194,37,37,62,79,112,112,112,49,49,75,100,100,174,174,185,211,236,116,116,157,157,185,185,219,269,287,287,298,298,298,298,298,298,11,44,44],"floor_reached":57,"playtime":2468,"items_purged":["Strike_R","Strike_R","Strike_R","Strike_R"],"score":3008,"play_id":"f024abf8-3344-47a0-9442-223ca13f6bcf","local_time":"20190913115527","is_ascension_mode":true,"campfire_choices":[{"data":"Body Slam","floor":6.0,"key":"SMITH"},{"data":"Immolate","floor":12.0,"key":"SMITH"},{"data":"Second Wind","floor":15.0,"key":"SMITH"},{"data":"Burning Pact","floor":27.0,"key":"SMITH"},{"data":"Feel No Pain","floor":29.0,"key":"SMITH"},{"data":"Fire Breathing","floor":32.0,"key":"SMITH"},{"floor":49.0,"key":"RECALL"},{"data":"Feel No Pain","floor":53,"key":"SMITH"}],"neow_cost":"NONE","seed_source_timestamp":2499836142144300,"circlet_count":0,"master_deck":["AscendersBane","Defend_R","Defend_R","Defend_R","Defend_R","Body Slam+1","Pain","Second Wind+1","Immolate+1","Burning Pact+1","Feel No Pain+1","Fire Breathing+1","Seeing Red+1","Entrench+1","Power Through+1","Feel No Pain+1","Evolve"],"special_seed":0,"relics":["Burning Blood","NeowsBlessing","Bloody Idol","WarpedTongs","CeramicFish","Tiny Chest","The Courier","Philosopher\u0027s Stone","Anchor","Paper Frog","Toxic Egg 2","Darkstone Periapt","Black Star","Boot","Bottled Tornado","Gambling Chip","White Beast Statue","Pen Nib","Blue Candle","Potion Belt","Vajra","Sundial","HornCleat","Mummified Hand"],"potions_floor_usage":[56,56,56],"damage_taken":[{"damage":0.0,"enemies":"2 Louse","floor":1.0,"turns":1.0},{"damage":0.0,"enemies":"Cultist","floor":3.0,"turns":1.0},{"damage":2.0,"enemies":"3 Sentries","floor":7.0,"turns":2.0},{"damage":3.0,"enemies":"Jaw Worm","floor":8.0,"turns":3.0},{"damage":1.0,"enemies":"Looter","floor":11.0,"turns":3.0},{"damage":2.0,"enemies":"Gremlin Nob","floor":14.0,"turns":3.0},{"damage":31.0,"enemies":"Slime Boss","floor":16.0,"turns":11.0},{"damage":12.0,"enemies":"3 Byrds","floor":18.0,"turns":3.0},{"damage":1.0,"enemies":"Gremlin Leader","floor":23.0,"turns":4.0},{"damage":6.0,"enemies":"Chosen","floor":24.0,"turns":4.0},{"damage":25.0,"enemies":"Book of Stabbing","floor":25.0,"turns":3.0},{"damage":32.0,"enemies":"Gremlin Leader","floor":30.0,"turns":5.0},{"damage":6.0,"enemies":"Centurion and Healer","floor":31.0,"turns":4.0},{"damage":59.0,"enemies":"Collector","floor":33.0,"turns":8.0},{"damage":7.0,"enemies":"Orb Walker","floor":35.0,"turns":3.0},{"damage":23.0,"enemies":"3 Shapes","floor":36.0,"turns":8.0},{"damage":58.0,"enemies":"Transient","floor":37.0,"turns":6.0},{"damage":8.0,"enemies":"Reptomancer","floor":40.0,"turns":5.0},{"damage":12.0,"enemies":"Nemesis","floor":42.0,"turns":5.0},{"damage":21.0,"enemies":"Reptomancer","floor":44.0,"turns":6.0},{"damage":1.0,"enemies":"Spire Growth","floor":46.0,"turns":4.0},{"damage":1.0,"enemies":"Maw","floor":48.0,"turns":7.0},{"damage":20.0,"enemies":"Time Eater","floor":50.0,"turns":13.0},{"damage":27,"enemies":"Awakened One","floor":51,"turns":13},{"damage":2,"enemies":"Shield and Spear","floor":55,"turns":5},{"damage":22,"enemies":"The Heart","floor":56,"turns":9}],"seed_played":"2373177146390203040","potions_obtained":[{"floor":8.0,"key":"Dexterity Potion"},{"floor":16.0,"key":"Weak Potion"},{"floor":18.0,"key":"FearPotion"},{"floor":23.0,"key":"BloodPotion"},{"floor":24.0,"key":"Swift Potion"},{"floor":36.0,"key":"GamblersBrew"},{"floor":37.0,"key":"Swift Potion"},{"floor":42.0,"key":"AttackPotion"},{"floor":46.0,"key":"Swift Potion"},{"floor":48.0,"key":"Ancient Potion"},{"floor":55,"key":"Ancient Potion"}],"is_trial":false,"path_per_floor":["M","?","M","$","?","R","E","M","T","$","M","R","?","E","R","B",null,"M","?","T","$","?","E","M","E","T","R","$","R","E","M","R","B",null,"M","M","M","$","?","E","T","E","T","E","?","M","?","M","R","B","B",null,"R","$","E","B",null],"character_chosen":"IRONCLAD","items_purchased":["Feel No Pain","Fire Breathing","Sundial","Evolve","Swift Potion"],"campfire_rested":0,"item_purchase_floors":[21,28,54,54,54],"current_hp_per_floor":[74,48,54,54,54,54,58,61,61,61,66,66,66,70,70,45,68,62,62,62,67,67,75,75,61,61,61,66,66,63,73,73,25,63,67,60,18,18,18,26,26,25,25,15,13,23,61,61,61,47,26,52,52,57,61,45],"gold":44,"neow_bonus":"THREE_ENEMY_KILL","is_prod":false,"is_daily":false,"chose_seed":false,"campfire_upgraded":7,"win_rate":0,"timestamp":1568346927,"path_taken":["M","?","M","$","?","R","E","M","T","$","?","R","?","E","R","BOSS","M","?","?","$","?","E","M","E","T","R","$","R","E","M","R","BOSS","M","M","M","$","?","E","?","E","T","E","?","?","?","M","R","BOSS","BOSS","R","$","E","BOSS"],"build_version":"2019-09-11v2","purchased_purges":4,"victory":true,"max_hp_per_floor":[75,75,75,75,75,75,75,75,75,75,75,75,75,75,75,75,75,75,75,75,75,75,75,75,75,75,75,75,75,75,75,75,75,75,75,75,75,75,75,75,75,75,75,75,75,75,61,61,61,61,61,61,61,61,61,61],"card_choices":[{"not_picked":["Twin Strike","Pommel Strike","Thunderclap"],"picked":"SKIP","floor":1.0},{"not_picked":["Seeing Red","Flex"],"picked":"Body Slam","floor":3.0},{"not_picked":["Inflame","Shrug It Off"],"picked":"Second Wind","floor":7.0},{"not_picked":["Iron Wave","Second Wind","Anger"],"picked":"SKIP","floor":8.0},{"not_picked":["Thunderclap","Second Wind"],"picked":"Immolate","floor":11.0},{"not_picked":["Clash","Iron Wave","Metallicize"],"picked":"SKIP","floor":14.0},{"not_picked":["Ghostly Armor","Infernal Blade"],"picked":"Burning Pact","floor":18.0},{"not_picked":["Clothesline","Combust","Iron Wave"],"picked":"SKIP","floor":23.0},{"not_picked":["Rage","Pommel Strike","Iron Wave"],"picked":"SKIP","floor":24.0},{"not_picked":["Uppercut","Disarm","Iron Wave"],"picked":"SKIP","floor":25.0},{"not_picked":["Flame Barrier+1","Searing Blow","Heavy Blade"],"picked":"SKIP","floor":30.0},{"not_picked":["Clothesline","Body Slam"],"picked":"Seeing Red+1","floor":31.0},{"not_picked":["Cleave","Perfected Strike","Body Slam"],"picked":"SKIP","floor":35.0},{"not_picked":["Burning Pact+1","Anger"],"picked":"Entrench+1","floor":36.0},{"not_picked":["Searing Blow","Flex+1"],"picked":"Power Through+1","floor":37.0},{"not_picked":["Pummel","Reckless Charge"],"picked":"Feel No Pain","floor":40.0},{"not_picked":["Entrench+1","True Grit+1","Corruption+1"],"picked":"SKIP","floor":42.0},{"not_picked":["Carnage+1","Bloodletting+1","Sever Soul"],"picked":"SKIP","floor":44.0},{"not_picked":["Clash","Perfected Strike","Twin Strike"],"picked":"SKIP","floor":46.0},{"not_picked":["Wild Strike+1","Metallicize","Ghostly Armor+1"],"picked":"SKIP","floor":48.0},{"not_picked":["Pummel+1","Clothesline+1","Reaper"],"picked":"SKIP","floor":55}],"player_experience":3297461,"relics_obtained":[{"floor":7.0,"key":"CeramicFish"},{"floor":9.0,"key":"Tiny Chest"},{"floor":14.0,"key":"The Courier"},{"floor":20.0,"key":"Anchor"},{"floor":23.0,"key":"Paper Frog"},{"floor":25.0,"key":"Toxic Egg 2"},{"floor":30.0,"key":"Darkstone Periapt"},{"floor":40.0,"key":"Boot"},{"floor":40.0,"key":"Bottled Tornado"},{"floor":41.0,"key":"Gambling Chip"},{"floor":42.0,"key":"White Beast Statue"},{"floor":42.0,"key":"Pen Nib"},{"floor":43.0,"key":"Blue Candle"},{"floor":44.0,"key":"Potion Belt"},{"floor":44.0,"key":"Vajra"},{"floor":55,"key":"HornCleat"},{"floor":55,"key":"Mummified Hand"}],"event_choices":[{"damage_healed":0.0,"max_hp_gain":0.0,"max_hp_loss":0.0,"gold_gain":0.0,"event_name":"Golden Idol","player_choice":"Take Damage","floor":2.0,"gold_loss":0.0,"damage_taken":26.0,"relics_obtained":["Golden Idol"]},{"damage_healed":0.0,"max_hp_gain":0.0,"max_hp_loss":0.0,"gold_gain":0.0,"event_name":"Accursed Blacksmith","player_choice":"Rummage","floor":5.0,"gold_loss":0.0,"damage_taken":0.0,"relics_obtained":["WarpedTongs"],"cards_obtained":["Pain"]},{"cards_removed":["Strike_R"],"damage_healed":0.0,"max_hp_gain":0.0,"max_hp_loss":0.0,"gold_gain":0.0,"event_name":"The Cleric","player_choice":"Card Removal","floor":13.0,"gold_loss":75.0,"damage_taken":0.0},{"damage_healed":0.0,"max_hp_gain":0.0,"max_hp_loss":0.0,"gold_gain":0.0,"event_name":"Forgotten Altar","player_choice":"Gave Idol","floor":19.0,"relics_lost":["Golden Idol"],"gold_loss":0.0,"damage_taken":0.0,"relics_obtained":["Bloody Idol"]},{"damage_healed":0.0,"max_hp_gain":0.0,"max_hp_loss":0.0,"gold_gain":0.0,"event_name":"The Mausoleum","player_choice":"Ignored","floor":22.0,"gold_loss":0.0,"damage_taken":0.0},{"cards_removed":["Bash"],"damage_healed":0.0,"max_hp_gain":0.0,"max_hp_loss":0.0,"gold_gain":0.0,"event_name":"Falling","player_choice":"Removed Attack","floor":39.0,"gold_loss":0.0,"damage_taken":0.0},{"damage_healed":0.0,"max_hp_gain":0.0,"max_hp_loss":0.0,"gold_gain":50.0,"event_name":"FaceTrader","player_choice":"Touch","floor":45.0,"gold_loss":0.0,"damage_taken":7.0},{"damage_healed":61.0,"max_hp_gain":0.0,"max_hp_loss":14.0,"gold_gain":0.0,"event_name":"The Moai Head","player_choice":"Heal","floor":47.0,"gold_loss":0.0,"damage_taken":0.0}],"is_beta":true,"boss_relics":[{"not_picked":["Fusion Hammer","Mark of Pain"],"picked":"Philosopher\u0027s Stone"},{"not_picked":["SlaversCollar","Coffee Dripper"],"picked":"Black Star"}],"items_purged_floors":[4,10,21,38],"is_endless":false,"potions_floor_spawned":[8,16,18,23,24,36,37,42,46,48,55],"ascension_level":20}