{"gold_per_floor":[367,29,29,29,29,29,39,54,54,54,54,129,146,160,160,238,238,248,268,193,193,468,484,484,113,113,142,165,183,183,203,203,203],"floor_reached":33,"playtime":965,"items_purged":["Pain","Regret"],"score":510,"play_id":"8121f7ea-1cea-40ad-b0b1-116f8d38168b","local_time":"20190813121359","is_ascension_mode":true,"campfire_choices":[{"data":"Neutralize","floor":6.0,"key":"SMITH"},{"data":"Deadly Poison","floor":10.0,"key":"SMITH"},{"data":"Calculated Gamble","floor":15.0,"key":"SMITH"},{"data":"Acrobatics","floor":30.0,"key":"SMITH"},{"data":"Reflex","floor":32.0,"key":"SMITH"}],"neow_cost":"CURSE","seed_source_timestamp":598305659584310,"circlet_count":0,"master_deck":["AscendersBane","Strike_G","Defend_G","Defend_G","Defend_G","Defend_G","Survivor","Neutralize+1","Deadly Poison+1","Calculated Gamble+1","Adrenaline","Skewer+1","Dodge and Roll+1","Predator+1","Eviscerate","Acrobatics","Acrobatics+1","Reflex+1","Backflip"],"special_seed":0,"relics":["Ring of the Snake","Kunai","Mercury Hourglass","Astrolabe","OrangePellets","Matryoshka","Sundial","Anchor","Orichalcum"],"potions_floor_usage":[],"damage_taken":[{"damage":11.0,"enemies":"Small Slimes","floor":1.0,"turns":7.0},{"damage":0.0,"enemies":"Jaw Worm","floor":7.0,"turns":4.0},{"damage":4.0,"enemies":"2 Louse","floor":8.0,"turns":4.0},{"damage":0.0,"enemies":"Looter","floor":13.0,"turns":3.0},{"damage":2.0,"enemies":"Exordium Thugs","floor":14.0,"turns":4.0},{"damage":22.0,"enemies":"Hexaghost","floor":16.0,"turns":9.0},{"damage":3.0,"enemies":"Shell Parasite","floor":18.0,"turns":10.0},{"damage":0.0,"enemies":"Chosen","floor":19.0,"turns":5.0},{"damage":8.0,"enemies":"Snake Plant","floor":23.0,"turns":4.0},{"damage":25.0,"enemies":"Book of Stabbing","floor":27.0,"turns":7.0},{"damage":13.0,"enemies":"Chosen and Byrds","floor":29.0,"turns":6.0},{"damage":0.0,"enemies":"Cultist and Chosen","floor":31.0,"turns":5.0},{"damage":0,"enemies":"Collector","floor":33,"turns":2}],"seed_played":"-9208966449458769306","potions_obtained":[{"floor":1.0,"key":"SteroidPotion"},{"floor":13.0,"key":"SpeedPotion"},{"floor":18.0,"key":"Energy Potion"},{"floor":31.0,"key":"GhostInAJar"}],"is_trial":false,"path_per_floor":["M","$","?","T","?","R","M","M","T","R","$","?","M","M","R","B",null,"M","M","?","$","?","M","?","$","T","E","T","M","R","M","R","B"],"character_chosen":"THE_SILENT","items_purchased":["Kunai","Acrobatics","OrangePellets"],"campfire_rested":0,"item_purchase_floors":[2,25,25],"current_hp_per_floor":[48,48,41,41,41,41,41,37,37,37,37,26,26,24,24,2,50,47,47,47,47,47,39,39,39,39,14,14,1,1,1,1,1],"gold":203,"neow_bonus":"TWO_FIFTY_GOLD","is_prod":false,"is_daily":false,"chose_seed":false,"campfire_upgraded":5,"win_rate":0,"timestamp":1565666039,"path_taken":["M","$","?","?","?","R","M","M","T","R","?","?","M","M","R","BOSS","M","M","?","$","?","?","?","$","T","E","?","M","R","M","R","BOSS"],"build_version":"2019-07-17","purchased_purges":2,"victory":false,"max_hp_per_floor":[66,66,66,66,66,66,66,66,66,66,66,66,66,66,66,66,66,66,66,66,66,66,66,66,66,66,66,66,66,66,66,66,66],"card_choices":[{"not_picked":["Deflect","Dodge and Roll","Bane"],"picked":"SKIP","floor":1.0},{"not_picked":["Setup","Backstab"],"picked":"Terror","floor":7.0},{"not_picked":["Choke","Escape Plan"],"picked":"Deadly Poison","floor":8.0},{"not_picked":["Cloak And Dagger","Bane"],"picked":"Calculated Gamble","floor":13.0},{"not_picked":["Dagger Spray","Dagger Throw","Quick Slash"],"picked":"SKIP","floor":14.0},{"not_picked":["Bullet Time","Storm of Steel"],"picked":"Adrenaline","floor":16.0},{"not_picked":["Dagger Throw","Footwork","Dash"],"picked":"SKIP","floor":18.0},{"not_picked":["Underhanded Strike","Eviscerate","PiercingWail"],"picked":"SKIP","floor":19.0},{"not_picked":["Underhanded Strike","PiercingWail"],"picked":"Eviscerate","floor":19.0},{"not_picked":["Choke","Poisoned Stab+1"],"picked":"Acrobatics","floor":23.0},{"not_picked":["Bane","Poisoned Stab"],"picked":"Reflex","floor":27.0},{"not_picked":["Outmaneuver","Prepared","Slice"],"picked":"SKIP","floor":29.0},{"not_picked":["Expertise","Cloak And Dagger","Backflip"],"picked":"SKIP","floor":31.0},{"not_picked":["Expertise","Cloak And Dagger"],"picked":"Backflip","floor":31.0}],"player_experience":876738,"relics_obtained":[{"floor":9.0,"key":"Mercury Hourglass"},{"floor":26.0,"key":"Matryoshka"},{"floor":27.0,"key":"Sundial"},{"floor":28.0,"key":"Anchor"},{"floor":28.0,"key":"Orichalcum"}],"event_choices":[{"cards_removed":["Strike_G"],"damage_healed":0.0,"max_hp_gain":0.0,"max_hp_loss":0.0,"gold_gain":0.0,"event_name":"Golden Wing","player_choice":"Card Removal","floor":3.0,"gold_loss":0.0,"damage_taken":7.0},{"cards_removed":["Defend_G"],"damage_healed":0.0,"max_hp_gain":0.0,"max_hp_loss":0.0,"gold_gain":0.0,"event_name":"Living Wall","player_choice":"Forget","floor":5.0,"gold_loss":0.0,"damage_taken":0.0},{"damage_healed":0.0,"max_hp_gain":0.0,"max_hp_loss":0.0,"gold_gain":75.0,"event_name":"World of Goop","player_choice":"Gather Gold","floor":12.0,"gold_loss":0.0,"damage_taken":11.0},{"cards_removed":["Strike_G"],"damage_healed":0.0,"max_hp_gain":0.0,"max_hp_loss":0.0,"gold_gain":0.0,"event_name":"Beggar","player_choice":"Gave Gold","floor":20.0,"gold_loss":75.0,"damage_taken":0.0},{"damage_healed":0.0,"max_hp_gain":0.0,"max_hp_loss":0.0,"gold_gain":275.0,"event_name":"Golden Shrine","player_choice":"Desecrate","floor":22.0,"gold_loss":0.0,"damage_taken":0.0,"cards_obtained":["Regret"]},{"damage_healed":0.0,"max_hp_gain":0.0,"max_hp_loss":0.0,"gold_gain":0.0,"event_name":"Vampires","player_choice":"Ignored","floor":24.0,"gold_loss":0.0,"damage_taken":0.0}],"is_beta":false,"boss_relics":[{"not_picked":["White Beast Statue","Lizard Tail"],"picked":"Astrolabe"}],"items_purged_floors":[2,25],"is_endless":false,"potions_floor_spawned":[1,13,18,19,31],"killed_by":"Collector","ascension_level":20}