{"gold_per_floor":[109,109,129,147,147,147,179,179,179,204,204,129,162,173,173,248,248,265,105,119,34,84,84,117,133,209,265,278,305,305,255,255,331,331,346,360,405,420,420,446,446,471,471,497,204,251,351,377,377,377,377,377,377,95,122,122],"floor_reached":57,"playtime":2169,"items_purged":["Shockwave","Shrug It Off+1"],"score":4084,"play_id":"2485cb01-bfc2-44f7-898c-4d61085de980","local_time":"20190908195323","daily_mods":["SealedDeck"],"is_ascension_mode":true,"campfire_choices":[{"data":"Evolve","floor":6.0,"key":"SMITH"},{"data":"Second Wind","floor":8.0,"key":"SMITH"},{"data":"Shrug It Off","floor":15.0,"key":"SMITH"},{"data":"Battle Trance","floor":23.0,"key":"SMITH"},{"floor":30.0,"key":"RECALL"},{"data":"Power Through","floor":32.0,"key":"SMITH"},{"data":"Seeing Red","floor":41.0,"key":"SMITH"},{"data":"Deep Breath","floor":49.0,"key":"SMITH"},{"floor":53.0,"key":"DIG"}],"neow_cost":"","seed_source_timestamp":0,"circlet_count":0,"master_deck":["AscendersBane","Body Slam+1","Disarm+1","Evolve+1","Reckless Charge+1","Seeing Red+1","Battle Trance+1","Second Wind+1","Power Through+1","Dark Embrace+1","Feel No Pain+1","Deep Breath+1"],"special_seed":0,"relics":["Burning Blood","Frozen Egg 2","Lantern","Mummified Hand","Coffee Dripper","Pen Nib","Ancient Tea Set","Bottled Tornado","Pear","Tiny Chest","Champion Belt","Black Star","Vajra","Strawberry","Torii","PreservedInsect","Whetstone","Shovel","Gambling Chip","Juzu Bracelet","FossilizedHelix","Prayer Wheel","Omamori","Bronze Scales","Bottled Lightning","HandDrill","Letter Opener","Anchor"],"potions_floor_usage":[56],"damage_taken":[{"damage":3.0,"enemies":"Small Slimes","floor":1.0,"turns":3.0},{"damage":0.0,"enemies":"2 Louse","floor":3.0,"turns":2.0},{"damage":0.0,"enemies":"Cultist","floor":4.0,"turns":2.0},{"damage":0.0,"enemies":"Gremlin Nob","floor":7.0,"turns":2.0},{"damage":0.0,"enemies":"Lagavulin","floor":10.0,"turns":3.0},{"damage":0.0,"enemies":"Gremlin Nob","floor":13.0,"turns":3.0},{"damage":0.0,"enemies":"Exordium Thugs","floor":14.0,"turns":3.0},{"damage":0.0,"enemies":"Slime Boss","floor":16.0,"turns":4.0},{"damage":0.0,"enemies":"Spheric Guardian","floor":18.0,"turns":3.0},{"damage":0.0,"enemies":"2 Thieves","floor":20.0,"turns":3.0},{"damage":0.0,"enemies":"Gremlin Leader","floor":24.0,"turns":3.0},{"damage":0.0,"enemies":"Centurion and Healer","floor":25.0,"turns":3.0},{"damage":0.0,"enemies":"Book of Stabbing","floor":27.0,"turns":3.0},{"damage":17.0,"enemies":"Snake Plant","floor":28.0,"turns":2.0},{"damage":0.0,"enemies":"Gremlin Leader","floor":29.0,"turns":3.0},{"damage":15.0,"enemies":"Champ","floor":33.0,"turns":5.0},{"damage":0.0,"enemies":"3 Darklings","floor":35.0,"turns":3.0},{"damage":0.0,"enemies":"Orb Walker","floor":36.0,"turns":2.0},{"damage":0.0,"enemies":"Sphere and 2 Shapes","floor":38.0,"turns":2.0},{"damage":0.0,"enemies":"Giant Head","floor":40.0,"turns":3.0},{"damage":0.0,"enemies":"Nemesis","floor":42.0,"turns":7.0},{"damage":0.0,"enemies":"Giant Head","floor":44.0,"turns":2.0},{"damage":0.0,"enemies":"2 Orb Walkers","floor":46.0,"turns":3.0},{"damage":0.0,"enemies":"Mind Bloom Boss Battle","floor":47.0,"turns":2.0},{"damage":0.0,"enemies":"Nemesis","floor":48.0,"turns":3.0},{"damage":0.0,"enemies":"Donu and Deca","floor":50.0,"turns":2.0},{"damage":0.0,"enemies":"Time Eater","floor":51.0,"turns":4.0},{"damage":0.0,"enemies":"Shield and Spear","floor":55.0,"turns":2.0},{"damage":0,"enemies":"The Heart","floor":56,"turns":5}],"seed_played":"3361307491863906770","potions_obtained":[{"floor":4.0,"key":"FearPotion"},{"floor":7.0,"key":"Weak Potion"},{"floor":16.0,"key":"LiquidBronze"}],"is_trial":true,"path_per_floor":["M","?","M","M","?","R","E","R","T","E","?","$","E","M","R","B",null,"M","$","M","?","?","R","E","M","T","E","M","E","R","?","R","B",null,"M","M","T","M","?","E","R","E","T","E","$","?","?","E","R","B","B",null,"R","$","E","B",null],"character_chosen":"IRONCLAD","items_purchased":["Pen Nib","Deep Breath","Ancient Potion","HandDrill","Energy Potion"],"campfire_rested":0,"item_purchase_floors":[19,45,45,54,54],"current_hp_per_floor":[71,76,80,80,80,80,80,80,80,80,73,73,79,80,80,80,80,80,80,80,80,80,80,80,80,90,90,79,85,85,85,85,76,87,90,90,90,90,90,97,97,97,97,97,97,97,97,97,97,97,97,97,97,97,97,97],"gold":122,"neow_bonus":"","is_prod":false,"is_daily":false,"chose_seed":false,"campfire_upgraded":7,"win_rate":0,"timestamp":1567943603,"path_taken":["M","?","M","M","?","R","E","R","T","E","?","$","E","M","R","BOSS","M","$","M","?","?","R","E","M","T","E","M","E","R","?","R","BOSS","M","M","?","?","?","E","R","E","T","E","$","?","?","E","R","BOSS","BOSS","R","$","E","BOSS"],"build_version":"2019-08-26","purchased_purges":2,"victory":true,"max_hp_per_floor":[75,80,80,80,80,80,80,80,80,80,80,80,80,80,80,80,80,80,80,80,80,80,80,80,80,90,90,90,90,90,90,90,90,90,90,90,90,90,90,97,97,97,97,97,97,97,97,97,97,97,97,97,97,97,97,97],"card_choices":[{"not_picked":["Sword Boomerang","Twin Strike","Combust"],"picked":"SKIP","floor":1.0},{"not_picked":["Clothesline","Battle Trance","Dropkick"],"picked":"SKIP","floor":3.0},{"not_picked":["Dropkick","Inflame","Cleave"],"picked":"SKIP","floor":4.0},{"not_picked":["Metallicize","Flex","Dropkick"],"picked":"SKIP","floor":7.0},{"not_picked":["Bludgeon","Battle Trance","Entrench"],"picked":"SKIP","floor":10.0},{"not_picked":["Headbutt","Sever Soul","Sword Boomerang"],"picked":"SKIP","floor":13.0},{"not_picked":["Wild Strike","Rupture+1","Body Slam"],"picked":"SKIP","floor":14.0},{"not_picked":["Warcry","Perfected Strike","Wild Strike"],"picked":"SKIP","floor":18.0},{"not_picked":["Warcry","Cleave","Flex"],"picked":"SKIP","floor":20.0},{"not_picked":["Carnage","Armaments","True Grit"],"picked":"SKIP","floor":24.0},{"not_picked":["Warcry","Cleave+1","Iron Wave+1"],"picked":"SKIP","floor":25.0},{"not_picked":["Body Slam","Feel No Pain+1"],"picked":"Power Through","floor":27.0},{"not_picked":["Demon Form+1","Anger","Rampage+1"],"picked":"SKIP","floor":28.0},{"not_picked":["Pummel","Rage","Heavy Blade"],"picked":"SKIP","floor":29.0},{"not_picked":["Pummel","Rage","Heavy Blade"],"picked":"SKIP","floor":29.0},{"not_picked":["Immolate","Bludgeon"],"picked":"Dark Embrace+1","floor":33.0},{"not_picked":["True Grit","Pommel Strike","Flex"],"picked":"SKIP","floor":35.0},{"not_picked":["Second Wind","Dropkick","Anger"],"picked":"SKIP","floor":36.0},{"not_picked":["Evolve+1","Sentinel","Iron Wave"],"picked":"SKIP","floor":38.0},{"not_picked":["Exhume","Second Wind+1","Heavy Blade"],"picked":"SKIP","floor":40.0},{"not_picked":["Havoc+1","Uppercut"],"picked":"Feel No Pain+1","floor":42.0},{"not_picked":["Anger","Evolve+1","True Grit"],"picked":"SKIP","floor":44.0},{"not_picked":["Wild Strike","Spot Weakness","Sentinel"],"picked":"SKIP","floor":48.0},{"not_picked":["Impervious","Inflame+1","Shockwave"],"picked":"SKIP","floor":55.0}],"player_experience":3213058,"relics_obtained":[{"floor":7.0,"key":"Frozen Egg 2"},{"floor":10.0,"key":"Lantern"},{"floor":13.0,"key":"Mummified Hand"},{"floor":24.0,"key":"Bottled Tornado"},{"floor":26.0,"key":"Pear"},{"floor":27.0,"key":"Tiny Chest"},{"floor":29.0,"key":"Champion Belt"},{"floor":37.0,"key":"Vajra"},{"floor":40.0,"key":"Strawberry"},{"floor":40.0,"key":"Torii"},{"floor":42.0,"key":"PreservedInsect"},{"floor":42.0,"key":"Whetstone"},{"floor":43.0,"key":"Shovel"},{"floor":44.0,"key":"Gambling Chip"},{"floor":44.0,"key":"Juzu Bracelet"},{"floor":46.0,"key":"FossilizedHelix"},{"floor":47.0,"key":"Prayer Wheel"},{"floor":48.0,"key":"Omamori"},{"floor":48.0,"key":"Bronze Scales"},{"floor":53.0,"key":"Bottled Lightning"},{"floor":55.0,"key":"Letter Opener"},{"floor":55.0,"key":"Anchor"}],"event_choices":[{"damage_healed":0.0,"max_hp_gain":5.0,"max_hp_loss":0.0,"gold_gain":0.0,"event_name":"Big Fish","player_choice":"Donut","floor":2.0,"gold_loss":0.0,"damage_taken":0.0},{"damage_healed":0.0,"max_hp_gain":0.0,"max_hp_loss":0.0,"gold_gain":0.0,"event_name":"Living Wall","player_choice":"Grow","floor":5.0,"gold_loss":0.0,"damage_taken":0.0,"cards_upgraded":["Body Slam"]},{"cards_removed":["Warcry"],"damage_healed":0.0,"max_hp_gain":0.0,"max_hp_loss":0.0,"gold_gain":0.0,"event_name":"Golden Wing","player_choice":"Card Removal","floor":11.0,"gold_loss":0.0,"damage_taken":7.0},{"damage_healed":0.0,"max_hp_gain":0.0,"max_hp_loss":0.0,"gold_gain":0.0,"event_name":"Addict","player_choice":"Obtained Relic","floor":21.0,"gold_loss":85.0,"damage_taken":0.0,"relics_obtained":["Ancient Tea Set"]},{"damage_healed":0.0,"max_hp_gain":0.0,"max_hp_loss":0.0,"gold_gain":50.0,"event_name":"Nest","player_choice":"Stole From Cult","floor":22.0,"gold_loss":0.0,"damage_taken":0.0},{"damage_healed":0.0,"max_hp_gain":0.0,"max_hp_loss":0.0,"gold_gain":0.0,"event_name":"Designer","player_choice":"Upgraded Two","floor":31.0,"gold_loss":50.0,"damage_taken":0.0,"cards_upgraded":["Disarm","Reckless Charge"]},{"damage_healed":0.0,"max_hp_gain":0.0,"max_hp_loss":0.0,"gold_gain":0.0,"event_name":"SensoryStone","player_choice":"Memory 1","floor":39.0,"gold_loss":0.0,"damage_taken":0.0},{"damage_healed":0.0,"max_hp_gain":0.0,"max_hp_loss":0.0,"gold_gain":0.0,"event_name":"Mysterious Sphere","player_choice":"Fight","floor":46.0,"gold_loss":0.0,"damage_taken":0.0},{"damage_healed":0.0,"max_hp_gain":0.0,"max_hp_loss":0.0,"gold_gain":0.0,"event_name":"MindBloom","player_choice":"Fight","floor":47.0,"gold_loss":0.0,"damage_taken":0.0}],"is_beta":true,"boss_relics":[{"not_picked":["Runic Pyramid","Eternal Feather"],"picked":"Coffee Dripper"},{"not_picked":["Lizard Tail","Sozu"],"picked":"Black Star"}],"items_purged_floors":[12,45],"is_endless":false,"potions_floor_spawned":[4,7,16,20,24,25,35,38,40,46,47,55],"ascension_level":20}