{"gold_per_floor":[211,211,229,240,77,109,109,127,127,141,141,153,153,183,183,183],"floor_reached":16,"playtime":1277,"items_purged":[],"score":199,"play_id":"8429fa07-705c-4205-a278-41ba15a2d123","local_time":"20190206104136","is_ascension_mode":true,"campfire_choices":[{"floor":7.0,"key":"REST"},{"data":"Zap","floor":11.0,"key":"SMITH"},{"data":"Melter","floor":15,"key":"SMITH"}],"neow_cost":"NONE","seed_source_timestamp":11407511891400,"circlet_count":0,"master_deck":["AscendersBane","Strike_B","Strike_B","Strike_B","Defend_B","Defend_B","Defend_B","Defend_B","Zap+1","Dualcast","Sweeping Beam","Conserve Battery","Melter+1","Sweeping Beam","Cold Snap","Turbo"],"special_seed":0,"relics":["Cracked Core","The Courier","Meat on the Bone","Mummified Hand"],"potions_floor_usage":[16,16],"damage_taken":[{"damage":9.0,"enemies":"Jaw Worm","floor":1.0,"turns":3.0},{"damage":10.0,"enemies":"2 Louse","floor":3.0,"turns":2.0},{"damage":0.0,"enemies":"Small Slimes","floor":4.0,"turns":3.0},{"damage":19.0,"enemies":"3 Sentries","floor":6.0,"turns":7.0},{"damage":7.0,"enemies":"Exordium Wildlife","floor":8.0,"turns":3.0},{"damage":16.0,"enemies":"2 Fungi Beasts","floor":10.0,"turns":3.0},{"damage":3.0,"enemies":"Blue Slaver","floor":12.0,"turns":4.0},{"damage":42,"enemies":"Slime Boss","floor":16,"turns":9}],"seed_played":"3386605064386978759","potions_obtained":[{"floor":3.0,"key":"Block Potion"},{"floor":6.0,"key":"SpeedPotion"}],"is_trial":false,"path_per_floor":["M","?","M","M","$","E","R","M","T","M","R","M","?","?","R","B"],"character_chosen":"DEFECT","items_purchased":["Poison Potion","Melter","Sweeping Beam"],"campfire_rested":1,"item_purchase_floors":[5,5,5],"current_hp_per_floor":[55,48,38,38,38,19,40,33,33,29,29,38,38,38,38,0],"gold":183,"neow_bonus":"HUNDRED_GOLD","is_prod":false,"is_daily":false,"chose_seed":false,"campfire_upgraded":2,"win_rate":0,"timestamp":1549446096,"path_taken":["M","?","M","M","$","E","R","M","T","M","R","M","?","?","R","BOSS"],"build_version":"2019-01-17v2","purchased_purges":0,"victory":false,"max_hp_per_floor":[71,71,71,71,71,71,71,71,71,71,71,71,71,71,71,71],"card_choices":[{"not_picked":["Ball Lightning","Turbo"],"picked":"Sweeping Beam","floor":1.0},{"not_picked":["Fusion","Chill"],"picked":"Conserve Battery","floor":3.0},{"not_picked":["Consume","White Noise","Sweeping Beam"],"picked":"SKIP","floor":4.0},{"not_picked":["Meteor Strike","Steam Power","Hologram"],"picked":"SKIP","floor":6.0},{"not_picked":["Gash","Steam Power","Steam"],"picked":"SKIP","floor":8.0},{"not_picked":["Beam Cell","Rainbow"],"picked":"Cold Snap","floor":10.0},{"not_picked":["Compile Driver","BootSequence"],"picked":"Turbo","floor":12.0}],"player_experience":1272998,"relics_obtained":[{"floor":6.0,"key":"The Courier"},{"floor":9.0,"key":"Meat on the Bone"}],"event_choices":[{"cards_removed":["Strike_B"],"damage_healed":0.0,"max_hp_gain":0.0,"max_hp_loss":0.0,"gold_gain":0.0,"event_name":"Golden Wing","player_choice":"Card Removal","floor":2.0,"gold_loss":0.0,"damage_taken":7.0},{"damage_healed":0.0,"max_hp_gain":0.0,"max_hp_loss":0.0,"gold_gain":0.0,"event_name":"Shining Light","player_choice":"Ignored","floor":13.0,"gold_loss":0.0,"damage_taken":0.0},{"damage_healed":0,"gold_gain":30,"player_choice":"Searched \u00272\u0027 times","damage_taken":0,"relics_obtained":["Mummified Hand"],"max_hp_gain":0,"max_hp_loss":0,"event_name":"Dead Adventurer","floor":14,"gold_loss":0}],"is_beta":false,"boss_relics":[],"items_purged_floors":[],"is_endless":false,"potions_floor_spawned":[3,6,12],"killed_by":"Slime Boss","ascension_level":19}