{"gold_per_floor":[110,30,30,46,60,87,87,101,169,169,169,200,212,230,230,327,327,327,327,1,1,1,1,1,1,1,1,1,1,1,1,1,1],"floor_reached":33,"playtime":2216,"items_purged":["Strike_R"],"score":277,"play_id":"645284ba-998a-482a-9325-16535ef318da","local_time":"20190919175232","is_ascension_mode":false,"campfire_choices":[{"data":"Bash","floor":7,"key":"SMITH"},{"data":"Secret Weapon","floor":10,"key":"SMITH"},{"floor":15,"key":"REST"},{"floor":27,"key":"REST"},{"floor":30,"key":"REST"},{"floor":32,"key":"REST"}],"neow_cost":"PERCENT_DAMAGE","seed_source_timestamp":1988535391498000,"circlet_count":0,"master_deck":["Strike_R","Strike_R","Strike_R","Defend_R","Defend_R","Defend_R","Defend_R","Bash+1","Secret Weapon+1","Secret Technique","Rampage","Ghostly Armor","Inflame","Iron Wave","Shrug It Off","Berserk","Flex","J.A.X.","Heavy Blade","Clash","Seeing Red","Thunderclap","Thunderclap","Clash+1","Whirlwind"],"relics":["Burning Blood","Nunchaku","The Courier","Blood Vial","Ectoplasm","Brimstone","Tiny Chest","Charon\u0027s Ashes"],"potions_floor_usage":[6,12,16,23,24,33],"damage_taken":[{"damage":4,"enemies":"Cultist","floor":1,"turns":4},{"damage":0,"enemies":"2 Louse","floor":4,"turns":3},{"damage":0,"enemies":"Small Slimes","floor":5,"turns":3},{"damage":30,"enemies":"Gremlin Nob","floor":6,"turns":4},{"damage":2,"enemies":"Looter","floor":8,"turns":4},{"damage":11,"enemies":"Lagavulin","floor":12,"turns":6},{"damage":14,"enemies":"Blue Slaver","floor":13,"turns":4},{"damage":11,"enemies":"Large Slime","floor":14,"turns":6},{"damage":60,"enemies":"The Guardian","floor":16,"turns":15},{"damage":10,"enemies":"Shell Parasite","floor":18,"turns":7},{"damage":33,"enemies":"Book of Stabbing","floor":23,"turns":4},{"damage":40,"enemies":"3 Byrds","floor":24,"turns":4},{"damage":25,"enemies":"Snecko","floor":28,"turns":5},{"damage":10,"enemies":"Cultist and Chosen","floor":29,"turns":4},{"damage":29,"enemies":"Shelled Parasite and Fungi","floor":31,"turns":3},{"damage":55,"enemies":"Collector","floor":33,"turns":3}],"seed_played":"-4989514740422533140","potions_obtained":[{"floor":1,"key":"SpeedPotion"},{"floor":4,"key":"Ancient Potion"},{"floor":6,"key":"AttackPotion"},{"floor":12,"key":"Swift Potion"},{"floor":18,"key":"Fire Potion"},{"floor":29,"key":"SkillPotion"}],"is_trial":false,"path_per_floor":["M","$","?","M","M","E","R","M","T","R","?","E","M","M","R","B",null,"M","?","$","?","$","E","M","?","T","R","M","M","R","M","R","B"],"character_chosen":"IRONCLAD","items_purchased":["Ghostly Armor","Brimstone","Heavy Blade","Clash","Seeing Red"],"campfire_rested":4,"item_purchase_floors":[2,20,20,20,20],"current_hp_per_floor":[58,58,58,64,70,46,46,50,50,50,50,45,39,36,60,8,80,76,76,76,76,76,51,19,19,19,43,26,24,48,27,51,0],"gold":1,"neow_bonus":"RANDOM_COLORLESS_2","is_prod":false,"is_daily":false,"chose_seed":false,"campfire_upgraded":2,"win_rate":0,"timestamp":1568929952,"path_taken":["M","?","?","?","M","E","R","M","T","R","?","E","M","M","R","BOSS","M","?","$","?","$","E","M","?","T","R","M","M","R","M","R","BOSS"],"build_version":"2019-07-17","purchased_purges":1,"victory":false,"max_hp_per_floor":[80,80,80,80,80,80,80,80,80,80,80,80,80,80,80,80,80,80,80,80,80,80,80,80,80,80,80,80,80,80,80,80,80],"card_choices":[{"not_picked":["Warcry","Thunderclap"],"picked":"Rampage","floor":1},{"not_picked":["Second Wind","Battle Trance","Pommel Strike"],"picked":"SKIP","floor":4},{"not_picked":["Blood for Blood","Anger"],"picked":"Inflame","floor":5},{"not_picked":["Perfected Strike","Warcry","Sentinel"],"picked":"SKIP","floor":6},{"not_picked":["Power Through","Clothesline"],"picked":"Iron Wave","floor":8},{"not_picked":["Thunderclap","Bludgeon","Anger"],"picked":"SKIP","floor":12},{"not_picked":["Warcry","Pommel Strike","Intimidate"],"picked":"SKIP","floor":13},{"not_picked":["Perfected Strike","Corruption"],"picked":"Shrug It Off","floor":14},{"not_picked":["Dark Embrace","Fiend Fire"],"picked":"Berserk","floor":16},{"not_picked":["Anger","Twin Strike"],"picked":"Flex","floor":18},{"not_picked":["Dual Wield","Rampage"],"picked":"Thunderclap","floor":23},{"not_picked":["Berserk","Wild Strike+1"],"picked":"Thunderclap","floor":24},{"not_picked":["Blood for Blood","Power Through","Rage"],"picked":"SKIP","floor":28},{"not_picked":["Perfected Strike","Iron Wave"],"picked":"Clash+1","floor":29},{"not_picked":["Shrug It Off","Sever Soul"],"picked":"Whirlwind","floor":31}],"player_experience":99777,"relics_obtained":[{"floor":6,"key":"Nunchaku"},{"floor":9,"key":"The Courier"},{"floor":12,"key":"Blood Vial"},{"floor":23,"key":"Tiny Chest"},{"floor":26,"key":"Charon\u0027s Ashes"}],"event_choices":[{"cards_removed":["Strike_R"],"damage_healed":0,"gold_gain":0,"player_choice":"Purged","damage_taken":0,"max_hp_gain":0,"max_hp_loss":0,"event_name":"Purifier","floor":3,"gold_loss":0},{"damage_healed":0,"gold_gain":0,"player_choice":"Ignored","damage_taken":0,"max_hp_gain":0,"max_hp_loss":0,"event_name":"Golden Idol","floor":11,"gold_loss":0},{"damage_healed":0,"gold_gain":0,"player_choice":"Obtain J.A.X.","damage_taken":0,"max_hp_gain":0,"max_hp_loss":0,"event_name":"Drug Dealer","floor":19,"gold_loss":0,"cards_obtained":["J.A.X."]},{"damage_healed":0,"gold_gain":0,"player_choice":"Ignored","damage_taken":0,"max_hp_gain":0,"max_hp_loss":0,"event_name":"Cursed Tome","floor":21,"gold_loss":0},{"damage_healed":0,"gold_gain":0,"player_choice":"Leave","damage_taken":0,"max_hp_gain":0,"max_hp_loss":0,"event_name":"FaceTrader","floor":25,"gold_loss":0}],"is_beta":false,"boss_relics":[{"not_picked":["Velvet Choker","Eternal Feather"],"picked":"Ectoplasm"}],"items_purged_floors":[20],"is_endless":false,"potions_floor_spawned":[1,4,6,12,18,29],"killed_by":"Collector","ascension_level":0}