{"gold_per_floor":[109,109,127,77,87,113,99,69,149,149,159,159,159,174,174,174],"floor_reached":16,"playtime":1604,"items_purged":[],"score":102,"play_id":"df2a96b9-ebcb-4ad2-aacd-812a6daff96e","local_time":"20181227215335","is_ascension_mode":false,"campfire_choices":[{"floor":10,"key":"REST"},{"floor":12,"key":"REST"},{"floor":15,"key":"REST"}],"neow_cost":"NONE","seed_source_timestamp":10402772064619,"circlet_count":0,"master_deck":["Strike_B","Strike_B","Strike_B","Strike_B","Defend_B","Defend_B","Defend_B","Defend_B","Zap","Dualcast","Reinforced Body","Zap","Compile Driver","Aggregate","Genetic Algorithm","Conserve Battery","Rip and Tear","Aggregate"],"relics":["Cracked Core","Blood Vial","Gambling Chip","Mummified Hand","Lantern"],"potions_floor_usage":[],"damage_taken":[{"damage":1,"enemies":"Jaw Worm","floor":1,"turns":3},{"damage":1,"enemies":"Cultist","floor":3,"turns":4},{"damage":2,"enemies":"2 Louse","floor":5,"turns":3},{"damage":57,"enemies":"Gremlin Nob","floor":6,"turns":6},{"damage":10,"enemies":"Exordium Thugs","floor":7,"turns":4},{"damage":9,"enemies":"3 Louse","floor":11,"turns":5},{"damage":5,"enemies":"Looter","floor":14,"turns":4},{"damage":69,"enemies":"Slime Boss","floor":16,"turns":13}],"seed_played":"7645247990186401934","potions_obtained":[{"floor":3,"key":"Ancient Potion"},{"floor":8,"key":"Dexterity Potion"},{"floor":8,"key":"Poison Potion"}],"is_trial":false,"path_per_floor":["M","?","M","?","M","E","M","?","T","R","M","R","?","M","R","B"],"character_chosen":"DEFECT","items_purchased":[],"campfire_rested":3,"item_purchase_floors":[],"current_hp_per_floor":[74,74,74,74,73,18,10,10,10,32,25,47,47,44,66,0],"gold":174,"neow_bonus":"RANDOM_COMMON_RELIC","is_prod":false,"is_daily":false,"chose_seed":false,"campfire_upgraded":0,"win_rate":0.0,"timestamp":1545976415,"path_taken":["M","?","?","?","M","E","M","?","T","R","?","R","?","M","R","BOSS"],"build_version":"2018-12-20","purchased_purges":0,"victory":false,"max_hp_per_floor":[75,75,75,75,75,75,75,75,75,75,75,75,75,75,75,75],"card_choices":[{"not_picked":["Steam","Stack"],"picked":"Reinforced Body","floor":1},{"not_picked":["Steam","Defragment"],"picked":"Compile Driver","floor":3},{"not_picked":["Turbo","Redo"],"picked":"Aggregate","floor":5},{"not_picked":["Reinforced Body","Creative AI"],"picked":"Genetic Algorithm","floor":6},{"not_picked":["Barrage","Stack"],"picked":"Conserve Battery","floor":7},{"not_picked":["Double Energy","Beam Cell"],"picked":"Rip and Tear","floor":11},{"not_picked":["Turbo","Defragment"],"picked":"Aggregate","floor":14}],"player_experience":42411,"relics_obtained":[{"floor":6,"key":"Gambling Chip"},{"floor":9,"key":"Mummified Hand"}],"event_choices":[{"damage_healed":0,"gold_gain":0,"player_choice":"2 cards matched","damage_taken":0,"max_hp_gain":0,"max_hp_loss":0,"event_name":"Match and Keep!","floor":2,"gold_loss":0,"cards_obtained":["Zap","Normality"]},{"cards_removed":["Normality"],"damage_healed":0,"gold_gain":0,"player_choice":"Card Removal","damage_taken":0,"max_hp_gain":0,"max_hp_loss":0,"event_name":"The Cleric","floor":4,"gold_loss":50},{"damage_healed":0,"gold_gain":0,"player_choice":"Bought 2 Potions","damage_taken":0,"max_hp_gain":0,"max_hp_loss":0,"event_name":"The Woman in Blue","floor":8,"gold_loss":0},{"damage_healed":0,"gold_gain":0,"player_choice":"Searched \u00271\u0027 times","damage_taken":0,"relics_obtained":["Lantern"],"max_hp_gain":0,"max_hp_loss":0,"event_name":"Dead Adventurer","floor":13,"gold_loss":0}],"is_beta":false,"boss_relics":[],"items_purged_floors":[],"is_endless":false,"potions_floor_spawned":[3],"killed_by":"Slime Boss","ascension_level":0}