{"gold_per_floor":[115,115,36,36,60,100,100,121,168,138,173,6,6],"floor_reached":13,"playtime":128,"items_purged":[],"score":232,"play_id":"e4514aae-2808-4839-806c-5ae27fa452b2","local_time":"20190918232729","is_ascension_mode":true,"campfire_choices":[{"data":"True Grit","floor":7,"key":"SMITH"}],"neow_cost":"NONE","seed_source_timestamp":712374299509707,"circlet_count":0,"master_deck":["AscendersBane","Strike_R","Strike_R","Strike_R","Strike_R","Defend_R","Defend_R","Defend_R","Defend_R","Bash","Body Slam","True Grit+1","Shrug It Off","Battle Trance","Barricade"],"relics":["Burning Blood","NeowsBlessing","Golden Idol","Bronze Scales","Letter Opener"],"potions_floor_usage":[11,11],"damage_taken":[{"damage":0,"enemies":"2 Louse","floor":1,"turns":1},{"damage":0,"enemies":"Jaw Worm","floor":5,"turns":1},{"damage":0,"enemies":"Lagavulin","floor":6,"turns":1},{"damage":8,"enemies":"Small Slimes","floor":8,"turns":3},{"damage":35,"enemies":"Gremlin Nob","floor":11,"turns":4},{"damage":0,"enemies":"Gremlin Gang","floor":13,"turns":1}],"seed_played":"-2864071288396963494","potions_obtained":[{"floor":1,"key":"Energy Potion"},{"floor":8,"key":"GamblersBrew"},{"floor":10,"key":"FearPotion"},{"floor":10,"key":"Strength Potion"}],"is_trial":false,"path_per_floor":["M","?","$","?","M","E","R","M","T","?","E","$","M"],"character_chosen":"IRONCLAD","items_purchased":["True Grit","Shrug It Off","Barricade"],"campfire_rested":0,"item_purchase_floors":[3,3,12],"current_hp_per_floor":[74,67,67,67,68,68,68,66,66,66,37,37,37],"gold":6,"neow_bonus":"THREE_ENEMY_KILL","is_prod":false,"is_daily":false,"chose_seed":false,"campfire_upgraded":1,"win_rate":0,"timestamp":1568820449,"path_taken":["M","?","$","?","M","E","R","M","T","?","E","$","?"],"build_version":"2019-09-17","purchased_purges":0,"victory":false,"max_hp_per_floor":[75,75,75,68,68,68,68,68,68,68,68,68,68],"card_choices":[{"not_picked":["Disarm","Hemokinesis"],"picked":"Body Slam","floor":1},{"not_picked":["Clash","Wild Strike"],"picked":"Battle Trance","floor":5},{"not_picked":["Body Slam","Reckless Charge","Ghostly Armor"],"picked":"SKIP","floor":6},{"not_picked":["Corruption","Body Slam","Uppercut"],"picked":"SKIP","floor":8},{"not_picked":["Bloodletting","Body Slam","Heavy Blade"],"picked":"SKIP","floor":11}],"player_experience":851425,"relics_obtained":[{"floor":6,"key":"Bronze Scales"},{"floor":11,"key":"Letter Opener"}],"event_choices":[{"cards_removed":["Strike_R"],"damage_healed":0,"gold_gain":0,"player_choice":"Card Removal","damage_taken":7,"max_hp_gain":0,"max_hp_loss":0,"event_name":"Golden Wing","floor":2,"gold_loss":0},{"damage_healed":0,"gold_gain":0,"player_choice":"Lose Max HP","damage_taken":0,"relics_obtained":["Golden Idol"],"max_hp_gain":0,"max_hp_loss":7,"event_name":"Golden Idol","floor":4,"gold_loss":0},{"damage_healed":0,"gold_gain":0,"player_choice":"Bought 2 Potions","damage_taken":0,"max_hp_gain":0,"max_hp_loss":0,"event_name":"The Woman in Blue","floor":10,"gold_loss":0}],"is_beta":true,"boss_relics":[],"items_purged_floors":[],"is_endless":false,"potions_floor_spawned":[1,8],"killed_by":"Gremlin Gang","ascension_level":20}