{"gold_per_floor":[113,133,146,156,169,169,14,30,30,45,78,98,115,127,127,229,229,247,264,21,21,41,41],"floor_reached":23,"playtime":2544,"items_purged":[],"score":201,"play_id":"1c3a89a3-bfbc-4223-93b9-ab1f73efea1f","local_time":"20190809175411","is_ascension_mode":false,"campfire_choices":[{"floor":6,"key":"REST"},{"floor":15,"key":"REST"}],"neow_cost":"NONE","seed_source_timestamp":24428959417899,"circlet_count":0,"master_deck":["Strike_R+1","Strike_R+1","Strike_R","Defend_R","Defend_R","Defend_R","Defend_R","Bash","Rampage","Rampage","Shockwave","Shrug It Off","Iron Wave","Thunderclap","Headbutt","Metallicize","Iron Wave","Thunderclap","Immolate","Iron Wave","Clothesline","Clash","Headbutt","Intimidate"],"relics":["Burning Blood","Whetstone","Strawberry","Anchor","The Courier","Eternal Feather","Bronze Scales","Blood Vial"],"potions_floor_usage":[11,16,16,23,23],"damage_taken":[{"damage":0,"enemies":"Cultist","floor":1,"turns":4},{"damage":7,"enemies":"Small Slimes","floor":2,"turns":3},{"damage":7,"enemies":"2 Louse","floor":3,"turns":2},{"damage":14,"enemies":"Looter","floor":4,"turns":4},{"damage":25,"enemies":"Gremlin Gang","floor":5,"turns":6},{"damage":11,"enemies":"Large Slime","floor":8,"turns":5},{"damage":10,"enemies":"3 Louse","floor":10,"turns":4},{"damage":34,"enemies":"Lagavulin","floor":11,"turns":6},{"damage":0,"enemies":"Blue Slaver","floor":12,"turns":4},{"damage":8,"enemies":"Exordium Thugs","floor":13,"turns":6},{"damage":8,"enemies":"Large Slime","floor":14,"turns":3},{"damage":62,"enemies":"The Guardian","floor":16,"turns":13},{"damage":22,"enemies":"2 Thieves","floor":18,"turns":4},{"damage":46,"enemies":"Spheric Guardian","floor":19,"turns":8},{"damage":28,"enemies":"3 Cultists","floor":22,"turns":5},{"damage":28,"enemies":"Book of Stabbing","floor":23,"turns":5}],"seed_played":"833859368708371467","potions_obtained":[{"floor":1,"key":"Poison Potion"},{"floor":5,"key":"SpeedPotion"},{"floor":10,"key":"Dexterity Potion"},{"floor":11,"key":"Swift Potion"},{"floor":13,"key":"Ancient Potion"},{"floor":14,"key":"LiquidBronze"},{"floor":22,"key":"Regen Potion"}],"is_trial":false,"path_per_floor":["M","M","M","M","M","R","$","M","T","M","E","M","M","M","R","B",null,"M","M","$","?","M","E"],"character_chosen":"IRONCLAD","items_purchased":["Strawberry","Bronze Scales","Blood Vial"],"campfire_rested":2,"item_purchase_floors":[7,20,20],"current_hp_per_floor":[80,79,78,70,51,75,82,77,77,73,45,51,49,47,73,17,87,71,31,31,31,11,0],"gold":41,"neow_bonus":"RANDOM_COMMON_RELIC","is_prod":false,"is_daily":false,"chose_seed":false,"campfire_upgraded":0,"win_rate":0.0,"timestamp":1565398451,"path_taken":["M","M","M","M","M","R","$","M","T","M","E","?","M","M","R","BOSS","M","?","$","?","M","E"],"build_version":"2019-07-17","purchased_purges":0,"victory":false,"max_hp_per_floor":[80,80,80,80,80,80,87,87,87,87,87,87,87,87,87,87,87,87,87,87,87,87,87],"card_choices":[{"not_picked":["Clothesline","Twin Strike"],"picked":"Rampage","floor":1},{"not_picked":["Clothesline","Heavy Blade"],"picked":"Rampage","floor":2},{"not_picked":["Havoc","Thunderclap"],"picked":"Shockwave","floor":3},{"not_picked":["Burning Pact","Perfected Strike"],"picked":"Shrug It Off","floor":4},{"not_picked":["Sentinel","Uppercut"],"picked":"Iron Wave","floor":5},{"not_picked":["True Grit","Clash","Corruption"],"picked":"SKIP","floor":8},{"not_picked":["Rampage","Combust"],"picked":"Thunderclap","floor":10},{"not_picked":["Feel No Pain","Blood for Blood"],"picked":"Headbutt","floor":11},{"not_picked":["Fiend Fire","Heavy Blade"],"picked":"Metallicize","floor":12},{"not_picked":["Clothesline","Perfected Strike"],"picked":"Iron Wave","floor":13},{"not_picked":["Havoc","Sentinel"],"picked":"Thunderclap","floor":14},{"not_picked":["Offering","Demon Form"],"picked":"Immolate","floor":16},{"not_picked":["Twin Strike","Bloodletting+1"],"picked":"Iron Wave","floor":18},{"not_picked":["Warcry","Headbutt"],"picked":"Clothesline","floor":19},{"not_picked":["Body Slam+1","Entrench"],"picked":"Intimidate","floor":22}],"player_experience":373802,"relics_obtained":[{"floor":9,"key":"Anchor"},{"floor":11,"key":"The Courier"}],"event_choices":[{"damage_healed":0,"gold_gain":0,"cards_transformed":["Strike_R","Strike_R"],"player_choice":"Became Test Subject","damage_taken":0,"max_hp_gain":0,"max_hp_loss":0,"event_name":"Drug Dealer","floor":21,"gold_loss":0,"cards_obtained":["Clash","Headbutt"]}],"is_beta":false,"boss_relics":[{"not_picked":["Runic Cube","Orrery"],"picked":"Eternal Feather"}],"items_purged_floors":[],"is_endless":false,"potions_floor_spawned":[1,5,10,11,13,14,22],"killed_by":"Book of Stabbing","ascension_level":0}