{"path_per_floor":["M","?","M","?","$","E","R","E","T","E","R","M","R","M","R","B",null,"M","$","M","?","?","R","E","R","T","M","M","E","?","?","R","B",null,"M","M","M","$","M","E","M","M","T","E","M","M","R","$","R","B"],"character_chosen":"DEFECT","items_purchased":["Turbo","Thread and Needle","Ball Lightning","Master of Strategy"],"gold_per_floor":[119,119,138,138,115,143,143,168,168,193,193,211,211,227,227,322,322,334,41,57,57,92,92,125,125,125,140,160,192,117,117,117,216,216,232,246,263,217,227,262,273,287,287,313,328,348,348,68,68,68],"floor_reached":51,"campfire_rested":0,"playtime":7351,"item_purchase_floors":[5,19,38,48],"current_hp_per_floor":[66,66,65,50,50,46,46,38,38,52,52,52,52,54,54,42,91,90,90,90,90,64,64,51,51,51,53,55,55,55,55,55,55,99,101,101,103,103,105,84,86,88,88,87,89,87,87,87,87,58],"items_purged":["Strike_B+1"],"gold":68,"score":1090,"play_id":"b517f666-4448-4e15-a572-e3d723e0161c","local_time":"20180606142228","is_prod":false,"is_daily":false,"chose_seed":false,"is_ascension_mode":true,"campfire_upgraded":9,"win_rate":0,"timestamp":1528287748,"campfire_choices":[{"data":"Zap","floor":7,"key":"SMITH"},{"data":"Genetic Algorithm","floor":11,"key":"SMITH"},{"data":"Dualcast","floor":13,"key":"SMITH"},{"data":"Go for the Eyes","floor":15,"key":"SMITH"},{"data":"Machine Learning","floor":23,"key":"SMITH"},{"data":"Defragment","floor":25,"key":"SMITH"},{"data":"Hologram","floor":32,"key":"SMITH"},{"data":"Electrodynamics","floor":47,"key":"SMITH"},{"data":"Master of Strategy","floor":49,"key":"SMITH"}],"path_taken":["M","?","M","?","$","E","R","E","T","E","R","M","R","M","R","BOSS","M","$","M","?","?","R","E","R","T","?","M","E","?","?","R","BOSS","M","?","M","$","M","E","M","M","T","E","?","M","R","$","R","BOSS"],"build_version":"2018-05-31","seed_source_timestamp":185807168719910,"purchased_purges":1,"victory":true,"master_deck":["Strike_B+1","Defend_B+1","Defend_B+1","Zap+1","Dualcast+1","Buffer+1","Skim","Leap","Turbo","Hologram+1","Genetic Algorithm+1","Auto Shields","Go for the Eyes+1","Machine Learning+1","Defragment+1","Chill+1","Echo Form+1","Electrodynamics+1","Aggregate+1","Loop+1","Storm+1","White Noise+1","Ball Lightning","Tempest+1","Master of Strategy+1"],"max_hp_per_floor":[75,75,75,75,75,75,75,75,75,89,89,89,89,91,91,91,91,91,91,91,91,93,93,95,95,95,97,99,99,99,99,99,99,99,101,101,103,103,105,105,107,109,109,111,113,115,115,115,115,115],"relics":["Cracked Core","Gambling Chip","Singing Bowl","Toolbox","Mango","Sozu","Thread and Needle","Red Mask","Whetstone","Ice Cream","Peace Pipe","Astrolabe","Bronze Scales","Mummified Hand","Ginger"],"card_choices":[{"not_picked":["Streamline","Fusion"],"picked":"Skim","floor":1},{"not_picked":["Compile Driver","Gash"],"picked":"Leap","floor":3},{"not_picked":["Cold Snap","Sunder"],"picked":"Hologram","floor":6},{"not_picked":["Skim","Streamline"],"picked":"Genetic Algorithm","floor":8},{"not_picked":["Stack","Steam Power"],"picked":"Auto Shields","floor":10},{"not_picked":["Sweeping Beam","Recycle"],"picked":"Go for the Eyes","floor":12},{"not_picked":["Rebound","Barrage","Scrape"],"picked":"Singing Bowl","floor":14},{"not_picked":["Echo Form","Fission"],"picked":"Machine Learning","floor":16},{"not_picked":["Melter","Turbo+1"],"picked":"Defragment","floor":18},{"not_picked":["Heatsinks","Genetic Algorithm+1"],"picked":"Chill+1","floor":20},{"not_picked":["Force Field","Stack","Streamline"],"picked":"Singing Bowl","floor":22},{"not_picked":["Beam Cell","Reinforced Body+1","Multi-Cast"],"picked":"Singing Bowl","floor":24},{"not_picked":["Go for the Eyes","Leap+1","Rebound"],"picked":"Singing Bowl","floor":27},{"not_picked":["Leap","Lockon","Gash"],"picked":"Singing Bowl","floor":28},{"not_picked":["Genetic Algorithm+1","Steam Power"],"picked":"Echo Form","floor":29},{"not_picked":["Rainbow","Biased Cognition"],"picked":"Electrodynamics","floor":33},{"not_picked":["Streamline","Sweeping Beam+1","Chaos"],"picked":"Singing Bowl","floor":35},{"not_picked":["Stack","Double Energy+1"],"picked":"White Noise+1","floor":36},{"not_picked":["Darkness","Force Field+1","Blizzard"],"picked":"Singing Bowl","floor":37},{"not_picked":["Glacier+1","Redo","Steam+1"],"picked":"Singing Bowl","floor":39},{"not_picked":["Rip and Tear+1","Amplify"],"picked":"Tempest+1","floor":40},{"not_picked":["Redo","Turbo","Steam+1"],"picked":"Singing Bowl","floor":41},{"not_picked":["Compile Driver","Coolheaded+1","Ball Lightning+1"],"picked":"Singing Bowl","floor":42},{"not_picked":["Turbo","BootSequence+1","Glacier"],"picked":"Singing Bowl","floor":44},{"not_picked":["FTL","Reprogram+1","Steam+1"],"picked":"Singing Bowl","floor":45},{"not_picked":["Static Discharge","Coolheaded+1","Ball Lightning"],"picked":"Singing Bowl","floor":46}],"player_experience":762982,"potions_floor_usage":[10,22],"damage_taken":[{"damage":9,"enemies":"Jaw Worm","floor":1,"turns":4},{"damage":1,"enemies":"2 Louse","floor":3,"turns":4},{"damage":4,"enemies":"Gremlin Nob","floor":6,"turns":5},{"damage":8,"enemies":"Lagavulin","floor":8,"turns":8},{"damage":0,"enemies":"Gremlin Nob","floor":10,"turns":5},{"damage":0,"enemies":"Small Slimes","floor":12,"turns":3},{"damage":0,"enemies":"2 Fungi Beasts","floor":14,"turns":4},{"damage":12,"enemies":"Slime Boss","floor":16,"turns":14},{"damage":1,"enemies":"Shell Parasite","floor":18,"turns":7},{"damage":0,"enemies":"3 Byrds","floor":20,"turns":2},{"damage":28,"enemies":"Masked Bandits","floor":22,"turns":7},{"damage":15,"enemies":"Book of Stabbing","floor":24,"turns":9},{"damage":0,"enemies":"Slaver and Parasite","floor":27,"turns":8},{"damage":0,"enemies":"Snecko","floor":28,"turns":6},{"damage":0,"enemies":"Slavers","floor":29,"turns":12},{"damage":0,"enemies":"Champ","floor":33,"turns":12},{"damage":0,"enemies":"3 Darklings","floor":35,"turns":3},{"damage":0,"enemies":"Orb Walker","floor":36,"turns":4},{"damage":0,"enemies":"3 Darklings","floor":37,"turns":3},{"damage":0,"enemies":"Sphere and 2 Shapes","floor":39,"turns":4},{"damage":21,"enemies":"Nemesis","floor":40,"turns":7},{"damage":0,"enemies":"4 Shapes","floor":41,"turns":2},{"damage":0,"enemies":"3 Darklings","floor":42,"turns":3},{"damage":3,"enemies":"2 Orb Walkers","floor":44,"turns":4},{"damage":0,"enemies":"Sphere and 2 Shapes","floor":45,"turns":3},{"damage":4,"enemies":"4 Shapes","floor":46,"turns":2},{"damage":36,"enemies":"Donu and Deca","floor":50,"turns":5}],"relics_obtained":[{"floor":6,"key":"Gambling Chip"},{"floor":8,"key":"Singing Bowl"},{"floor":9,"key":"Toolbox"},{"floor":10,"key":"Mango"},{"floor":22,"key":"Red Mask"},{"floor":24,"key":"Whetstone"},{"floor":26,"key":"Ice Cream"},{"floor":29,"key":"Peace Pipe"},{"floor":40,"key":"Bronze Scales"},{"floor":43,"key":"Mummified Hand"},{"floor":44,"key":"Ginger"}],"event_choices":[{"event_name":"Living Wall","player_choice":"Grow","floor":2,"damage_taken":0},{"event_name":"Shining Light","player_choice":"Entered Light","floor":4,"damage_taken":0},{"event_name":"Vampires","player_choice":"Ignored","floor":21,"damage_taken":0},{"event_name":"Masked Bandits","player_choice":"Fought over 57 gold","floor":22,"damage_taken":0},{"event_name":"Beggar","player_choice":"Gave Gold","floor":30,"damage_taken":0},{"event_name":"Upgrade Shrine","player_choice":"Upgraded","floor":31,"damage_taken":0}],"boss_relics":[{"not_picked":["Velvet Choker","Pandora\u0027s Box"],"picked":"Sozu"},{"not_picked":["Philosopher\u0027s Stone","Nuclear Battery"],"picked":"Astrolabe"}],"items_purged_floors":[48],"potions_floor_spawned":[6,8,16,18,24,27,28,29,36,40,41,42],"seed_played":"6181372414569465779","ascension_level":3,"potions_obtained":[{"floor":6,"key":"EssenceOfSteel"},{"floor":8,"key":"LiquidBronze"},{"floor":16,"key":"FairyPotion"}],"is_trial":false}