{"gold_per_floor":[115,131,150,150,225,225,259,173,199,199],"floor_reached":10,"playtime":1050,"items_purged":[],"score":66,"play_id":"269efcb8-ea33-4440-8011-59db46f21c4e","local_time":"20181227110643","is_ascension_mode":false,"campfire_choices":[{"data":"Combust","floor":6,"key":"SMITH"}],"neow_cost":"NONE","seed_source_timestamp":9450117528782,"circlet_count":0,"master_deck":["Strike_R","Strike_R","Strike_R","Strike_R","Defend_R+1","Defend_R","Defend_R","Defend_R","Bash","Offering+1","Dual Wield","Combust+1","Headbutt","Iron Wave","Cleave","Shrug It Off"],"relics":["Burning Blood","MawBank","War Paint"],"potions_floor_usage":[],"damage_taken":[{"damage":15,"enemies":"Jaw Worm","floor":1,"turns":6},{"damage":3,"enemies":"2 Louse","floor":2,"turns":4},{"damage":8,"enemies":"Cultist","floor":3,"turns":5},{"damage":33,"enemies":"Gremlin Nob","floor":7,"turns":5},{"damage":39,"enemies":"Lagavulin","floor":10,"turns":8}],"seed_played":"1234291673671116987","potions_obtained":[{"floor":1,"key":"Regen Potion"},{"floor":2,"key":"SteroidPotion"},{"floor":3,"key":"AttackPotion"}],"is_trial":false,"path_per_floor":["M","M","M","?","?","R","E","$","T","E"],"character_chosen":"IRONCLAD","items_purchased":["Cleave","Shrug It Off"],"campfire_rested":0,"item_purchase_floors":[8,8],"current_hp_per_floor":[71,74,72,72,61,61,34,34,34,0],"gold":199,"neow_bonus":"TRANSFORM_CARD","is_prod":false,"is_daily":false,"chose_seed":false,"campfire_upgraded":1,"win_rate":0.0,"timestamp":1545937603,"path_taken":["M","M","M","?","?","R","E","$","T","E"],"build_version":"2018-12-20","purchased_purges":0,"victory":false,"max_hp_per_floor":[80,80,80,80,80,80,80,80,80,80],"card_choices":[{"not_picked":["Dropkick","Disarm"],"picked":"Dual Wield","floor":1},{"not_picked":["Rupture","Pummel"],"picked":"Combust","floor":2},{"not_picked":["Flex","Pommel Strike"],"picked":"Headbutt","floor":3},{"not_picked":["Flex","Blood for Blood"],"picked":"Iron Wave","floor":7}],"player_experience":26655,"relics_obtained":[{"floor":7,"key":"MawBank"},{"floor":9,"key":"War Paint"}],"event_choices":[{"damage_healed":0,"gold_gain":0,"player_choice":"Fled","damage_taken":0,"max_hp_gain":0,"max_hp_loss":0,"event_name":"Scrap Ooze","floor":4,"gold_loss":0},{"damage_healed":0,"gold_gain":75,"player_choice":"Gather Gold","damage_taken":11,"max_hp_gain":0,"max_hp_loss":0,"event_name":"World of Goop","floor":5,"gold_loss":0}],"is_beta":false,"boss_relics":[],"items_purged_floors":[],"is_endless":false,"potions_floor_spawned":[1,2,3],"killed_by":"Lagavulin","ascension_level":0}