{"gold_per_floor":[215,227,31,31,31,31,31,46,46,46,46,60,60,60,60,164,164,184,184,40,40],"floor_reached":21,"playtime":1219,"items_purged":[],"score":165,"play_id":"54839f21-13e9-45e4-8798-0f9e9edc4f5d","local_time":"20190912092505","is_ascension_mode":false,"campfire_choices":[{"data":"PiercingWail","floor":6,"key":"SMITH"},{"data":"Dagger Spray","floor":10,"key":"SMITH"},{"data":"Survivor","floor":13,"key":"SMITH"},{"data":"Neutralize","floor":15,"key":"SMITH"}],"neow_cost":"NONE","seed_source_timestamp":1097433339099362,"circlet_count":0,"master_deck":["Strike_G","Strike_G","Strike_G","Strike_G","Strike_G","Defend_G+1","Defend_G","Defend_G","Defend_G","Defend_G","Survivor+1","Neutralize+1","Blade Dance","PiercingWail+1","Catalyst","Dagger Spray+1","After Image","PiercingWail"],"relics":["Ring of the Snake","Chemical X","Bag of Marbles","Blood Vial","SlaversCollar","Orichalcum"],"potions_floor_usage":[16,16,16],"damage_taken":[{"damage":0,"enemies":"Jaw Worm","floor":1,"turns":4},{"damage":0,"enemies":"Small Slimes","floor":2,"turns":4},{"damage":0,"enemies":"2 Louse","floor":8,"turns":3},{"damage":3,"enemies":"Red Slaver","floor":12,"turns":5},{"damage":32,"enemies":"Hexaghost","floor":16,"turns":15},{"damage":35,"enemies":"Spheric Guardian","floor":18,"turns":8},{"damage":43,"enemies":"Chosen","floor":21,"turns":8}],"seed_played":"704058060766978240","potions_obtained":[{"floor":2,"key":"SkillPotion"},{"floor":8,"key":"LiquidBronze"},{"floor":12,"key":"Explosive Potion"}],"is_trial":false,"path_per_floor":["M","M","$","?","?","R","$","M","T","R","$","M","R","?","R","B",null,"M","?","$","M"],"character_chosen":"THE_SILENT","items_purchased":["Chemical X","Catalyst","Orichalcum"],"campfire_rested":0,"item_purchase_floors":[3,3,20],"current_hp_per_floor":[70,70,70,75,72,72,72,72,72,72,72,71,71,71,71,41,75,40,40,40,0],"gold":40,"neow_bonus":"HUNDRED_GOLD","is_prod":false,"is_daily":false,"chose_seed":false,"campfire_upgraded":4,"win_rate":0.0,"timestamp":1568305505,"path_taken":["M","M","$","?","?","R","$","M","T","R","?","M","R","?","R","BOSS","M","?","$","?"],"build_version":"2019-09-11v2","purchased_purges":0,"victory":false,"max_hp_per_floor":[70,70,70,75,75,75,75,75,75,75,75,75,75,75,75,75,75,75,75,75,75],"card_choices":[{"not_picked":["Backflip","Slice"],"picked":"Blade Dance","floor":1},{"not_picked":["Well Laid Plans","Masterful Stab"],"picked":"PiercingWail","floor":2},{"not_picked":["Underhanded Strike","Blade Dance"],"picked":"Dagger Spray","floor":8},{"not_picked":["Heel Hook","Eviscerate","Calculated Gamble"],"picked":"SKIP","floor":12},{"not_picked":["Glass Knife","Bullet Time"],"picked":"After Image","floor":16},{"not_picked":["Blade Dance","Predator+1"],"picked":"PiercingWail","floor":18}],"player_experience":14588,"relics_obtained":[{"floor":9,"key":"Blood Vial"}],"event_choices":[{"damage_healed":0,"gold_gain":0,"player_choice":"Donut","damage_taken":0,"max_hp_gain":5,"max_hp_loss":0,"event_name":"Big Fish","floor":4,"gold_loss":0},{"damage_healed":0,"gold_gain":0,"player_choice":"Success","damage_taken":3,"relics_obtained":["Bag of Marbles"],"max_hp_gain":0,"max_hp_loss":0,"event_name":"Scrap Ooze","floor":5,"gold_loss":0},{"damage_healed":0,"gold_gain":0,"player_choice":"Searched \u00270\u0027 times","damage_taken":0,"max_hp_gain":0,"max_hp_loss":0,"event_name":"Dead Adventurer","floor":14,"gold_loss":0},{"damage_healed":0,"gold_gain":0,"player_choice":"Forge","damage_taken":0,"max_hp_gain":0,"max_hp_loss":0,"event_name":"Accursed Blacksmith","floor":19,"gold_loss":0,"cards_upgraded":["Defend_G"]}],"is_beta":true,"boss_relics":[{"not_picked":["Empty Cage","Calling Bell"],"picked":"SlaversCollar"}],"items_purged_floors":[],"is_endless":false,"potions_floor_spawned":[2,8,12],"killed_by":"Chosen","ascension_level":0}