{"gold_per_floor":[110,185,185,202,127,182,182,197,224,238,61,61,61,80,80,154,154,167,182,57,57,80,80,106,106,106,121,121,147,147,159,159,236,236,251,24,124,136,136,136,136,167,167,222,236,236,267,278,278,278,278,278,278,47,73,73],"floor_reached":57,"playtime":3268,"items_purged":["Defend_G","Strike_G","Defend_G","Bouncing Flask+1","Flechettes+1"],"score":3467,"play_id":"3e4b3adc-aedc-4562-9df2-56d651c4f1be","local_time":"20190826164204","is_ascension_mode":true,"campfire_choices":[{"data":"Well Laid Plans","floor":7.0,"key":"SMITH"},{"data":"Noxious Fumes","floor":13.0,"key":"SMITH"},{"data":"Bouncing Flask","floor":15.0,"key":"SMITH"},{"data":"Footwork","floor":23.0,"key":"SMITH"},{"data":"Neutralize","floor":25.0,"key":"SMITH"},{"data":"Expertise","floor":30.0,"key":"SMITH"},{"data":"Flechettes","floor":32.0,"key":"SMITH"},{"data":"Grand Finale","floor":40.0,"key":"SMITH"},{"floor":46.0,"key":"RECALL"},{"data":"Backflip","floor":49.0,"key":"SMITH"},{"data":"Adrenaline","floor":53,"key":"SMITH"}],"neow_cost":"NONE","seed_source_timestamp":961281052278300,"circlet_count":0,"master_deck":["AscendersBane","Defend_G","Defend_G","Survivor","Well Laid Plans+1","Noxious Fumes+1","Footwork+1","Adrenaline+1","Backflip+1","Concentrate","Expertise+1","Malaise","Grand Finale+1","Escape Plan","Calculated Gamble+1","After Image"],"special_seed":0,"relics":["Ring of the Snake","NeowsBlessing","Tiny Chest","Boot","Empty Cage","Du-Vu Doll","Snake Skull","Kunai","White Beast Statue","Thread and Needle","Happy Flower","Toxic Egg 2","Pocketwatch","Unceasing Top"],"potions_floor_usage":[50,56,56],"damage_taken":[{"damage":0.0,"enemies":"Jaw Worm","floor":1.0,"turns":1.0},{"damage":0.0,"enemies":"Small Slimes","floor":4.0,"turns":1.0},{"damage":0.0,"enemies":"Gremlin Nob","floor":6.0,"turns":1.0},{"damage":1.0,"enemies":"2 Louse","floor":8.0,"turns":3.0},{"damage":0.0,"enemies":"Red Slaver","floor":10.0,"turns":5.0},{"damage":0.0,"enemies":"Gremlin Gang","floor":14.0,"turns":5.0},{"damage":12.0,"enemies":"Hexaghost","floor":16.0,"turns":8.0},{"damage":0.0,"enemies":"Shell Parasite","floor":18.0,"turns":7.0},{"damage":0.0,"enemies":"3 Byrds","floor":19.0,"turns":5.0},{"damage":31.0,"enemies":"Slavers","floor":24.0,"turns":5.0},{"damage":0.0,"enemies":"Centurion and Healer","floor":27.0,"turns":5.0},{"damage":0.0,"enemies":"Gremlin Leader","floor":29.0,"turns":5.0},{"damage":6.0,"enemies":"3 Cultists","floor":31.0,"turns":4.0},{"damage":0.0,"enemies":"Automaton","floor":33.0,"turns":5.0},{"damage":0.0,"enemies":"Orb Walker","floor":35.0,"turns":4.0},{"damage":0.0,"enemies":"Mind Bloom Boss Battle","floor":37.0,"turns":4.0},{"damage":0.0,"enemies":"3 Shapes","floor":38.0,"turns":2.0},{"damage":0.0,"enemies":"Nemesis","floor":42.0,"turns":1.0},{"damage":0.0,"enemies":"2 Orb Walkers","floor":44.0,"turns":2.0},{"damage":0.0,"enemies":"Spire Growth","floor":45.0,"turns":2.0},{"damage":0.0,"enemies":"Giant Head","floor":47.0,"turns":2.0},{"damage":0.0,"enemies":"Transient","floor":48.0,"turns":6.0},{"damage":0,"enemies":"Awakened One","floor":50,"turns":3},{"damage":0,"enemies":"Time Eater","floor":51,"turns":8},{"damage":0,"enemies":"Shield and Spear","floor":55,"turns":1},{"damage":11,"enemies":"The Heart","floor":56,"turns":7}],"seed_played":"1889376922680925263","potions_obtained":[{"floor":4.0,"key":"Block Potion"},{"floor":8.0,"key":"Poison Potion"},{"floor":16.0,"key":"Swift Potion"},{"floor":24.0,"key":"Poison Potion"},{"floor":27.0,"key":"SteroidPotion"},{"floor":29.0,"key":"Block Potion"},{"floor":35.0,"key":"AttackPotion"},{"floor":37.0,"key":"PowerPotion"},{"floor":38.0,"key":"SkillPotion"},{"floor":42.0,"key":"GhostInAJar"},{"floor":44.0,"key":"Block Potion"}],"is_trial":false,"path_per_floor":["M","?","?","M","$","E","R","M","T","M","$","?","R","M","R","B",null,"M","M","$","?","T","R","E","R","T","M","?","E","R","M","R","B",null,"M","$","?","M","?","R","?","E","T","?","M","R","E","M","R","B","B",null,"R","$","E","B",null],"character_chosen":"THE_SILENT","items_purchased":["Footwork","Escape Plan","Energy Potion"],"campfire_rested":0,"item_purchase_floors":[11,36,54],"current_hp_per_floor":[59,48,41,41,41,41,41,40,40,40,40,45,45,45,45,33,62,62,62,62,62,62,62,31,31,31,31,31,31,31,25,25,25,60,60,60,60,60,60,60,60,60,60,60,60,60,60,60,60,60,60,68,68,68,68,57],"gold":73,"neow_bonus":"THREE_ENEMY_KILL","is_prod":false,"is_daily":false,"chose_seed":false,"campfire_upgraded":10,"win_rate":0,"timestamp":1566808924,"path_taken":["M","?","?","M","$","E","R","M","T","M","?","?","R","M","R","BOSS","M","M","$","?","?","R","E","R","T","M","?","E","R","M","R","BOSS","M","$","?","M","?","R","?","E","T","?","?","R","E","M","R","BOSS","BOSS","R","$","E","BOSS"],"build_version":"2019-08-23","purchased_purges":5,"victory":true,"max_hp_per_floor":[66,66,66,66,66,66,66,66,66,66,66,71,71,71,71,71,71,71,71,71,71,71,71,71,71,71,71,71,71,71,71,71,71,71,71,71,71,71,71,71,71,71,71,71,71,71,71,71,71,71,71,71,71,71,71,71],"card_choices":[{"not_picked":["Quick Slash","Sucker Punch","Endless Agony"],"picked":"SKIP","floor":1.0},{"not_picked":["Deflect","Quick Slash"],"picked":"Well Laid Plans","floor":4.0},{"not_picked":["Poisoned Stab","Envenom","Dagger Spray"],"picked":"SKIP","floor":6.0},{"not_picked":["Choke","PiercingWail","Infinite Blades"],"picked":"SKIP","floor":8.0},{"not_picked":["Poisoned Stab","Distraction"],"picked":"Noxious Fumes","floor":10.0},{"not_picked":["Caltrops","All Out Attack"],"picked":"Bouncing Flask","floor":14.0},{"not_picked":["Die Die Die","Doppelganger"],"picked":"Adrenaline","floor":16.0},{"not_picked":["Noxious Fumes","Blade Dance"],"picked":"Backflip","floor":18.0},{"not_picked":["Blade Dance","Skewer"],"picked":"Concentrate","floor":19.0},{"not_picked":["Sucker Punch","Finisher+1","Deflect"],"picked":"SKIP","floor":24.0},{"not_picked":["Deadly Poison","Masterful Stab"],"picked":"Expertise","floor":27.0},{"not_picked":["Leg Sweep","Backflip","Bouncing Flask"],"picked":"SKIP","floor":29.0},{"not_picked":["Slice","Dagger Throw","Cloak And Dagger"],"picked":"SKIP","floor":31.0},{"not_picked":["Wraith Form v2","Bullet Time"],"picked":"Grand Finale","floor":33.0},{"not_picked":["Deadly Poison+1","Backflip","Flying Knee"],"picked":"SKIP","floor":35.0},{"not_picked":["Cloak And Dagger","Finisher+1","Backflip"],"picked":"SKIP","floor":38.0},{"not_picked":["Prepared+1","Noxious Fumes"],"picked":"Calculated Gamble+1","floor":42.0},{"not_picked":["Outmaneuver+1","Backstab","Slice"],"picked":"SKIP","floor":45.0},{"not_picked":["Glass Knife","Dagger Throw"],"picked":"After Image","floor":47.0},{"not_picked":["Dash+1","Quick Slash","Flying Knee"],"picked":"SKIP","floor":48.0},{"not_picked":["Outmaneuver+1","Heel Hook","Skewer+1"],"picked":"SKIP","floor":55}],"player_experience":3101408,"relics_obtained":[{"floor":6.0,"key":"Tiny Chest"},{"floor":9.0,"key":"Boot"},{"floor":24.0,"key":"Du-Vu Doll"},{"floor":26.0,"key":"Snake Skull"},{"floor":29.0,"key":"Kunai"},{"floor":37.0,"key":"Thread and Needle"},{"floor":42.0,"key":"Happy Flower"},{"floor":43.0,"key":"Toxic Egg 2"},{"floor":44.0,"key":"Pocketwatch"},{"floor":47.0,"key":"Unceasing Top"}],"event_choices":[{"damage_healed":0.0,"max_hp_gain":0.0,"max_hp_loss":0.0,"gold_gain":75.0,"event_name":"World of Goop","player_choice":"Gather Gold","floor":2.0,"gold_loss":0.0,"damage_taken":11.0},{"cards_removed":["Strike_G"],"damage_healed":0.0,"max_hp_gain":0.0,"max_hp_loss":0.0,"gold_gain":0.0,"event_name":"Golden Wing","player_choice":"Card Removal","floor":3.0,"gold_loss":0.0,"damage_taken":7.0},{"damage_healed":0.0,"max_hp_gain":5.0,"max_hp_loss":0.0,"gold_gain":0.0,"event_name":"Big Fish","player_choice":"Donut","floor":12.0,"gold_loss":0.0,"damage_taken":0.0},{"damage_healed":0.0,"max_hp_gain":0.0,"max_hp_loss":0.0,"gold_gain":0.0,"event_name":"Ghosts","player_choice":"Ignored","floor":21.0,"gold_loss":0.0,"damage_taken":0.0},{"damage_healed":0.0,"max_hp_gain":0.0,"max_hp_loss":0.0,"gold_gain":0.0,"cards_transformed":["Defend_G","Strike_G"],"event_name":"Drug Dealer","player_choice":"Became Test Subject","floor":28.0,"gold_loss":0.0,"damage_taken":0.0,"cards_obtained":["Flechettes","Malaise"]},{"damage_healed":0.0,"max_hp_gain":0.0,"max_hp_loss":0.0,"gold_gain":0.0,"event_name":"MindBloom","player_choice":"Fight","floor":37.0,"gold_loss":0.0,"damage_taken":0.0},{"cards_removed":["Neutralize"],"damage_healed":0.0,"max_hp_gain":0.0,"max_hp_loss":0.0,"gold_gain":0.0,"event_name":"Falling","player_choice":"Removed Attack","floor":39.0,"gold_loss":0.0,"damage_taken":0.0},{"damage_healed":0.0,"max_hp_gain":0.0,"max_hp_loss":0.0,"gold_gain":0.0,"event_name":"SensoryStone","player_choice":"Memory 1","floor":41.0,"gold_loss":0.0,"damage_taken":0.0},{"damage_healed":0.0,"max_hp_gain":0.0,"max_hp_loss":0.0,"gold_gain":0.0,"event_name":"Mysterious Sphere","player_choice":"Fight","floor":44.0,"gold_loss":0.0,"damage_taken":0.0}],"is_beta":true,"boss_relics":[{"not_picked":["Lizard Tail","Runic Pyramid"],"picked":"Empty Cage"},{"not_picked":["Fusion Hammer","Orrery"],"picked":"White Beast Statue"}],"items_purged_floors":[5,11,20,36,54],"is_endless":false,"potions_floor_spawned":[4,8,16,19,24,27,29,35,37,38,42,44,45,47,48,55],"ascension_level":20}