{"gold_per_floor":[111,130,130,146,161,161,187,199,267,279,291,315,337,363,375,483,495,520,532,557,54,80,80],"floor_reached":23,"playtime":1851,"items_purged":[],"score":193,"play_id":"e5445512-92b5-423b-b7bf-f959b2bd778f","local_time":"20190805181939","is_ascension_mode":false,"campfire_choices":[{"data":"Auto Shields","floor":6,"key":"SMITH"},{"data":"Ball Lightning","floor":8,"key":"SMITH"},{"floor":10,"key":"REST"},{"floor":15,"key":"REST"}],"neow_cost":"NONE","seed_source_timestamp":581986656260302,"circlet_count":0,"master_deck":["Strike_B","Strike_B","Defend_B","Defend_B","Defend_B","Defend_B","Zap","Dualcast","Cold Snap","Go for the Eyes","Leap","Auto Shields+1","Ball Lightning+1","Static Discharge","Stack","Redo","Machine Learning","Leap","Amplify","Chaos","Compile Driver+1","Chrysalis","Redo","Stack","Ball Lightning","FTL","Leap"],"relics":["Cracked Core","MawBank","Tiny Chest","Inserter","Pen Nib","Red Mask"],"potions_floor_usage":[7,14,16,16,16,23],"damage_taken":[{"damage":1,"enemies":"Cultist","floor":1,"turns":4},{"damage":0,"enemies":"Small Slimes","floor":2,"turns":3},{"damage":0,"enemies":"2 Louse","floor":4,"turns":3},{"damage":10,"enemies":"Exordium Wildlife","floor":5,"turns":6},{"damage":7,"enemies":"3 Sentries","floor":7,"turns":10},{"damage":1,"enemies":"Looter","floor":12,"turns":3},{"damage":5,"enemies":"Blue Slaver","floor":13,"turns":3},{"damage":3,"enemies":"Large Slime","floor":14,"turns":5},{"damage":6,"enemies":"The Guardian","floor":16,"turns":11},{"damage":11,"enemies":"Shell Parasite","floor":18,"turns":10},{"damage":13,"enemies":"Spheric Guardian","floor":20,"turns":4},{"damage":55,"enemies":"Masked Bandits","floor":22,"turns":5},{"damage":4,"enemies":"Gremlin Leader","floor":23,"turns":2}],"seed_played":"-8892536929400853454","potions_obtained":[{"floor":2,"key":"EssenceOfSteel"},{"floor":4,"key":"Poison Potion"},{"floor":12,"key":"AttackPotion"},{"floor":13,"key":"EssenceOfSteel"},{"floor":14,"key":"SteroidPotion"},{"floor":18,"key":"Swift Potion"},{"floor":22,"key":"Block Potion"}],"is_trial":false,"path_per_floor":["M","M","?","M","M","R","E","R","T","R","?","M","M","M","R","B",null,"M","?","M","$","?","E"],"character_chosen":"DEFECT","items_purchased":["Chrysalis","Redo","Pen Nib","Stack","Ball Lightning","FTL"],"campfire_rested":2,"item_purchase_floors":[21,21,21,21,21,21],"current_hp_per_floor":[81,81,81,81,71,71,64,64,64,82,82,81,76,73,82,76,82,71,71,58,58,3,0],"gold":80,"neow_bonus":"TEN_PERCENT_HP_BONUS","is_prod":false,"is_daily":false,"chose_seed":false,"campfire_upgraded":2,"win_rate":0.0,"timestamp":1565054379,"path_taken":["M","M","?","M","M","R","E","R","T","R","?","M","M","M","R","BOSS","M","?","M","$","?","E"],"build_version":"2019-07-17","purchased_purges":0,"victory":false,"max_hp_per_floor":[82,82,82,82,82,82,82,82,82,82,82,82,82,82,82,82,82,82,82,82,82,82,82],"card_choices":[{"not_picked":["Streamline","Steam Power"],"picked":"Cold Snap","floor":1},{"not_picked":["Storm","Rebound"],"picked":"Go for the Eyes","floor":2},{"not_picked":["Turbo","Reinforced Body"],"picked":"Leap","floor":4},{"not_picked":["Redo","Turbo"],"picked":"Auto Shields","floor":5},{"not_picked":["Meteor Strike","Hologram"],"picked":"Ball Lightning","floor":7},{"not_picked":["Cold Snap","Stack"],"picked":"Static Discharge","floor":12},{"not_picked":["Cold Snap","Storm"],"picked":"Stack","floor":13},{"not_picked":["Rip and Tear","Heatsinks"],"picked":"Redo","floor":14},{"not_picked":["Core Surge","All For One"],"picked":"Machine Learning","floor":16},{"not_picked":["Sweeping Beam","Go for the Eyes"],"picked":"Leap","floor":18},{"not_picked":["Reinforced Body","Loop"],"picked":"Compile Driver+1","floor":20},{"not_picked":["Steam","Conserve Battery"],"picked":"Leap","floor":22}],"player_experience":332113,"relics_obtained":[{"floor":7,"key":"MawBank"},{"floor":9,"key":"Tiny Chest"},{"floor":22,"key":"Red Mask"}],"event_choices":[{"damage_healed":0,"gold_gain":0,"player_choice":"Ignored","damage_taken":0,"max_hp_gain":0,"max_hp_loss":0,"event_name":"Golden Idol","floor":3,"gold_loss":0},{"damage_healed":0,"gold_gain":0,"player_choice":"Fled","damage_taken":0,"max_hp_gain":0,"max_hp_loss":0,"event_name":"Scrap Ooze","floor":11,"gold_loss":0},{"damage_healed":0,"gold_gain":0,"cards_transformed":["Strike_B","Strike_B"],"player_choice":"Became Test Subject","damage_taken":0,"max_hp_gain":0,"max_hp_loss":0,"event_name":"Drug Dealer","floor":19,"gold_loss":0,"cards_obtained":["Amplify","Chaos"]},{"damage_healed":0,"gold_gain":0,"player_choice":"Fought Bandits","damage_taken":0,"max_hp_gain":0,"max_hp_loss":0,"event_name":"Masked Bandits","floor":22,"gold_loss":0}],"is_beta":false,"boss_relics":[{"not_picked":["Cursed Key","Nuclear Battery"],"picked":"Inserter"}],"items_purged_floors":[],"is_endless":false,"potions_floor_spawned":[2,4,12,13,14,18,22],"killed_by":"Gremlin Leader","ascension_level":0}