{"gold_per_floor":[116,116,133,133,58,87,87,117,117,129,144,163,163,180,180,256,256,270,282,138,156,156,189,222,247,271,50,69,15,15,45,45,122,122,132,7,7,52,65,65,98,117,117,136,154,185,203,53,53,53],"floor_reached":50,"playtime":2041,"items_purged":["Strike_G","Riddle With Holes","Masterful Stab","Parasite"],"score":1449,"play_id":"00002b0d-1770-482b-b171-753cd0c31618","local_time":"20190818103045","is_ascension_mode":true,"campfire_choices":[{"data":"Flechettes","floor":7.0,"key":"SMITH"},{"data":"Noxious Fumes","floor":15.0,"key":"SMITH"},{"floor":30.0,"key":"REST"},{"data":"Turbo","floor":32.0,"key":"SMITH"},{"data":"Grand Finale","floor":40.0,"key":"PURGE"},{"data":"Acrobatics","floor":49,"key":"SMITH"}],"neow_cost":"TEN_PERCENT_HP_LOSS","seed_source_timestamp":280011426447353,"circlet_count":0,"master_deck":["AscendersBane","Defend_G","Defend_G","Defend_G","Defend_G+1","Defend_G+1","Survivor","Neutralize","Doppelganger","Footwork","Adrenaline","Catalyst","Flechettes+1","PiercingWail","Noxious Fumes+1","Escape Plan","Acrobatics+1","Turbo+1","Meteor Strike","Entrench","Impatience+1","Prepared","Loop+1"],"special_seed":0,"relics":["Ring of the Snake","Ninja Scroll","Singing Bowl","Calling Bell","War Paint","Darkstone Periapt","Calipers","Bronze Scales","Red Mask","Mercury Hourglass","Orichalcum","PrismaticShard","WingedGreaves","Philosopher\u0027s Stone","Peace Pipe","PreservedInsect","Letter Opener"],"potions_floor_usage":[50],"damage_taken":[{"damage":1.0,"enemies":"Cultist","floor":1.0,"turns":3.0},{"damage":0.0,"enemies":"2 Louse","floor":3.0,"turns":4.0},{"damage":44.0,"enemies":"Gremlin Nob","floor":6.0,"turns":4.0},{"damage":0.0,"enemies":"Small Slimes","floor":10.0,"turns":2.0},{"damage":0.0,"enemies":"2 Fungi Beasts","floor":11.0,"turns":2.0},{"damage":1.0,"enemies":"Looter","floor":12.0,"turns":3.0},{"damage":1.0,"enemies":"3 Louse","floor":14.0,"turns":3.0},{"damage":0.0,"enemies":"Hexaghost","floor":16.0,"turns":7.0},{"damage":1.0,"enemies":"3 Byrds","floor":18.0,"turns":5.0},{"damage":0.0,"enemies":"Chosen","floor":19.0,"turns":5.0},{"damage":11.0,"enemies":"Snake Plant","floor":21.0,"turns":6.0},{"damage":35.0,"enemies":"Slavers","floor":23.0,"turns":5.0},{"damage":10.0,"enemies":"Masked Bandits","floor":24.0,"turns":3.0},{"damage":0.0,"enemies":"Gremlin Leader","floor":25.0,"turns":7.0},{"damage":2.0,"enemies":"Shelled Parasite and Fungi","floor":28.0,"turns":6.0},{"damage":4.0,"enemies":"Book of Stabbing","floor":31.0,"turns":6.0},{"damage":0.0,"enemies":"Collector","floor":33.0,"turns":5.0},{"damage":0.0,"enemies":"Orb Walker","floor":35.0,"turns":2.0},{"damage":33.0,"enemies":"2 Orb Walkers","floor":38.0,"turns":4.0},{"damage":8.0,"enemies":"3 Darklings","floor":39.0,"turns":2.0},{"damage":2.0,"enemies":"Reptomancer","floor":41.0,"turns":11.0},{"damage":4.0,"enemies":"Jaw Worm Horde","floor":42.0,"turns":4.0},{"damage":0.0,"enemies":"Spire Growth","floor":44.0,"turns":6.0},{"damage":9.0,"enemies":"Transient","floor":45.0,"turns":6.0},{"damage":0.0,"enemies":"Giant Head","floor":46.0,"turns":6.0},{"damage":1,"enemies":"Writhing Mass","floor":47,"turns":5},{"damage":23,"enemies":"Donu and Deca","floor":50,"turns":4}],"seed_played":"-3354090251715220476","potions_obtained":[{"floor":1.0,"key":"SkillPotion"},{"floor":12.0,"key":"Explosive Potion"},{"floor":16.0,"key":"LiquidBronze"},{"floor":24.0,"key":"EssenceOfSteel"},{"floor":28.0,"key":"Block Potion"},{"floor":33.0,"key":"Fire Potion"},{"floor":39.0,"key":"Energy Potion"},{"floor":44.0,"key":"Strength Potion"},{"floor":46.0,"key":"SneckoOil"},{"floor":47,"key":"GhostInAJar"}],"is_trial":false,"path_per_floor":["M","?","M","?","$","E","R","?","T","M","M","M","?","M","R","B",null,"M","M","$","M","?","E","?","E","T","$","M","$","R","E","R","B",null,"M","$","?","?","M","R","E","M","T","M","M","E","M","$","R","B"],"character_chosen":"THE_SILENT","items_purchased":["Escape Plan","PrismaticShard","Swift Potion"],"campfire_rested":1,"item_purchase_floors":[20,27,29],"current_hp_per_floor":[58,58,58,58,58,14,14,14,14,14,14,15,8,7,7,9,50,51,53,53,44,44,11,3,5,5,5,5,5,28,24,24,24,65,67,67,67,34,26,26,26,24,24,24,15,17,24,24,24,1],"gold":53,"neow_bonus":"TRANSFORM_TWO_CARDS","is_prod":false,"is_daily":false,"chose_seed":false,"campfire_upgraded":4,"win_rate":0,"timestamp":1566091845,"path_taken":["M","?","?","?","$","E","R","?","T","M","M","M","?","M","R","BOSS","M","M","$","M","?","E","?","E","T","?","M","$","R","E","R","BOSS","M","$","?","?","M","R","E","M","T","M","M","E","M","$","R","BOSS"],"build_version":"2019-07-17","purchased_purges":4,"victory":false,"max_hp_per_floor":[60,60,60,60,60,60,60,60,60,60,60,62,62,62,62,64,64,66,68,68,70,70,72,74,76,76,76,78,78,78,78,78,78,78,80,80,76,76,76,76,78,80,80,80,80,82,90,87,87,87],"card_choices":[{"not_picked":["Bane","Dagger Throw"],"picked":"Footwork","floor":1.0},{"not_picked":["Blade Dance","Dash"],"picked":"Flechettes","floor":3.0},{"not_picked":["Distraction","Setup","Masterful Stab"],"picked":"SKIP","floor":6.0},{"not_picked":["Distraction","Setup"],"picked":"Masterful Stab","floor":6.0},{"not_picked":["Cloak And Dagger","All Out Attack"],"picked":"PiercingWail","floor":10.0},{"not_picked":["Deflect","Bane"],"picked":"Noxious Fumes","floor":11.0},{"not_picked":["Setup","Crippling Poison","Quick Slash"],"picked":"Singing Bowl","floor":12.0},{"not_picked":["Reflex","Deadly Poison"],"picked":"Grand Finale","floor":14.0},{"not_picked":["Bullet Time","Grand Finale","Night Terror"],"picked":"Singing Bowl","floor":16.0},{"not_picked":["Bouncing Flask","Dagger Throw","Skewer+1"],"picked":"Singing Bowl","floor":18.0},{"not_picked":["Deflect","Slice","Dagger Spray"],"picked":"Singing Bowl","floor":19.0},{"not_picked":["Dagger Throw","Bane","Accuracy"],"picked":"Singing Bowl","floor":21.0},{"not_picked":["PiercingWail","Dagger Spray","Deflect"],"picked":"Singing Bowl","floor":23.0},{"not_picked":["Finisher","Caltrops+1","Dodge and Roll"],"picked":"Singing Bowl","floor":24.0},{"not_picked":["Accuracy","Flying Knee","Riddle With Holes"],"picked":"Singing Bowl","floor":25.0},{"not_picked":["Combust","Aggregate","Phantasmal Killer"],"picked":"Singing Bowl","floor":28.0},{"not_picked":["Dagger Throw","Shrug It Off"],"picked":"Turbo","floor":31.0},{"not_picked":["Creative AI","Glass Knife"],"picked":"Meteor Strike","floor":33.0},{"not_picked":["True Grit","Slice","Ball Lightning"],"picked":"Singing Bowl","floor":35.0},{"not_picked":["Headbutt+1","Dodge and Roll+1"],"picked":"Entrench","floor":38.0},{"not_picked":["Expertise","Pommel Strike+1"],"picked":"Impatience+1","floor":39.0},{"not_picked":["Twin Strike","Streamline","Terror+1"],"picked":"Singing Bowl","floor":41.0},{"not_picked":["Endless Agony","Melter","Turbo"],"picked":"Singing Bowl","floor":42.0},{"not_picked":["Stack+1","Clothesline"],"picked":"Prepared","floor":44.0},{"not_picked":["Streamline","Terror"],"picked":"Loop+1","floor":45.0},{"not_picked":["Tactician","Underhanded Strike","Pummel"],"picked":"Singing Bowl","floor":46.0},{"not_picked":["Anger","Perfected Strike+1","Cloak And Dagger"],"picked":"Singing Bowl","floor":47}],"player_experience":931490,"relics_obtained":[{"floor":6.0,"key":"Ninja Scroll"},{"floor":9.0,"key":"Singing Bowl"},{"floor":17.0,"key":"War Paint"},{"floor":17.0,"key":"Darkstone Periapt"},{"floor":17.0,"key":"Calipers"},{"floor":23.0,"key":"Bronze Scales"},{"floor":24.0,"key":"Red Mask"},{"floor":25.0,"key":"Mercury Hourglass"},{"floor":26.0,"key":"Orichalcum"},{"floor":31.0,"key":"WingedGreaves"},{"floor":38.0,"key":"Peace Pipe"},{"floor":41.0,"key":"PreservedInsect"},{"floor":46.0,"key":"Letter Opener"}],"event_choices":[{"damage_healed":0.0,"max_hp_gain":0.0,"max_hp_loss":0.0,"gold_gain":0.0,"event_name":"Match and Keep!","player_choice":"2 cards matched","floor":2.0,"gold_loss":0.0,"damage_taken":0.0,"cards_obtained":["Adrenaline","Catalyst"]},{"cards_removed":["Strike_G"],"damage_healed":0.0,"max_hp_gain":0.0,"max_hp_loss":0.0,"gold_gain":0.0,"event_name":"Living Wall","player_choice":"Forget","floor":4.0,"gold_loss":0.0,"damage_taken":0.0},{"damage_healed":0.0,"max_hp_gain":0.0,"max_hp_loss":0.0,"gold_gain":30.0,"event_name":"Dead Adventurer","player_choice":"Searched \u00271\u0027 times","floor":8.0,"gold_loss":0.0,"damage_taken":0.0},{"cards_removed":["Strike_G"],"damage_healed":0.0,"max_hp_gain":0.0,"max_hp_loss":0.0,"gold_gain":0.0,"event_name":"Golden Wing","player_choice":"Card Removal","floor":13.0,"gold_loss":0.0,"damage_taken":7.0},{"damage_healed":0.0,"max_hp_gain":0.0,"max_hp_loss":0.0,"gold_gain":0.0,"event_name":"The Library","player_choice":"Read","floor":22.0,"gold_loss":0.0,"damage_taken":0.0,"cards_obtained":["Acrobatics"]},{"damage_healed":0.0,"max_hp_gain":0.0,"max_hp_loss":0.0,"gold_gain":0.0,"event_name":"Masked Bandits","player_choice":"Fought Bandits","floor":24.0,"gold_loss":0.0,"damage_taken":0.0},{"damage_healed":0.0,"max_hp_gain":0.0,"max_hp_loss":4.0,"gold_gain":0.0,"event_name":"Winding Halls","player_choice":"Max HP","floor":37.0,"gold_loss":0.0,"damage_taken":0.0},{"damage_healed":0.0,"max_hp_gain":0.0,"max_hp_loss":0.0,"gold_gain":0.0,"event_name":"Mysterious Sphere","player_choice":"Fight","floor":38.0,"gold_loss":0.0,"damage_taken":0.0}],"is_beta":false,"boss_relics":[{"not_picked":["Busted Crown","WristBlade"],"picked":"Calling Bell"},{"not_picked":["Lizard Tail","Sozu"],"picked":"Philosopher\u0027s Stone"}],"items_purged_floors":[5,20,36,48],"is_endless":false,"potions_floor_spawned":[1,12,16,24,28,33,39,44,46,47],"killed_by":"Donu and Deca","ascension_level":20}