{"gold_per_floor":[112,112,112,186,198,198,256,181,204,222,222,235,59,109,109,183,183,196,30,30,30,50,50,85,85,85,85,105,122,122,47,47,47],"floor_reached":33,"playtime":1171,"items_purged":["Strike_G","Strike_G","Strike_G"],"score":572,"play_id":"7eb0973d-6e87-40b0-b215-0d75455e614a","local_time":"20190531213924","is_ascension_mode":true,"campfire_choices":[{"data":"Neutralize","floor":6.0,"key":"SMITH"},{"data":"Footwork","floor":11.0,"key":"SMITH"},{"data":"Deadly Poison","floor":15.0,"key":"SMITH"},{"data":"Catalyst","floor":23.0,"key":"SMITH"},{"data":"Reflex","floor":25,"key":"SMITH"},{"data":"Well Laid Plans","floor":27,"key":"SMITH"},{"data":"Calculated Gamble","floor":30,"key":"SMITH"},{"data":"Backflip","floor":32,"key":"SMITH"}],"neow_cost":"NONE","seed_source_timestamp":1165298528449390,"circlet_count":0,"master_deck":["AscendersBane","Strike_G+1","Strike_G","Defend_G","Defend_G+1","Defend_G","Defend_G+1","Defend_G","Survivor","Neutralize+1","Acrobatics+1","PiercingWail","Footwork+1","Deadly Poison+1","Well Laid Plans+1","Catalyst+1","Backflip+1","Calculated Gamble+1","Reflex+1","Escape Plan"],"special_seed":0,"relics":["Ring of the Snake","NeowsBlessing","War Paint","Tiny Chest","Omamori","Centennial Puzzle","Orrery","Bronze Scales","Gremlin Horn","Boot","Pear"],"potions_floor_usage":[24,24],"damage_taken":[{"damage":0.0,"enemies":"2 Louse","floor":1.0,"turns":1.0},{"damage":0.0,"enemies":"Jaw Worm","floor":5.0,"turns":1.0},{"damage":0.0,"enemies":"3 Sentries","floor":7.0,"turns":1.0},{"damage":0.0,"enemies":"Small Slimes","floor":10.0,"turns":5.0},{"damage":0.0,"enemies":"Red Slaver","floor":12.0,"turns":6.0},{"damage":5.0,"enemies":"Hexaghost","floor":16.0,"turns":11.0},{"damage":2.0,"enemies":"Spheric Guardian","floor":18.0,"turns":5.0},{"damage":0.0,"enemies":"3 Byrds","floor":22.0,"turns":3.0},{"damage":11,"enemies":"Book of Stabbing","floor":24,"turns":7},{"damage":8,"enemies":"Sentry and Sphere","floor":28,"turns":10},{"damage":4,"enemies":"Shelled Parasite and Fungi","floor":29,"turns":5},{"damage":41,"enemies":"Automaton","floor":33,"turns":12}],"seed_played":"-2299301956631121425","potions_obtained":[{"floor":7.0,"key":"AttackPotion"},{"floor":10.0,"key":"SpeedPotion"},{"floor":22.0,"key":"Dexterity Potion"}],"is_trial":false,"path_per_floor":["M","?","?","T","M","R","E","$","T","M","R","M","$","T","R","B",null,"M","$","?","T","M","R","E","R","T","R","M","M","R","$","R","B"],"character_chosen":"THE_SILENT","items_purchased":["Well Laid Plans","Calculated Gamble","Escape Plan"],"campfire_rested":0,"item_purchase_floors":[13,19,31],"current_hp_per_floor":[59,39,28,28,28,28,28,28,28,28,28,28,28,28,28,23,55,53,53,53,53,53,53,42,42,52,52,44,40,40,40,40,0],"gold":47,"neow_bonus":"THREE_ENEMY_KILL","is_prod":false,"is_daily":false,"chose_seed":false,"campfire_upgraded":8,"win_rate":0,"timestamp":1559309964,"path_taken":["M","?","?","?","M","R","E","$","T","M","R","M","$","?","R","BOSS","M","$","?","?","M","R","E","R","T","R","M","M","R","$","R","BOSS"],"build_version":"2019-05-28","purchased_purges":3,"victory":false,"max_hp_per_floor":[66,66,66,66,66,66,66,66,66,66,66,66,66,66,66,66,66,66,66,66,66,66,66,66,66,76,76,76,76,76,76,76,76],"card_choices":[{"not_picked":["Cloak And Dagger","PiercingWail"],"picked":"Acrobatics","floor":1.0},{"not_picked":["Slice","Blade Dance"],"picked":"PiercingWail","floor":5.0},{"not_picked":["Leg Sweep","Cloak And Dagger","Outmaneuver"],"picked":"SKIP","floor":7.0},{"not_picked":["Backflip","Storm of Steel"],"picked":"Footwork","floor":10.0},{"not_picked":["Backflip","Bane"],"picked":"Deadly Poison","floor":12.0},{"not_picked":["Deflect","All Out Attack"],"picked":"Catalyst","floor":17.0},{"not_picked":["Deadly Poison","Deflect"],"picked":"Backflip","floor":17.0},{"not_picked":["Cloak And Dagger","Slice+1","Blur"],"picked":"SKIP","floor":18.0},{"not_picked":["Dagger Throw+1","Bane","Choke"],"picked":"SKIP","floor":22.0},{"not_picked":["Burst","Skewer"],"picked":"Reflex","floor":24},{"not_picked":["Outmaneuver","Setup","Flying Knee"],"picked":"SKIP","floor":28},{"not_picked":["Accuracy","Dagger Spray","Slice"],"picked":"SKIP","floor":29}],"player_experience":3062622,"relics_obtained":[{"floor":7.0,"key":"Tiny Chest"},{"floor":9.0,"key":"Omamori"},{"floor":14.0,"key":"Centennial Puzzle"},{"floor":21.0,"key":"Gremlin Horn"},{"floor":24,"key":"Boot"},{"floor":26,"key":"Pear"}],"event_choices":[{"damage_healed":0.0,"max_hp_gain":0.0,"max_hp_loss":0.0,"gold_gain":0.0,"event_name":"Shining Light","player_choice":"Entered Light","floor":2.0,"gold_loss":0.0,"damage_taken":20.0,"cards_upgraded":["Strike_G","Defend_G"]},{"damage_healed":0.0,"max_hp_gain":0.0,"max_hp_loss":0.0,"gold_gain":0.0,"event_name":"Scrap Ooze","player_choice":"Success","floor":3.0,"gold_loss":0.0,"damage_taken":11.0,"relics_obtained":["War Paint"]},{"damage_healed":0.0,"max_hp_gain":0.0,"max_hp_loss":0.0,"gold_gain":0.0,"event_name":"Addict","player_choice":"Stole Relic","floor":20.0,"gold_loss":0.0,"damage_taken":0.0,"relics_obtained":["Bronze Scales"],"cards_obtained":["Shame"]}],"is_beta":true,"boss_relics":[{"not_picked":["Calling Bell","Fusion Hammer"],"picked":"Orrery"}],"items_purged_floors":[8,13,19],"is_endless":false,"potions_floor_spawned":[7,10,22],"killed_by":"Automaton","ascension_level":20}