{"gold_per_floor":[114,18,28,44,44,74,91,124,124,124,137,137,137,92],"floor_reached":14,"playtime":1235,"items_purged":[],"score":100,"play_id":"a3b10c27-bf9a-4636-9af2-6bf5389d3d3d","local_time":"20190917223744","is_ascension_mode":false,"campfire_choices":[{"floor":10,"key":"REST"}],"neow_cost":"NONE","seed_source_timestamp":1833829590759900,"circlet_count":0,"master_deck":["Strike_G","Strike_G","Strike_G","Strike_G","Strike_G","Defend_G","Defend_G","Defend_G","Defend_G","Defend_G","Survivor","Neutralize","After Image","Footwork+1","Panacea","Deadly Poison","Bouncing Flask","Dagger Throw"],"relics":["Ring of the Snake","Nunchaku","Bag of Marbles","Darkstone Periapt"],"potions_floor_usage":[11],"damage_taken":[{"damage":3,"enemies":"2 Louse","floor":1,"turns":4},{"damage":0,"enemies":"Small Slimes","floor":3,"turns":6},{"damage":2,"enemies":"Cultist","floor":4,"turns":6},{"damage":52,"enemies":"Gremlin Nob","floor":6,"turns":7},{"damage":3,"enemies":"3 Louse","floor":7,"turns":5},{"damage":9,"enemies":"3 Sentries","floor":8,"turns":13},{"damage":19,"enemies":"Exordium Wildlife","floor":11,"turns":8},{"damage":3,"enemies":"Looter","floor":14,"turns":3}],"seed_played":"8648433377334019152","potions_obtained":[{"floor":6,"key":"Ancient Potion"},{"floor":8,"key":"SkillPotion"}],"is_trial":false,"path_per_floor":["M","$","M","M","$","E","M","E","T","R","M","?","?","M"],"character_chosen":"THE_SILENT","items_purchased":["Panacea"],"campfire_rested":1,"item_purchase_floors":[2],"current_hp_per_floor":[67,67,67,65,65,13,10,1,1,22,3,3,3,0],"gold":92,"neow_bonus":"ONE_RANDOM_RARE_CARD","is_prod":false,"is_daily":false,"chose_seed":false,"campfire_upgraded":0,"win_rate":0.0,"timestamp":1568774264,"path_taken":["M","$","M","M","$","E","M","E","T","R","M","?","?","M"],"build_version":"2019-07-17","purchased_purges":0,"victory":false,"max_hp_per_floor":[70,70,70,70,70,70,70,70,70,70,70,70,70,70],"card_choices":[{"not_picked":["Slice","Quick Slash"],"picked":"Footwork","floor":1},{"not_picked":["Escape Plan","Deflect","Dagger Spray"],"picked":"SKIP","floor":3},{"not_picked":["Blade Dance","Underhanded Strike"],"picked":"Deadly Poison","floor":4},{"not_picked":["Sucker Punch","A Thousand Cuts"],"picked":"Bouncing Flask","floor":6},{"not_picked":["Expertise","Leg Sweep"],"picked":"Dagger Throw","floor":7},{"not_picked":["Quick Slash","Heel Hook","Eviscerate"],"picked":"SKIP","floor":8},{"not_picked":["PiercingWail","Flying Knee","Acrobatics"],"picked":"SKIP","floor":11}],"player_experience":49541,"relics_obtained":[{"floor":6,"key":"Nunchaku"},{"floor":8,"key":"Bag of Marbles"},{"floor":9,"key":"Darkstone Periapt"}],"event_choices":[{"damage_healed":0,"gold_gain":0,"player_choice":"Ignored","damage_taken":0,"max_hp_gain":0,"max_hp_loss":0,"event_name":"Liars Game","floor":12,"gold_loss":0},{"damage_healed":0,"gold_gain":0,"player_choice":"Grow","damage_taken":0,"max_hp_gain":0,"max_hp_loss":0,"event_name":"Living Wall","floor":13,"gold_loss":0,"cards_upgraded":["Footwork"]}],"is_beta":false,"boss_relics":[],"items_purged_floors":[],"is_endless":false,"potions_floor_spawned":[6,8],"killed_by":"Looter","ascension_level":0}