{"gold_per_floor":[118,136,236,67,83,83,117,135,135,135,160,160,18,33,33,134,184,202,220,234,15,29,29,64,64,146,159,159,193,193,193,193,193],"floor_reached":33,"playtime":3726,"items_purged":[],"score":325,"play_id":"e1802068-7584-4837-bb6e-858fce2195e5","local_time":"20190812191307","is_ascension_mode":false,"campfire_choices":[{"data":"Poisoned Stab","floor":6.0,"key":"SMITH"},{"floor":10.0,"key":"REST"},{"floor":15.0,"key":"REST"},{"floor":23,"key":"REST"},{"floor":25,"key":"REST"},{"floor":28,"key":"REST"},{"floor":30,"key":"REST"},{"data":"Catalyst","floor":32,"key":"SMITH"}],"neow_cost":"NONE","seed_source_timestamp":0,"circlet_count":0,"master_deck":["Strike_G","Strike_G+1","Strike_G","Strike_G","Strike_G","Defend_G","Defend_G","Defend_G","Defend_G","Defend_G","Survivor","Neutralize","Bane","Distraction","Skewer","Bandage Up","Deflect","Poisoned Stab+1","Envenom","PiercingWail","Catalyst+1","Bandage Up","PiercingWail","PiercingWail","After Image","Noxious Fumes","Cloak And Dagger","All Out Attack+1","PiercingWail","Backflip","Poisoned Stab","Backflip","Dodge and Roll","Caltrops+1","Flying Knee","Caltrops+1"],"special_seed":0,"relics":["Ring of the Snake","Mummified Hand","Darkstone Periapt","Ornamental Fan","Tiny House","Regal Pillow","Juzu Bracelet","Tiny Chest","Red Mask"],"potions_floor_usage":[18,18,24],"damage_taken":[{"damage":0.0,"enemies":"Jaw Worm","floor":1.0,"turns":5.0},{"damage":0.0,"enemies":"Cultist","floor":2.0,"turns":4.0},{"damage":2.0,"enemies":"Small Slimes","floor":5.0,"turns":4.0},{"damage":23.0,"enemies":"3 Sentries","floor":7.0,"turns":9.0},{"damage":15.0,"enemies":"Gremlin Gang","floor":8.0,"turns":5.0},{"damage":18.0,"enemies":"Lagavulin","floor":11.0,"turns":6.0},{"damage":2.0,"enemies":"3 Louse","floor":14.0,"turns":4.0},{"damage":57.0,"enemies":"Hexaghost","floor":16.0,"turns":12.0},{"damage":19,"enemies":"Spheric Guardian","floor":18,"turns":4},{"damage":4,"enemies":"Chosen","floor":19,"turns":6},{"damage":20,"enemies":"Snake Plant","floor":20,"turns":6},{"damage":15,"enemies":"3 Cultists","floor":22,"turns":8},{"damage":32,"enemies":"Slavers","floor":24,"turns":8},{"damage":26,"enemies":"Snecko","floor":27,"turns":6},{"damage":49,"enemies":"Masked Bandits","floor":29,"turns":4},{"damage":96,"enemies":"Collector","floor":33,"turns":10}],"seed_played":"-5205484080574705505","potions_obtained":[{"floor":2.0,"key":"Weak Potion"},{"floor":5.0,"key":"Weak Potion"},{"floor":8.0,"key":"Weak Potion"},{"floor":16.0,"key":"AttackPotion"},{"floor":17,"key":"Energy Potion"},{"floor":20,"key":"SpeedPotion"},{"floor":22,"key":"SkillPotion"},{"floor":29,"key":"Dexterity Potion"}],"is_trial":false,"path_per_floor":["M","M","?","$","M","R","E","M","T","R","E","?","$","M","R","B",null,"M","M","M","$","M","R","E","R","T","M","R","?","R","?","R","B"],"character_chosen":"THE_SILENT","items_purchased":["Skewer","Bandage Up","Deflect","Bandage Up","PiercingWail","Regal Pillow","Backflip","Poisoned Stab"],"campfire_rested":6,"item_purchase_floors":[4,4,4,13,13,21,21,21],"current_hp_per_floor":[77,77,77,77,75,75,56,45,45,68,54,54,54,60,77,28,82,63,67,55,55,48,82,54,82,82,56,82,41,80,80,80,0],"gold":193,"neow_bonus":"TEN_PERCENT_HP_BONUS","is_prod":false,"is_daily":false,"chose_seed":false,"campfire_upgraded":2,"win_rate":0,"timestamp":1565662387,"path_taken":["M","M","?","?","M","R","E","M","T","R","E","?","$","M","R","BOSS","M","M","M","$","M","R","E","R","T","M","R","?","R","?","R","BOSS"],"build_version":"2019-07-17","purchased_purges":0,"victory":false,"max_hp_per_floor":[77,77,77,77,77,77,77,77,77,77,77,77,77,77,77,77,82,82,82,82,82,82,82,82,82,82,82,82,82,82,82,82,82],"card_choices":[{"not_picked":["Prepared","Reflex"],"picked":"Bane","floor":1.0},{"not_picked":["Infinite Blades","Well Laid Plans"],"picked":"Distraction","floor":2.0},{"not_picked":["Dagger Throw","Backflip"],"picked":"Poisoned Stab","floor":5.0},{"not_picked":["Poisoned Stab","Slice"],"picked":"Envenom","floor":7.0},{"not_picked":["Sucker Punch","Masterful Stab"],"picked":"PiercingWail","floor":8.0},{"not_picked":["Burst","Riddle With Holes"],"picked":"Catalyst","floor":11.0},{"not_picked":["Underhanded Strike","Acrobatics"],"picked":"PiercingWail","floor":14.0},{"not_picked":["Night Terror","Unload"],"picked":"After Image","floor":16.0},{"not_picked":["Quick Slash","Deadly Poison"],"picked":"Noxious Fumes","floor":17},{"not_picked":["Poisoned Stab","Prepared"],"picked":"Cloak And Dagger","floor":18},{"not_picked":["Choke","Blade Dance"],"picked":"All Out Attack+1","floor":19},{"not_picked":["Choke","Catalyst"],"picked":"PiercingWail","floor":20},{"not_picked":["Prepared+1","PiercingWail"],"picked":"Backflip","floor":22},{"not_picked":["Choke","Footwork"],"picked":"Dodge and Roll","floor":24},{"not_picked":["Dagger Throw","Predator"],"picked":"Caltrops+1","floor":27},{"not_picked":["Slice","Escape Plan+1"],"picked":"Flying Knee","floor":29}],"player_experience":391141,"relics_obtained":[{"floor":7.0,"key":"Mummified Hand"},{"floor":9.0,"key":"Darkstone Periapt"},{"floor":11.0,"key":"Ornamental Fan"},{"floor":24,"key":"Juzu Bracelet"},{"floor":26,"key":"Tiny Chest"},{"floor":29,"key":"Red Mask"}],"event_choices":[{"damage_healed":0.0,"max_hp_gain":0.0,"max_hp_loss":0.0,"gold_gain":100.0,"event_name":"Golden Shrine","player_choice":"Pray","floor":3.0,"gold_loss":0.0,"damage_taken":0.0},{"damage_healed":0.0,"max_hp_gain":0.0,"max_hp_loss":0.0,"gold_gain":0.0,"event_name":"The Woman in Blue","player_choice":"Bought 0 Potions","floor":12.0,"gold_loss":0.0,"damage_taken":0.0},{"damage_healed":0,"gold_gain":0,"player_choice":"Fought Bandits","damage_taken":0,"max_hp_gain":0,"max_hp_loss":0,"event_name":"Masked Bandits","floor":29,"gold_loss":0},{"damage_healed":0,"gold_gain":0,"player_choice":"Copied","damage_taken":0,"max_hp_gain":0,"max_hp_loss":0,"event_name":"Duplicator","floor":31,"gold_loss":0,"cards_obtained":["Caltrops"]}],"is_beta":false,"boss_relics":[{"not_picked":["HoveringKite","Runic Dome"],"picked":"Tiny House"}],"items_purged_floors":[],"is_endless":false,"potions_floor_spawned":[2,5,8,16,20,22,29],"killed_by":"Collector","ascension_level":0}