{"path_per_floor":["M","M","?","M","?","R","E","R","T","?","M","E","?","M","R","B",null,"M","?","?","?","M","E","$","R","T","?","?","R","E","$","R","B",null,"M","?","$","M","M","R","?","E","T","M"],"character_chosen":"DEFECT","items_purchased":["Master of Strategy"],"gold_per_floor":[115,129,129,139,139,139,168,168,168,229,249,284,284,299,299,404,404,414,414,414,414,434,463,388,388,467,467,467,467,496,396,396,497,497,514,514,205,215,228,228,283,313,313,326,326],"floor_reached":45,"campfire_rested":0,"playtime":3575,"item_purchase_floors":[37],"current_hp_per_floor":[82,82,82,82,82,82,59,59,59,59,54,43,43,36,36,33,82,82,82,96,96,96,87,87,87,87,87,87,87,70,70,70,57,96,92,96,96,93,93,93,83,42,42,35,0],"items_purged":["Strike_B","Defend_B","Writhe"],"gold":326,"score":536,"play_id":"2cae4fd1-8deb-4b05-b849-f251e01c5989","local_time":"20180605175450","is_prod":false,"is_daily":false,"chose_seed":false,"is_ascension_mode":true,"campfire_upgraded":7,"win_rate":0.0,"timestamp":1528214090,"campfire_choices":[{"data":"Dualcast","floor":6,"key":"SMITH"},{"data":"Doom and Gloom","floor":8,"key":"SMITH"},{"data":"Auto Shields","floor":15,"key":"SMITH"},{"data":"Zap","floor":25,"key":"SMITH"},{"data":"BootSequence","floor":29,"key":"SMITH"},{"data":"Leap","floor":32,"key":"SMITH"},{"data":"Seek","floor":40,"key":"SMITH"}],"path_taken":["M","M","?","M","?","R","E","R","T","?","M","E","?","?","R","BOSS","M","?","?","?","?","E","$","R","T","?","?","R","E","$","R","BOSS","M","?","$","M","M","R","?","E","T","M","E"],"build_version":"2018-05-31","seed_source_timestamp":115939704632613,"purchased_purges":3,"victory":false,"master_deck":["Defend_B","Defend_B","Defend_B","Zap+1","Dualcast+1","Go for the Eyes+1","Doom and Gloom+1","BootSequence+1","Leap+1","Auto Shields+1","Leap","Reboot+1","BootSequence+1","Auto Shields+1","Melter+1","Hologram+1","Skim+1","Seek+1","Master of Strategy","Ball Lightning+1"],"max_hp_per_floor":[82,82,82,82,82,82,82,82,82,82,82,82,82,82,82,82,82,82,82,96,96,96,96,96,96,96,96,96,96,96,96,96,96,96,96,96,96,96,96,96,96,96,96,96,96],"relics":["Cracked Core","Strawberry","Question Card","Dodecahedron","Pantograph","Astrolabe","Mango","Matryoshka","Bronze Scales","Bottled Flame","Regal Pillow","Black Star","Du-Vu Doll","Darkstone Periapt","Bottled Lightning","Meat on the Bone","The Courier"],"card_choices":[{"not_picked":["Static Discharge","Cold Snap"],"picked":"Go for the Eyes","floor":1},{"not_picked":["Ball Lightning","Rip and Tear"],"picked":"Doom and Gloom","floor":2},{"not_picked":["Steam","Compile Driver"],"picked":"BootSequence","floor":4},{"not_picked":["Sweeping Beam","Redo"],"picked":"Leap","floor":7},{"not_picked":["Coolheaded","Chaos","Electrodynamics"],"picked":"Auto Shields","floor":11},{"not_picked":["Blizzard","Fusion","Coolheaded","Compile Driver"],"picked":"SKIP","floor":12},{"not_picked":["Heatsinks","Cold Snap","BootSequence"],"picked":"Leap","floor":14},{"not_picked":["Thunder Strike","Machine Learning","Creative AI"],"picked":"Reboot","floor":16},{"not_picked":["Barrage","Redo","Cold Snap","Gash"],"picked":"SKIP","floor":18},{"not_picked":["Barrage+1","Defragment","Glacier"],"picked":"Hologram+1","floor":22},{"not_picked":["Darkness+1","Chill","Conserve Battery"],"picked":"Skim+1","floor":23},{"not_picked":["Ball Lightning+1","Multi-Cast","Steam","Heatsinks"],"picked":"SKIP","floor":30},{"not_picked":["Thunder Strike","Fission","All For One"],"picked":"Seek","floor":33},{"not_picked":["Scrape","Compile Driver+1","Capacitor","Double Energy"],"picked":"SKIP","floor":35},{"not_picked":["Glacier","Heatsinks","Doom and Gloom","Coolheaded+1"],"picked":"SKIP","floor":38},{"not_picked":["Reinforced Body+1","Force Field+1","Cold Snap+1"],"picked":"Ball Lightning+1","floor":39},{"not_picked":["Melter","Auto Shields","Go for the Eyes","Gash"],"picked":"SKIP","floor":42},{"not_picked":["Creative AI","Sweeping Beam+1","Glacier","Ball Lightning"],"picked":"SKIP","floor":44}],"player_experience":725917,"potions_floor_usage":[33,33,44,45],"damage_taken":[{"damage":0,"enemies":"2 Louse","floor":1,"turns":2},{"damage":0,"enemies":"Jaw Worm","floor":2,"turns":3},{"damage":0,"enemies":"Cultist","floor":4,"turns":3},{"damage":23,"enemies":"Gremlin Nob","floor":7,"turns":4},{"damage":5,"enemies":"Looter","floor":11,"turns":3},{"damage":11,"enemies":"3 Sentries","floor":12,"turns":5},{"damage":7,"enemies":"Large Slime","floor":14,"turns":5},{"damage":28,"enemies":"Slime Boss","floor":16,"turns":10},{"damage":0,"enemies":"3 Byrds","floor":18,"turns":5},{"damage":0,"enemies":"Spheric Guardian","floor":22,"turns":3},{"damage":9,"enemies":"Slavers","floor":23,"turns":4},{"damage":17,"enemies":"Gremlin Leader","floor":30,"turns":6},{"damage":38,"enemies":"Collector","floor":33,"turns":8},{"damage":4,"enemies":"Orb Walker","floor":35,"turns":3},{"damage":3,"enemies":"3 Shapes","floor":38,"turns":2},{"damage":0,"enemies":"Sphere and 2 Shapes","floor":39,"turns":3},{"damage":10,"enemies":"Mysterious Sphere","floor":41,"turns":5},{"damage":41,"enemies":"Nemesis","floor":42,"turns":9},{"damage":19,"enemies":"Maw","floor":44,"turns":9},{"damage":38,"enemies":"Giant Head","floor":45,"turns":9}],"relics_obtained":[{"floor":7,"key":"Question Card"},{"floor":9,"key":"Dodecahedron"},{"floor":12,"key":"Pantograph"},{"floor":23,"key":"Matryoshka"},{"floor":26,"key":"Bronze Scales"},{"floor":26,"key":"Bottled Flame"},{"floor":30,"key":"Regal Pillow"},{"floor":41,"key":"Du-Vu Doll"},{"floor":42,"key":"Darkstone Periapt"},{"floor":42,"key":"Bottled Lightning"},{"floor":43,"key":"Meat on the Bone"},{"floor":43,"key":"The Courier"}],"event_choices":[{"event_name":"Living Wall","player_choice":"Grow","floor":3,"damage_taken":0},{"event_name":"Match and Keep!","player_choice":"1 cards matched","floor":5,"damage_taken":0},{"event_name":"Golden Wing","player_choice":"Gained Gold","floor":10,"damage_taken":0},{"event_name":"Fountain of Cleansing","player_choice":"Removed Curse","floor":13,"damage_taken":0},{"event_name":"Accursed Blacksmith","player_choice":"Forge","floor":19,"damage_taken":0},{"event_name":"The Mausoleum","player_choice":"Yes","floor":20,"damage_taken":0},{"event_name":"Wheel of Change","player_choice":"Card Removal","floor":21,"damage_taken":0},{"event_name":"Ghosts","player_choice":"Ignored","floor":27,"damage_taken":0},{"event_name":"Vampires","player_choice":"Ignored","floor":28,"damage_taken":0},{"event_name":"Winding Halls","player_choice":"Writhe","floor":36,"damage_taken":0},{"event_name":"Mysterious Sphere","player_choice":"Fight","floor":41,"damage_taken":0}],"boss_relics":[{"not_picked":["White Beast Statue","Tiny House"],"picked":"Astrolabe"},{"not_picked":["Velvet Choker","Nuclear Battery"],"picked":"Black Star"}],"items_purged_floors":[24,31,37],"potions_floor_spawned":[1,12,18,30,33,39,42],"seed_played":"2765587776373774234","killed_by":"Giant Head","ascension_level":1,"potions_obtained":[{"floor":1,"key":"FocusPotion"},{"floor":12,"key":"SteroidPotion"},{"floor":18,"key":"FocusPotion"},{"floor":30,"key":"Poison Potion"},{"floor":33,"key":"LiquidBronze"},{"floor":39,"key":"SkillPotion"}],"is_trial":false}