{"gold_per_floor":[113,113,113,133,83,83,112,129,182,182,192,192,223,234,234,337,337,349,44,44,60,80,110,110,35,35,45,64,64,79,92,92,92],"floor_reached":33,"playtime":2664,"items_purged":[],"score":318,"play_id":"7174a987-bb9a-4072-a272-e22be5f0748a","local_time":"20190920190435","is_ascension_mode":true,"campfire_choices":[{"data":"Deflect","floor":6,"key":"SMITH"},{"floor":10,"key":"REST"},{"floor":12,"key":"REST"},{"data":"Dodge and Roll","floor":15,"key":"SMITH"},{"data":"Survivor","floor":24,"key":"SMITH"},{"floor":32,"key":"REST"}],"neow_cost":"NONE","seed_source_timestamp":331651055650585,"circlet_count":0,"master_deck":["Strike_G","Defend_G","Defend_G","Defend_G","Defend_G","Defend_G","Survivor+1","Neutralize","Panacea","Bouncing Flask","Deflect+1","Outmaneuver","Dodge and Roll+1","Deadly Poison","Sucker Punch","Bane","Malaise","CurseOfTheBell","Bane","Die Die Die","Catalyst","Catalyst","Bane","Sucker Punch+1","Distraction","PiercingWail","Dodge and Roll","Bane+1"],"relics":["Ring of the Snake","Happy Flower","Regal Pillow","Matryoshka","Calling Bell","MealTicket","Gremlin Horn","Torii","TwistedFunnel","InkBottle","Dream Catcher","Bronze Scales","Lantern"],"potions_floor_usage":[7,16,16,18,31,33],"damage_taken":[{"damage":8,"enemies":"Jaw Worm","floor":1,"turns":8},{"damage":0,"enemies":"2 Louse","floor":4,"turns":4},{"damage":56,"enemies":"3 Sentries","floor":7,"turns":17},{"damage":0,"enemies":"Small Slimes","floor":8,"turns":5},{"damage":0,"enemies":"3 Louse","floor":11,"turns":5},{"damage":7,"enemies":"Lagavulin","floor":13,"turns":6},{"damage":0,"enemies":"Looter","floor":14,"turns":4},{"damage":11,"enemies":"Hexaghost","floor":16,"turns":10},{"damage":19,"enemies":"3 Byrds","floor":18,"turns":8},{"damage":1,"enemies":"Chosen","floor":21,"turns":5},{"damage":1,"enemies":"Snake Plant","floor":22,"turns":4},{"damage":2,"enemies":"Book of Stabbing","floor":23,"turns":6},{"damage":8,"enemies":"Sentry and Sphere","floor":27,"turns":3},{"damage":0,"enemies":"Chosen and Byrds","floor":28,"turns":4},{"damage":35,"enemies":"Cultist and Chosen","floor":30,"turns":7},{"damage":1,"enemies":"Snecko","floor":31,"turns":3},{"damage":62,"enemies":"Collector","floor":33,"turns":5}],"seed_played":"-8618400193828577779","potions_obtained":[{"floor":4,"key":"Weak Potion"},{"floor":8,"key":"Dexterity Potion"},{"floor":11,"key":"Explosive Potion"},{"floor":13,"key":"Swift Potion"},{"floor":14,"key":"Block Potion"},{"floor":21,"key":"Poison Potion"},{"floor":23,"key":"SneckoOil"},{"floor":27,"key":"FearPotion"}],"is_trial":false,"path_per_floor":["M","?","?","M","?","R","E","M","T","R","M","R","E","M","R","B",null,"M","$","?","M","M","E","R","?","T","M","M","?","M","M","R","B"],"character_chosen":"THE_SILENT","items_purchased":["TwistedFunnel","InkBottle"],"campfire_rested":3,"item_purchase_floors":[19,19],"current_hp_per_floor":[62,67,67,67,67,67,11,11,11,48,48,75,68,68,68,57,75,56,71,71,70,69,67,67,67,67,59,59,59,24,23,60,0],"gold":92,"neow_bonus":"RANDOM_COLORLESS","is_prod":false,"is_daily":false,"chose_seed":false,"campfire_upgraded":3,"win_rate":0,"timestamp":1569031475,"path_taken":["M","?","?","M","?","R","E","M","T","R","M","R","E","M","R","BOSS","M","$","?","M","M","E","R","?","T","M","M","?","M","M","R","BOSS"],"build_version":"2019-09-20","purchased_purges":0,"victory":false,"max_hp_per_floor":[70,75,75,75,75,75,75,75,75,75,75,75,75,75,75,75,75,75,75,75,75,75,75,75,75,75,75,75,75,75,75,75,75],"card_choices":[{"not_picked":["Bane","Poisoned Stab"],"picked":"Bouncing Flask","floor":1},{"not_picked":["Calculated Gamble","Footwork"],"picked":"Deflect","floor":4},{"not_picked":["Finisher","Prepared"],"picked":"Outmaneuver","floor":7},{"not_picked":["Bane","Quick Slash"],"picked":"Dodge and Roll","floor":8},{"not_picked":["Poisoned Stab","Blur"],"picked":"Deadly Poison","floor":11},{"not_picked":["Accuracy","Flechettes"],"picked":"Sucker Punch","floor":13},{"not_picked":["Backstab","Flechettes"],"picked":"Bane","floor":14},{"not_picked":["Venomology","Adrenaline"],"picked":"Malaise","floor":16},{"not_picked":["Acrobatics+1","Flying Knee+1"],"picked":"Bane","floor":18},{"not_picked":["Backstab+1","Bane"],"picked":"Catalyst","floor":21},{"not_picked":["Venomology","Distraction"],"picked":"Bane","floor":22},{"not_picked":["Quick Slash","Skewer"],"picked":"Sucker Punch+1","floor":23},{"not_picked":["Underhanded Strike","Endless Agony","Dagger Throw"],"picked":"SKIP","floor":27},{"not_picked":["Outmaneuver","Dagger Throw"],"picked":"Distraction","floor":28},{"not_picked":["Cloak And Dagger","Finisher"],"picked":"PiercingWail","floor":30},{"not_picked":["Acrobatics","Flying Knee"],"picked":"Dodge and Roll","floor":31},{"not_picked":["Venomology","Prepared+1"],"picked":"Bane+1","floor":32}],"player_experience":93227,"relics_obtained":[{"floor":7,"key":"Happy Flower"},{"floor":9,"key":"Regal Pillow"},{"floor":13,"key":"Matryoshka"},{"floor":17,"key":"MealTicket"},{"floor":17,"key":"Gremlin Horn"},{"floor":17,"key":"Torii"},{"floor":23,"key":"Dream Catcher"},{"floor":26,"key":"Bronze Scales"},{"floor":26,"key":"Lantern"}],"event_choices":[{"damage_healed":0,"gold_gain":0,"player_choice":"Donut","damage_taken":0,"max_hp_gain":5,"max_hp_loss":0,"event_name":"Big Fish","floor":2,"gold_loss":0},{"damage_healed":0,"gold_gain":0,"player_choice":"Ignored","damage_taken":0,"max_hp_gain":0,"max_hp_loss":0,"event_name":"Golden Wing","floor":3,"gold_loss":0},{"cards_removed":["Strike_G"],"damage_healed":0,"gold_gain":0,"player_choice":"Card Removal","damage_taken":0,"max_hp_gain":0,"max_hp_loss":0,"event_name":"The Cleric","floor":5,"gold_loss":50},{"damage_healed":0,"gold_gain":0,"cards_transformed":["Strike_G","Strike_G"],"player_choice":"Became Test Subject","damage_taken":0,"max_hp_gain":0,"max_hp_loss":0,"event_name":"Drug Dealer","floor":20,"gold_loss":0,"cards_obtained":["Die Die Die","Catalyst"]},{"cards_removed":["Strike_G"],"damage_healed":0,"gold_gain":0,"player_choice":"Gave Gold","damage_taken":0,"max_hp_gain":0,"max_hp_loss":0,"event_name":"Beggar","floor":25,"gold_loss":75}],"is_beta":true,"boss_relics":[{"not_picked":["Coffee Dripper","Fusion Hammer"],"picked":"Calling Bell"}],"items_purged_floors":[],"is_endless":false,"potions_floor_spawned":[4,8,11,13,14,21,23,27,30],"killed_by":"Collector","ascension_level":1}