{"gold_per_floor":[114,114,114,114,134,154,185,205,232,232,51,112,112,112,112,216,216,231,231,58,58,4,4,4],"floor_reached":24,"playtime":1064,"items_purged":["Strike_R","Strike_R"],"score":190,"play_id":"7108e683-5dd4-4972-98da-0325939d1d79","local_time":"20190917220358","is_ascension_mode":false,"campfire_choices":[{"data":"Rampage","floor":10,"key":"SMITH"},{"floor":15,"key":"REST"},{"data":"Barricade","floor":23,"key":"SMITH"}],"neow_cost":"NONE","seed_source_timestamp":2127308873800,"circlet_count":0,"master_deck":["Strike_R","Strike_R","Strike_R","Defend_R","Defend_R","Defend_R","Defend_R","Bash+1","Power Through","Armaments","True Grit","Rampage+1","Flame Barrier","Body Slam","Feel No Pain","Corruption","Barricade+1","Decay","Doubt","Pommel Strike+1","Rage","True Grit"],"relics":["Burning Blood","StoneCalendar","Calipers","Anchor","Meat on the Bone","Blue Candle","Calling Bell","Juzu Bracelet","Gremlin Horn","Shovel","Frozen Egg 2"],"potions_floor_usage":[7,8,16],"damage_taken":[{"damage":8,"enemies":"2 Louse","floor":1,"turns":3},{"damage":6,"enemies":"Jaw Worm","floor":5,"turns":3},{"damage":0,"enemies":"Small Slimes","floor":6,"turns":4},{"damage":43,"enemies":"Lagavulin","floor":7,"turns":7},{"damage":0,"enemies":"3 Louse","floor":8,"turns":4},{"damage":38,"enemies":"Gremlin Nob","floor":12,"turns":5},{"damage":43,"enemies":"The Guardian","floor":16,"turns":19},{"damage":24,"enemies":"Spheric Guardian","floor":18,"turns":7},{"damage":70,"enemies":"Book of Stabbing","floor":24,"turns":7}],"seed_played":"131235507746340532","potions_obtained":[{"floor":1,"key":"SpeedPotion"},{"floor":5,"key":"Block Potion"},{"floor":6,"key":"Strength Potion"},{"floor":18,"key":"FearPotion"}],"is_trial":false,"path_per_floor":["M","?","T","?","M","M","E","M","T","R","$","?","?","T","R","B",null,"M","T","$","?","$","R","E"],"character_chosen":"IRONCLAD","items_purchased":["Body Slam","Feel No Pain","Rage","True Grit"],"campfire_rested":1,"item_purchase_floors":[11,11,20,22],"current_hp_per_floor":[86,86,86,86,86,88,51,57,57,57,57,25,25,25,51,26,88,70,70,70,70,70,70,0],"gold":4,"neow_bonus":"TEN_PERCENT_HP_BONUS","is_prod":false,"is_daily":false,"chose_seed":false,"campfire_upgraded":2,"win_rate":0,"timestamp":1568729038,"path_taken":["M","?","?","?","M","M","E","M","T","R","$","?","?","?","R","BOSS","M","?","?","?","$","R","E"],"build_version":"2019-07-17","purchased_purges":2,"victory":false,"max_hp_per_floor":[88,88,88,88,88,88,88,88,88,88,88,88,88,88,88,88,88,88,88,88,88,88,88,88],"card_choices":[{"not_picked":["Clash","Bloodletting"],"picked":"Power Through","floor":1},{"not_picked":["Clothesline","Havoc"],"picked":"Armaments","floor":5},{"not_picked":["Thunderclap","Havoc"],"picked":"True Grit","floor":6},{"not_picked":["Power Through","Clothesline"],"picked":"Rampage","floor":7},{"not_picked":["Cleave","Warcry"],"picked":"Flame Barrier","floor":8},{"not_picked":["Flex","Feel No Pain"],"picked":"Corruption","floor":12},{"not_picked":["Double Tap","Reaper"],"picked":"Barricade","floor":16},{"not_picked":["Perfected Strike","Sword Boomerang"],"picked":"Pommel Strike+1","floor":18}],"player_experience":383734,"relics_obtained":[{"floor":3,"key":"StoneCalendar"},{"floor":7,"key":"Calipers"},{"floor":9,"key":"Anchor"},{"floor":12,"key":"Meat on the Bone"},{"floor":14,"key":"Blue Candle"},{"floor":17,"key":"Juzu Bracelet"},{"floor":17,"key":"Gremlin Horn"},{"floor":17,"key":"Shovel"},{"floor":19,"key":"Frozen Egg 2"}],"event_choices":[{"damage_healed":0,"gold_gain":0,"player_choice":"Grow","damage_taken":0,"max_hp_gain":0,"max_hp_loss":0,"event_name":"Living Wall","floor":2,"gold_loss":0,"cards_upgraded":["Bash"]},{"damage_healed":0,"gold_gain":0,"player_choice":"Ignored","damage_taken":0,"max_hp_gain":0,"max_hp_loss":0,"event_name":"Liars Game","floor":4,"gold_loss":0},{"damage_healed":0,"gold_gain":0,"player_choice":"Searched \u00271\u0027 times","damage_taken":0,"max_hp_gain":0,"max_hp_loss":0,"event_name":"Dead Adventurer","floor":12,"gold_loss":0},{"damage_healed":0,"gold_gain":0,"player_choice":"Ignored","damage_taken":0,"max_hp_gain":0,"max_hp_loss":0,"event_name":"Shining Light","floor":13,"gold_loss":0},{"cards_removed":["Doubt"],"damage_healed":0,"gold_gain":0,"player_choice":"Elegance","damage_taken":0,"max_hp_gain":0,"max_hp_loss":0,"event_name":"Back to Basics","floor":21,"gold_loss":0}],"is_beta":false,"boss_relics":[{"not_picked":["Empty Cage","Black Star"],"picked":"Calling Bell"}],"items_purged_floors":[11,20],"is_endless":false,"potions_floor_spawned":[1,5,6,18],"killed_by":"Book of Stabbing","ascension_level":0}