{"gold_per_floor":[117,42,42,42,16,16,40,55,55,79,79,114,130,130,130,224,224,245,245,245,266,282,282,57,57,57,80,80,130,38,38,38,134,164,179,248,248,261,286,330,330,366,420,433,456,456,496,496,496,496,496,496,496,24,67,67],"floor_reached":57,"playtime":2676,"items_purged":["Strike_B","Strike_B+1","Defend_B"],"score":3051,"play_id":"9a9edcea-3390-4a64-80e2-d7c40f3885ff","local_time":"20190920172212","is_ascension_mode":true,"campfire_choices":[{"data":"Zap","floor":6,"key":"SMITH"},{"data":"Dualcast","floor":11,"key":"SMITH"},{"data":"Sunder","floor":15,"key":"SMITH"},{"data":"Coolheaded","floor":23,"key":"SMITH"},{"data":"Capacitor","floor":25,"key":"SMITH"},{"floor":28,"key":"RECALL"},{"data":"Thunder Strike","floor":32,"key":"SMITH"},{"floor":41,"key":"REST"},{"data":"Echo Form","floor":46,"key":"SMITH"},{"data":"Cold Snap","floor":49,"key":"SMITH"},{"floor":53,"key":"REST"}],"neow_cost":"NONE","seed_source_timestamp":860691124005481,"circlet_count":0,"master_deck":["AscendersBane","Defend_B","Zap+1","Dualcast+1","Coolheaded+1","Compile Driver+1","Cold Snap+1","All For One","Darkness+1","Leap+1","Sunder+1","Reboot+1","Hologram+1","Recycle+1","Capacitor+1","Skim+1","White Noise+1","Double Energy+1","Consume+1","Thunder Strike+1","Fission+1","Echo Form+1","CurseOfTheBell","Turbo+1","Chaos+1","Reinforced Body+1","Coolheaded+1","Discovery+1","Heatsinks"],"relics":["Runic Pyramid","Golden Idol","Toxic Egg 2","Orichalcum","Nuclear Battery","Membership Card","Torii","Calling Bell","Tiny Chest","Cables","Thread and Needle","Gambling Chip","Blood Vial","Oddly Smooth Stone","StrikeDummy","Bird Faced Urn","Strawberry","Sling","Unceasing Top"],"potions_floor_usage":[56,56],"damage_taken":[{"damage":2,"enemies":"2 Louse","floor":1,"turns":2},{"damage":0,"enemies":"Jaw Worm","floor":7,"turns":4},{"damage":0,"enemies":"Cultist","floor":8,"turns":3},{"damage":3,"enemies":"3 Louse","floor":10,"turns":3},{"damage":5,"enemies":"Gremlin Nob","floor":12,"turns":3},{"damage":0,"enemies":"2 Fungi Beasts","floor":13,"turns":4},{"damage":14,"enemies":"Hexaghost","floor":16,"turns":8},{"damage":0,"enemies":"Chosen","floor":18,"turns":3},{"damage":11,"enemies":"Shell Parasite","floor":21,"turns":2},{"damage":17,"enemies":"Shelled Parasite and Fungi","floor":22,"turns":5},{"damage":0,"enemies":"Sentry and Sphere","floor":27,"turns":4},{"damage":0,"enemies":"Automaton","floor":33,"turns":5},{"damage":1,"enemies":"Orb Walker","floor":35,"turns":3},{"damage":22,"enemies":"2 Orb Walkers","floor":36,"turns":3},{"damage":0,"enemies":"3 Shapes","floor":38,"turns":1},{"damage":1,"enemies":"Spire Growth","floor":39,"turns":3},{"damage":0,"enemies":"Nemesis","floor":40,"turns":3},{"damage":10,"enemies":"Reptomancer","floor":42,"turns":5},{"damage":0,"enemies":"Maw","floor":44,"turns":4},{"damage":0,"enemies":"Writhing Mass","floor":45,"turns":3},{"damage":0,"enemies":"Giant Head","floor":47,"turns":6},{"damage":16,"enemies":"Donu and Deca","floor":50,"turns":7},{"damage":0,"enemies":"Awakened One","floor":51,"turns":7},{"damage":25,"enemies":"Shield and Spear","floor":55,"turns":9},{"damage":55,"enemies":"The Heart","floor":56,"turns":10}],"seed_played":"-6872643703371170209","potions_obtained":[{"floor":8,"key":"PowerPotion"},{"floor":13,"key":"Fire Potion"},{"floor":35,"key":"Ancient Potion"}],"is_trial":false,"path_per_floor":["M","?","$","?","$","R","M","M","T","M","R","E","M","?","R","B",null,"M","?","?","M","M","R","$","R","T","M","R","?","$","?","R","B",null,"M","?","?","M","M","E","R","E","T","M","M","R","E","?","R","B","B",null,"R","$","E","B",null],"character_chosen":"DEFECT","items_purchased":["Compile Driver","Membership Card","White Noise+1","Consume+1","Coolheaded+1","Bird Faced Urn","Strawberry","Sling","Discovery+1"],"campfire_rested":2,"item_purchase_floors":[5,24,24,30,54,54,54,54,54],"current_hp_per_floor":[62,62,62,62,62,62,62,62,62,59,59,54,54,35,35,21,53,53,53,53,42,25,25,25,25,25,25,25,25,25,25,25,25,54,53,31,31,31,30,30,49,41,41,43,45,45,47,47,47,33,35,57,64,71,62,21],"gold":67,"neow_bonus":"BOSS_RELIC","is_prod":false,"is_daily":false,"chose_seed":false,"campfire_upgraded":8,"win_rate":0,"timestamp":1568971332,"path_taken":["M","?","$","?","?","R","M","M","T","M","R","E","?","?","R","BOSS","M","?","?","M","?","R","$","R","T","?","R","?","$","?","R","BOSS","M","?","?","M","?","E","R","E","T","M","M","R","E","?","R","BOSS","BOSS","R","$","E","BOSS"],"build_version":"2019-09-19","purchased_purges":3,"victory":true,"max_hp_per_floor":[71,71,71,64,64,64,64,64,64,64,64,64,64,64,64,64,64,64,64,64,64,64,64,64,64,64,64,64,64,64,64,64,64,64,64,64,64,64,64,64,64,64,64,64,64,64,64,64,64,64,64,64,64,71,71,71],"card_choices":[{"not_picked":["Cold Snap","Leap"],"picked":"Coolheaded","floor":1},{"not_picked":["Gash","Go for the Eyes"],"picked":"Cold Snap","floor":7},{"not_picked":["Redo","Tempest"],"picked":"All For One","floor":8},{"not_picked":["Blizzard","Loop"],"picked":"Darkness+1","floor":10},{"not_picked":["Compile Driver","Stack+1"],"picked":"Leap+1","floor":12},{"not_picked":["Gash","Sweeping Beam"],"picked":"Sunder","floor":13},{"not_picked":["Electrodynamics","Creative AI"],"picked":"Reboot+1","floor":16},{"not_picked":["Streamline","White Noise+1"],"picked":"Hologram+1","floor":18},{"not_picked":["Reprogram+1","Rebound+1"],"picked":"Capacitor","floor":21},{"not_picked":["Sweeping Beam","Barrage"],"picked":"Skim+1","floor":22},{"not_picked":["Hologram+1","Rebound"],"picked":"Double Energy+1","floor":27},{"not_picked":["Thunder Strike","Reboot+1"],"picked":"Echo Form","floor":33},{"not_picked":["Leap+1","Hello World+1","Sweeping Beam"],"picked":"SKIP","floor":35},{"not_picked":["Echo Form","Auto Shields+1"],"picked":"Turbo+1","floor":38},{"not_picked":["Static Discharge","Ball Lightning","Streamline"],"picked":"SKIP","floor":39},{"not_picked":["Steam Power+1","Reinforced Body+1"],"picked":"Chaos+1","floor":40},{"not_picked":["Static Discharge+1","Go for the Eyes","Sweeping Beam+1"],"picked":"SKIP","floor":42},{"not_picked":["Leap+1","Force Field+1"],"picked":"Reinforced Body+1","floor":44},{"not_picked":["BootSequence+1","Melter","Beam Cell"],"picked":"SKIP","floor":45},{"not_picked":["Self Repair","Steam+1","Rip and Tear"],"picked":"SKIP","floor":47},{"not_picked":["Tempest+1","Consume+1"],"picked":"Heatsinks","floor":55}],"player_experience":889611,"relics_obtained":[{"floor":9,"key":"Toxic Egg 2"},{"floor":12,"key":"Orichalcum"},{"floor":26,"key":"Torii"},{"floor":34,"key":"Tiny Chest"},{"floor":34,"key":"Cables"},{"floor":34,"key":"Thread and Needle"},{"floor":36,"key":"Gambling Chip"},{"floor":40,"key":"Blood Vial"},{"floor":42,"key":"Oddly Smooth Stone"},{"floor":47,"key":"StrikeDummy"},{"floor":55,"key":"Unceasing Top"}],"event_choices":[{"cards_removed":["Strike_B"],"damage_healed":0,"gold_gain":0,"player_choice":"Card Removal","damage_taken":0,"max_hp_gain":0,"max_hp_loss":0,"event_name":"The Cleric","floor":2,"gold_loss":75},{"damage_healed":0,"gold_gain":0,"player_choice":"Lose Max HP","damage_taken":0,"relics_obtained":["Golden Idol"],"max_hp_gain":0,"max_hp_loss":7,"event_name":"Golden Idol","floor":4,"gold_loss":0},{"damage_healed":0,"gold_gain":0,"player_choice":"Entered Light","damage_taken":19,"max_hp_gain":0,"max_hp_loss":0,"event_name":"Shining Light","floor":14,"gold_loss":0,"cards_upgraded":["Strike_B","Compile Driver"]},{"damage_healed":0,"gold_gain":0,"player_choice":"Read","damage_taken":0,"max_hp_gain":0,"max_hp_loss":0,"event_name":"The Library","floor":19,"gold_loss":0,"cards_obtained":["Recycle"]},{"cards_removed":["Strike_B"],"damage_healed":0,"gold_gain":0,"player_choice":"Card Removal","damage_taken":0,"max_hp_gain":0,"max_hp_loss":0,"event_name":"Wheel of Change","floor":20,"gold_loss":0},{"damage_healed":0,"gold_gain":50,"player_choice":"Stole From Cult","damage_taken":0,"max_hp_gain":0,"max_hp_loss":0,"event_name":"Nest","floor":29,"gold_loss":0},{"damage_healed":0,"gold_gain":0,"cards_transformed":["Defend_B","Defend_B"],"player_choice":"Became Test Subject","damage_taken":0,"max_hp_gain":0,"max_hp_loss":0,"event_name":"Drug Dealer","floor":31,"gold_loss":0,"cards_obtained":["Thunder Strike","Fission"]},{"damage_healed":0,"gold_gain":0,"player_choice":"Fight","damage_taken":0,"max_hp_gain":0,"max_hp_loss":0,"event_name":"Mysterious Sphere","floor":36,"gold_loss":0},{"damage_healed":0,"gold_gain":0,"player_choice":"Ignored","damage_taken":0,"max_hp_gain":0,"max_hp_loss":0,"event_name":"SecretPortal","floor":37,"gold_loss":0},{"damage_healed":0,"gold_gain":0,"player_choice":"Ignored","damage_taken":0,"max_hp_gain":0,"max_hp_loss":0,"event_name":"Tomb of Lord Red Mask","floor":48,"gold_loss":0}],"is_beta":true,"boss_relics":[{"not_picked":["Black Star","Runic Dome"],"picked":"Nuclear Battery"},{"not_picked":["Coffee Dripper","SlaversCollar"],"picked":"Calling Bell"}],"items_purged_floors":[24,30,54],"is_endless":false,"potions_floor_spawned":[8,13,16,33,35,42,44,47],"ascension_level":20}