{"gold_per_floor":[214,289,300,84,103,137,137,172,172,172,4,4,4,14,14,93,93,105,120,120,131,6,6,6,41,41,58,58,83,83],"floor_reached":30,"playtime":2541,"items_purged":["Defend_B","Defend_B","Strike_B"],"score":448,"play_id":"e40db058-ba0b-4ddf-947c-acc756e6455e","local_time":"20190130032231","is_ascension_mode":true,"campfire_choices":[{"data":"Go for the Eyes","floor":7.0,"key":"SMITH"},{"data":"Zap","floor":10.0,"key":"SMITH"},{"data":"Loop","floor":12.0,"key":"SMITH"},{"data":"Capacitor","floor":15.0,"key":"SMITH"},{"floor":23.0,"key":"REST"},{"data":"Dualcast","floor":28,"key":"SMITH"}],"neow_cost":"NONE","seed_source_timestamp":133468829366460,"circlet_count":0,"master_deck":["AscendersBane","Strike_B","Strike_B","Defend_B","Defend_B","Zap+1","Dualcast+1","Compile Driver","Glacier","Go for the Eyes+1","Leap","Cold Snap","Capacitor+1","Loop+1","Conserve Battery","Sweeping Beam+1","Echo Form","Reboot"],"special_seed":0,"relics":["Cracked Core","Pear","Molten Egg 2","Symbiotic Virus","Inserter","Lantern","Smiling Mask","Red Mask"],"potions_floor_usage":[29],"damage_taken":[{"damage":8.0,"enemies":"Small Slimes","floor":1.0,"turns":3.0},{"damage":8.0,"enemies":"Jaw Worm","floor":3.0,"turns":4.0},{"damage":0.0,"enemies":"Cultist","floor":5.0,"turns":3.0},{"damage":16.0,"enemies":"Lagavulin","floor":6.0,"turns":10.0},{"damage":22.0,"enemies":"Gremlin Nob","floor":8.0,"turns":5.0},{"damage":0.0,"enemies":"Exordium Thugs","floor":14.0,"turns":4.0},{"damage":2.0,"enemies":"Hexaghost","floor":16.0,"turns":6.0},{"damage":3.0,"enemies":"Shell Parasite","floor":18.0,"turns":4.0},{"damage":1.0,"enemies":"Chosen","floor":19.0,"turns":5.0},{"damage":15.0,"enemies":"3 Cultists","floor":21.0,"turns":5.0},{"damage":18,"enemies":"Book of Stabbing","floor":25,"turns":8},{"damage":15,"enemies":"Shelled Parasite and Fungi","floor":27,"turns":4},{"damage":22,"enemies":"Masked Bandits","floor":29,"turns":4},{"damage":7,"enemies":"Centurion and Healer","floor":30,"turns":2}],"seed_played":"-7377512252530990132","potions_obtained":[{"floor":1.0,"key":"Regen Potion"},{"floor":13.0,"key":"Block Potion"},{"floor":13.0,"key":"AttackPotion"},{"floor":18.0,"key":"GamblersBrew"},{"floor":19.0,"key":"PowerPotion"},{"floor":21.0,"key":"Fire Potion"}],"is_trial":false,"path_per_floor":["M","?","M","$","M","E","R","E","T","R","$","R","?","M","R","B",null,"M","M","?","M","$","R","?","E","T","M","R","?","M"],"character_chosen":"DEFECT","items_purchased":["Glacier","Go for the Eyes","Leap","Loop"],"campfire_rested":1,"item_purchase_floors":[4,4,4,11],"current_hp_per_floor":[56,45,37,37,37,46,46,24,24,24,24,24,24,24,24,22,66,63,62,50,35,35,59,59,41,41,26,26,4,0],"gold":83,"neow_bonus":"HUNDRED_GOLD","is_prod":false,"is_daily":false,"chose_seed":false,"campfire_upgraded":5,"win_rate":0,"timestamp":1548814951,"path_taken":["M","?","M","$","M","E","R","E","T","R","$","R","?","M","R","BOSS","M","M","?","M","?","R","?","E","T","M","R","?","M"],"build_version":"2019-01-17v2","purchased_purges":3,"victory":false,"max_hp_per_floor":[71,71,71,71,71,81,81,81,81,81,81,81,81,81,81,81,81,81,81,81,81,81,81,81,81,81,81,81,81,81],"card_choices":[{"not_picked":["Reprogram","BootSequence","Turbo"],"picked":"SKIP","floor":1.0},{"not_picked":["Beam Cell","Hologram"],"picked":"Compile Driver","floor":3.0},{"not_picked":["Redo","Tempest"],"picked":"Cold Snap","floor":5.0},{"not_picked":["All For One","FTL"],"picked":"Capacitor","floor":6.0},{"not_picked":["Rebound","Blizzard","Turbo"],"picked":"SKIP","floor":8.0},{"not_picked":["Go for the Eyes+1","Chaos","Steam"],"picked":"SKIP","floor":14.0},{"not_picked":["Lockon+1","Beam Cell+1"],"picked":"Conserve Battery","floor":18.0},{"not_picked":["Fusion+1","Chaos"],"picked":"Sweeping Beam+1","floor":19.0},{"not_picked":["Redo","Hologram"],"picked":"Echo Form","floor":21.0},{"not_picked":["Melter+1","Cold Snap+1"],"picked":"Reboot","floor":25},{"not_picked":["Steam","Lockon+1","Hologram"],"picked":"SKIP","floor":27}],"player_experience":1187343,"relics_obtained":[{"floor":6.0,"key":"Pear"},{"floor":8.0,"key":"Molten Egg 2"},{"floor":9.0,"key":"Symbiotic Virus"},{"floor":25,"key":"Lantern"},{"floor":26,"key":"Smiling Mask"},{"floor":29,"key":"Red Mask"}],"event_choices":[{"damage_healed":0.0,"max_hp_gain":0.0,"max_hp_loss":0.0,"gold_gain":75.0,"event_name":"World of Goop","player_choice":"Gather Gold","floor":2.0,"gold_loss":0.0,"damage_taken":11.0},{"damage_healed":0.0,"max_hp_gain":0.0,"max_hp_loss":0.0,"gold_gain":0.0,"event_name":"Lab","player_choice":"Got Potions","floor":13.0,"gold_loss":0.0,"damage_taken":0.0},{"damage_healed":0.0,"max_hp_gain":0.0,"max_hp_loss":0.0,"gold_gain":0.0,"event_name":"Wheel of Change","player_choice":"Damaged","floor":20.0,"gold_loss":0.0,"damage_taken":12.0},{"cards_removed":["Strike_B"],"damage_healed":0.0,"max_hp_gain":0.0,"max_hp_loss":0.0,"gold_gain":0.0,"event_name":"Back to Basics","player_choice":"Elegance","floor":24.0,"gold_loss":0.0,"damage_taken":0.0},{"damage_healed":0,"gold_gain":0,"player_choice":"Fought Bandits","damage_taken":0,"max_hp_gain":0,"max_hp_loss":0,"event_name":"Masked Bandits","floor":29,"gold_loss":0}],"is_beta":false,"boss_relics":[{"not_picked":["FrozenCore","Nuclear Battery"],"picked":"Inserter"}],"items_purged_floors":[4,11,22],"is_endless":false,"potions_floor_spawned":[1,18,19,21],"killed_by":"Centurion and Healer","ascension_level":15}