{"gold_per_floor":[111,61,61,61,61,88,88,107,107,134,147,147,179,189,189,293,293,313,313,300,146,164,493,393,393,393,20,36,36,36,51,51,151,151,171,171,185,35,55,85,85,119,142,168,188,199,199,215,215,215,215,215,40,69,69],"floor_reached":56,"playtime":4273,"items_purged":["Eruption","Strike_P","Strike_P","Defend_P","Defend_P"],"score":1770,"play_id":"3da08a81-be54-447d-afc0-08554337f4c0","local_time":"20190910154822","is_ascension_mode":true,"campfire_choices":[{"data":"Devotion","floor":7.0,"key":"SMITH"},{"data":"EmptyMind","floor":12.0,"key":"SMITH"},{"data":"DevaForm","floor":15.0,"key":"SMITH"},{"floor":25.0,"key":"REST"},{"data":"ClearTheMind","floor":32.0,"key":"SMITH"},{"data":"Fasting","floor":41.0,"key":"SMITH"},{"floor":47.0,"key":"RECALL"},{"data":"Adaptation","floor":49.0,"key":"SMITH"},{"data":"EmptyBody","floor":52.0,"key":"SMITH"}],"neow_cost":"NONE","seed_source_timestamp":2251213371268400,"circlet_count":0,"master_deck":["Defend_P","Vigilance+1","Fasting+1","EmptyBody+1","Devotion+1","ClearTheMind+1","DevaForm+1","EmptyMind+1","ForeignInfluence+1","Establishment","Adaptation+1","ThirdEye+1","Weave","SandsOfTime+1","Blasphemy+1","ClearTheMind+1","Meditate+1"],"special_seed":0,"relics":["PureWater","NeowsBlessing","Bag of Preparation","Bottled Lightning","Boot","Anchor","War Paint","VioletLotus","Old Coin","Gambling Chip","Toxic Egg 2","Philosopher\u0027s Stone","Kunai","Mango","Dream Catcher","Mummified Hand"],"potions_floor_usage":[55,55,55],"damage_taken":[{"damage":0.0,"enemies":"Jaw Worm","floor":1.0,"turns":1.0},{"damage":0.0,"enemies":"3 Sentries","floor":6.0,"turns":2.0},{"damage":0.0,"enemies":"Small Slimes","floor":8.0,"turns":1.0},{"damage":28.0,"enemies":"Gremlin Nob","floor":10.0,"turns":4.0},{"damage":5.0,"enemies":"Cultist","floor":11.0,"turns":5.0},{"damage":1.0,"enemies":"Lagavulin","floor":13.0,"turns":9.0},{"damage":16.0,"enemies":"Large Slime","floor":14.0,"turns":15.0},{"damage":0.0,"enemies":"The Guardian","floor":16.0,"turns":15.0},{"damage":4.0,"enemies":"Shell Parasite","floor":18.0,"turns":9.0},{"damage":10.0,"enemies":"2 Thieves","floor":20.0,"turns":5.0},{"damage":7.0,"enemies":"Snake Plant","floor":22.0,"turns":5.0},{"damage":42.0,"enemies":"Slavers","floor":23.0,"turns":6.0},{"damage":3.0,"enemies":"Sentry and Sphere","floor":28.0,"turns":11.0},{"damage":0.0,"enemies":"Centurion and Healer","floor":31.0,"turns":3.0},{"damage":0.0,"enemies":"Automaton","floor":33.0,"turns":4.0},{"damage":0.0,"enemies":"Orb Walker","floor":35.0,"turns":2.0},{"damage":0.0,"enemies":"3 Shapes","floor":37.0,"turns":3.0},{"damage":7.0,"enemies":"Sphere and 2 Shapes","floor":39.0,"turns":3.0},{"damage":0.0,"enemies":"Nemesis","floor":40.0,"turns":3.0},{"damage":0.0,"enemies":"Reptomancer","floor":42.0,"turns":1.0},{"damage":0.0,"enemies":"Giant Head","floor":44.0,"turns":4.0},{"damage":0.0,"enemies":"Spire Growth","floor":45.0,"turns":4.0},{"damage":0.0,"enemies":"3 Darklings","floor":46.0,"turns":2.0},{"damage":0.0,"enemies":"Transient","floor":48.0,"turns":5.0},{"damage":0.0,"enemies":"Awakened One","floor":50.0,"turns":4.0},{"damage":22.0,"enemies":"Shield and Spear","floor":54.0,"turns":3.0},{"damage":32,"enemies":"The Heart","floor":55,"turns":5}],"seed_played":"7625725881594475162","potions_obtained":[{"floor":1.0,"key":"SteroidPotion"},{"floor":6.0,"key":"Energy Potion"},{"floor":11.0,"key":"Poison Potion"},{"floor":13.0,"key":"Ancient Potion"},{"floor":14.0,"key":"Energy Potion"},{"floor":18.0,"key":"AttackPotion"},{"floor":20.0,"key":"SkillPotion"},{"floor":33.0,"key":"Ancient Potion"},{"floor":37.0,"key":"Energy Potion"},{"floor":45.0,"key":"StancePotion"},{"floor":46.0,"key":"DuplicationPotion"},{"floor":54.0,"key":"SpeedPotion"}],"is_trial":false,"path_per_floor":["M","?","?","?","$","E","R","M","T","E","M","R","E","M","R","B",null,"M","?","M","$","M","E","$","R","T","$","M","?","?","M","R","B",null,"M","?","M","$","M","E","R","E","T","E","M","M","R","M","R","B",null,"R","$","E","B",null],"character_chosen":"WATCHER","items_purchased":["Adaptation","Toxic Egg 2"],"campfire_rested":1,"item_purchase_floors":[21,27],"current_hp_per_floor":[65,65,58,58,58,58,58,58,58,30,25,25,24,8,8,8,65,61,65,55,55,48,6,6,25,25,25,22,22,22,22,22,22,65,65,65,65,65,58,58,58,72,72,72,72,72,72,72,72,72,79,79,79,57,25],"gold":69,"neow_bonus":"THREE_ENEMY_KILL","is_prod":false,"is_daily":false,"chose_seed":false,"campfire_upgraded":7,"win_rate":1,"timestamp":1568101702,"path_taken":["M","?","?","?","$","E","R","?","T","E","M","R","E","M","R","BOSS","M","?","M","$","M","E","?","R","T","$","M","?","?","M","R","BOSS","M","?","M","$","M","E","R","E","T","E","M","M","R","M","R","BOSS","R","$","E","BOSS"],"build_version":"2019-09-09v2","purchased_purges":5,"victory":true,"max_hp_per_floor":[65,65,65,65,65,65,65,65,65,65,65,65,65,65,65,65,65,65,65,65,65,65,65,65,65,65,65,65,65,65,65,65,65,65,65,65,65,65,65,65,65,79,79,79,79,79,79,79,79,79,79,79,79,79,79],"card_choices":[{"not_picked":["Tantrum","FlyingSleeves"],"picked":"Fasting","floor":1.0},{"not_picked":["CleanseEvil","Consecrate"],"picked":"Devotion","floor":6.0},{"not_picked":["Scrawl","EmptyBody"],"picked":"ClearTheMind","floor":8.0},{"not_picked":["Sanctity","JustLucky"],"picked":"DevaForm","floor":10.0},{"not_picked":["ForeignInfluence","DeceiveReality"],"picked":"EmptyMind","floor":11.0},{"not_picked":["EmptyBody","Swivel"],"picked":"ForeignInfluence","floor":13.0},{"not_picked":["ClearTheMind","Sanctity","Perseverance"],"picked":"SKIP","floor":14.0},{"not_picked":["Collect","EmptyBody"],"picked":"Establishment","floor":18.0},{"not_picked":["MentalFortress","Weave+1","CrushJoints"],"picked":"SKIP","floor":20.0},{"not_picked":["Adaptation","Worship","DeceiveReality+1"],"picked":"SKIP","floor":22.0},{"not_picked":["FollowUp","EmptyMind"],"picked":"ThirdEye+1","floor":23.0},{"not_picked":["Vengeance+1","EmptyBody+1"],"picked":"Weave","floor":28.0},{"not_picked":["Fasting","CrushJoints"],"picked":"SandsOfTime+1","floor":31.0},{"not_picked":["Alpha+1","Wallop"],"picked":"Blasphemy+1","floor":33.0},{"not_picked":["EmptyFist","Fasting+1","Weave"],"picked":"SKIP","floor":35.0},{"not_picked":["WindmillStrike+1","CrushJoints+1","EmptyFist+1"],"picked":"SKIP","floor":37.0},{"not_picked":["Tantrum","ClearTheMind+1","Scrawl+1"],"picked":"SKIP","floor":39.0},{"not_picked":["FollowUp","LessonLearned"],"picked":"ClearTheMind+1","floor":40.0},{"not_picked":["Pray+1","Swivel+1"],"picked":"Meditate+1","floor":42.0},{"not_picked":["CarveReality+1","Meditate+1","Wireheading+1"],"picked":"SKIP","floor":44.0},{"not_picked":["Tantrum","Meditate+1","Clarity+1"],"picked":"SKIP","floor":45.0},{"not_picked":["SpiritShield+1","Weave+1","Meditate+1"],"picked":"SKIP","floor":46.0},{"not_picked":["ThirdEye+1","Crescendo+1","Evaluate+1"],"picked":"SKIP","floor":48.0},{"not_picked":["Clarity+1","CrushJoints+1","Tantrum"],"picked":"SKIP","floor":54.0}],"player_experience":3239299,"relics_obtained":[{"floor":6.0,"key":"Bottled Lightning"},{"floor":9.0,"key":"Boot"},{"floor":10.0,"key":"Anchor"},{"floor":13.0,"key":"War Paint"},{"floor":23.0,"key":"Old Coin"},{"floor":26.0,"key":"Gambling Chip"},{"floor":40.0,"key":"Kunai"},{"floor":42.0,"key":"Mango"},{"floor":44.0,"key":"Dream Catcher"},{"floor":54.0,"key":"Mummified Hand"}],"event_choices":[{"cards_removed":["Strike_P"],"damage_healed":0.0,"max_hp_gain":0.0,"max_hp_loss":0.0,"gold_gain":0.0,"event_name":"The Cleric","player_choice":"Card Removal","floor":2.0,"gold_loss":50.0,"damage_taken":0.0},{"damage_healed":0.0,"max_hp_gain":0.0,"max_hp_loss":0.0,"gold_gain":0.0,"event_name":"Scrap Ooze","player_choice":"Success","floor":3.0,"gold_loss":0.0,"damage_taken":7.0,"relics_obtained":["Bag of Preparation"]},{"damage_healed":0.0,"max_hp_gain":0.0,"max_hp_loss":0.0,"gold_gain":0.0,"cards_transformed":["Strike_P"],"event_name":"Living Wall","player_choice":"Change","floor":4.0,"gold_loss":0.0,"damage_taken":0.0,"cards_obtained":["EmptyBody"]},{"damage_healed":4.0,"max_hp_gain":0.0,"max_hp_loss":0.0,"gold_gain":0.0,"event_name":"Wheel of Change","player_choice":"Full Heal","floor":19.0,"gold_loss":0.0,"damage_taken":0.0},{"cards_removed":["Defend_P"],"damage_healed":0.0,"max_hp_gain":0.0,"max_hp_loss":0.0,"gold_gain":0.0,"event_name":"Back to Basics","player_choice":"Elegance","floor":29.0,"gold_loss":0.0,"damage_taken":0.0},{"damage_healed":0.0,"max_hp_gain":0.0,"max_hp_loss":0.0,"gold_gain":0.0,"event_name":"Vampires","player_choice":"Ignored","floor":30.0,"gold_loss":0.0,"damage_taken":0.0},{"damage_healed":0.0,"max_hp_gain":0.0,"max_hp_loss":0.0,"gold_gain":0.0,"event_name":"Match and Keep!","player_choice":"0 cards matched","floor":36.0,"gold_loss":0.0,"damage_taken":0.0,"cards_obtained":[]}],"is_beta":true,"boss_relics":[{"not_picked":["Snecko Eye","Black Star"],"picked":"VioletLotus"},{"not_picked":["Velvet Choker","Astrolabe"],"picked":"Philosopher\u0027s Stone"}],"items_purged_floors":[21,24,27,38,53],"is_endless":false,"potions_floor_spawned":[1,6,11,13,14,18,20,22,33,37,45,46,48,54],"ascension_level":3}