{"gold_per_floor":[113,133,58,77,77,77,113,143,143,143,179,179,203,203,203,203],"floor_reached":16,"playtime":398,"items_purged":[],"score":216,"play_id":"7952d143-7496-4371-9f8d-d8b521b968ed","local_time":"20190813002216","is_ascension_mode":true,"campfire_choices":[{"data":"Bane","floor":6.0,"key":"SMITH"},{"data":"Deadly Poison","floor":10.0,"key":"SMITH"},{"data":"Dagger Spray","floor":12.0,"key":"SMITH"},{"floor":15.0,"key":"DIG"}],"neow_cost":"NONE","seed_source_timestamp":561759632260922,"circlet_count":0,"master_deck":["AscendersBane","Strike_G","Strike_G","Strike_G","Strike_G","Defend_G+1","Defend_G","Defend_G","Defend_G","Defend_G","Survivor","Neutralize","Deadly Poison+1","Bane+1","Dagger Spray+1","Tactician+1"],"special_seed":0,"relics":["Ring of the Snake","Golden Idol","Question Card","Shuriken","Happy Flower","Shovel","War Paint"],"potions_floor_usage":[],"damage_taken":[{"damage":4.0,"enemies":"Small Slimes","floor":1.0,"turns":4.0},{"damage":3.0,"enemies":"2 Louse","floor":2.0,"turns":3.0},{"damage":0.0,"enemies":"Jaw Worm","floor":4.0,"turns":5.0},{"damage":32.0,"enemies":"3 Sentries","floor":7.0,"turns":12.0},{"damage":3.0,"enemies":"Gremlin Nob","floor":11.0,"turns":3.0},{"damage":0.0,"enemies":"Looter","floor":13.0,"turns":4.0},{"damage":5,"enemies":"Slime Boss","floor":16,"turns":5}],"seed_played":"6366841019619895740","potions_obtained":[{"floor":0.0,"key":"SkillPotion"},{"floor":0.0,"key":"Strength Potion"},{"floor":7.0,"key":"GamblersBrew"}],"is_trial":false,"path_per_floor":["M","M","?","M","?","R","E","?","T","R","E","R","M","?","R","B"],"character_chosen":"THE_SILENT","items_purchased":[],"campfire_rested":0,"item_purchase_floors":[],"current_hp_per_floor":[55,52,52,52,52,52,20,20,20,20,17,17,17,6,6,1],"gold":203,"neow_bonus":"THREE_SMALL_POTIONS","is_prod":false,"is_daily":false,"chose_seed":false,"campfire_upgraded":3,"win_rate":0,"timestamp":1565623336,"path_taken":["M","M","?","M","?","R","E","?","T","R","E","R","?","?","R","BOSS"],"build_version":"2019-07-17","purchased_purges":0,"victory":false,"max_hp_per_floor":[66,66,66,66,60,60,60,60,60,60,60,60,60,60,60,60],"card_choices":[{"not_picked":["Bane","Prepared","Dodge and Roll"],"picked":"SKIP","floor":1.0},{"not_picked":["Underhanded Strike","Acrobatics"],"picked":"Deadly Poison","floor":2.0},{"not_picked":["Dagger Spray","Blade Dance"],"picked":"Bane","floor":4.0},{"not_picked":["Eviscerate","Setup","Flying Knee"],"picked":"SKIP","floor":7.0},{"not_picked":["Dagger Throw","PiercingWail","Flying Knee"],"picked":"Dagger Spray","floor":11.0},{"not_picked":["Outmaneuver","Blade Dance","PiercingWail"],"picked":"Tactician","floor":13.0}],"player_experience":869150,"relics_obtained":[{"floor":7.0,"key":"Question Card"},{"floor":9.0,"key":"Shuriken"},{"floor":11.0,"key":"Happy Flower"},{"floor":15.0,"key":"War Paint"}],"event_choices":[{"cards_removed":["Strike_G"],"damage_healed":0.0,"max_hp_gain":0.0,"max_hp_loss":0.0,"gold_gain":0.0,"event_name":"The Cleric","player_choice":"Card Removal","floor":3.0,"gold_loss":75.0,"damage_taken":0.0},{"damage_healed":0.0,"max_hp_gain":0.0,"max_hp_loss":6.0,"gold_gain":0.0,"event_name":"Golden Idol","player_choice":"Lose Max HP","floor":5.0,"gold_loss":0.0,"damage_taken":0.0,"relics_obtained":["Golden Idol"]},{"damage_healed":0.0,"max_hp_gain":0.0,"max_hp_loss":0.0,"gold_gain":30.0,"event_name":"Dead Adventurer","player_choice":"Searched \u00272\u0027 times","floor":8.0,"gold_loss":0.0,"damage_taken":0.0},{"damage_healed":0.0,"max_hp_gain":0.0,"max_hp_loss":0.0,"gold_gain":0.0,"event_name":"Scrap Ooze","player_choice":"Success","floor":14.0,"gold_loss":0.0,"damage_taken":11.0,"relics_obtained":["Shovel"]}],"is_beta":false,"boss_relics":[],"items_purged_floors":[],"is_endless":false,"potions_floor_spawned":[4,7],"killed_by":"Slime Boss","ascension_level":20}