{"gold_per_floor":[210,46,221,232,243,243,260,210,210,228,228,256,256,283,283,383,383,399,399,410,426,341,341,308,334,409,427,427,427,446,362,362,467,467,484,239,239,250,265,293,303,303,330,348,395,395,0,17,17,17],"floor_reached":51,"playtime":3520,"items_purged":["Strike_B"],"score":732,"play_id":"7167a98f-0886-4a30-84cd-5ec968809553","local_time":"20190918001207","is_ascension_mode":false,"campfire_choices":[{"data":"Defragment","floor":6,"key":"SMITH"},{"floor":11,"key":"REST"},{"floor":13,"key":"REST"},{"data":"Barrage","floor":15,"key":"SMITH"},{"floor":23,"key":"REST"},{"floor":32,"key":"REST"},{"floor":42,"key":"REST"},{"floor":49,"key":"REST"}],"neow_cost":"NONE","seed_source_timestamp":0,"circlet_count":0,"master_deck":["Strike_B","Defend_B","Defend_B","Defend_B","Defend_B","Zap","Dualcast","Cold Snap","Defragment+1","Turbo","Melter","Beam Cell","Glacier","FTL","Coolheaded","Barrage+1","Machine Learning","Sweeping Beam+1","Static Discharge","Chill","Loop","Go for the Eyes","Stack","Steam","Defragment","Hologram","Creative AI","Skim+1","Heatsinks","Streamline","Conserve Battery","Steam+1","Sunder+1","Madness","Madness","Rip and Tear"],"special_seed":0,"relics":["Cracked Core","Symbiotic Virus","Dodecahedron","Omamori","Philosopher\u0027s Stone","Bronze Scales","Orichalcum","Letter Opener","Darkstone Periapt","Fusion Hammer","Anchor","WarpedTongs","Matryoshka","Lantern","Potion Belt","Art of War","Vajra","Red Mask"],"potions_floor_usage":[12,20,25,27,33,39,39,41,50,50],"damage_taken":[{"damage":2,"enemies":"2 Louse","floor":1,"turns":3},{"damage":5,"enemies":"Small Slimes","floor":4,"turns":3},{"damage":4,"enemies":"Jaw Worm","floor":5,"turns":3},{"damage":15,"enemies":"Exordium Thugs","floor":7,"turns":5},{"damage":15,"enemies":"2 Fungi Beasts","floor":10,"turns":4},{"damage":15,"enemies":"3 Sentries","floor":12,"turns":7},{"damage":5,"enemies":"Gremlin Nob","floor":14,"turns":5},{"damage":4,"enemies":"The Guardian","floor":16,"turns":11},{"damage":9,"enemies":"Shell Parasite","floor":18,"turns":5},{"damage":6,"enemies":"3 Byrds","floor":20,"turns":5},{"damage":14,"enemies":"Snecko","floor":21,"turns":4},{"damage":30,"enemies":"Slavers","floor":25,"turns":5},{"damage":16,"enemies":"Snake Plant","floor":27,"turns":3},{"damage":2,"enemies":"Chosen and Byrds","floor":30,"turns":3},{"damage":27,"enemies":"Champ","floor":33,"turns":18},{"damage":1,"enemies":"3 Shapes","floor":35,"turns":7},{"damage":8,"enemies":"3 Darklings","floor":38,"turns":6},{"damage":7,"enemies":"Jaw Worm Horde","floor":39,"turns":5},{"damage":0,"enemies":"Nemesis","floor":40,"turns":11},{"damage":0,"enemies":"Transient","floor":41,"turns":5},{"damage":0,"enemies":"Maw","floor":44,"turns":10},{"damage":13,"enemies":"Spire Growth","floor":48,"turns":5},{"damage":24,"enemies":"Donu and Deca","floor":50,"turns":10}],"seed_played":"-6768233049184089768","potions_obtained":[{"floor":7,"key":"PowerPotion"},{"floor":10,"key":"SpeedPotion"},{"floor":14,"key":"FearPotion"},{"floor":16,"key":"AttackPotion"},{"floor":20,"key":"Strength Potion"},{"floor":27,"key":"Fire Potion"},{"floor":38,"key":"Dexterity Potion"},{"floor":40,"key":"Swift Potion"},{"floor":44,"key":"FocusPotion"},{"floor":48,"key":"Strength Potion"}],"is_trial":false,"path_per_floor":["M","$","?","M","M","R","M","?","T","M","R","E","R","E","R","B",null,"M","?","M","M","?","R","$","E","T","M","T","?","M","$","R","B",null,"M","$","?","M","M","E","M","R","T","M","T","?","?","M","R","B",null],"character_chosen":"DEFECT","items_purchased":["Defragment","Turbo","Loop","Defragment","Hologram","Heatsinks","Streamline","Anchor"],"campfire_rested":6,"item_purchase_floors":[2,2,24,31,31,36,36,36],"current_hp_per_floor":[73,73,73,68,64,64,49,49,49,34,56,41,63,58,58,54,75,66,66,60,46,46,68,68,38,38,22,22,22,20,20,42,15,75,74,74,74,66,59,59,59,75,75,75,75,66,66,53,75,51],"gold":17,"neow_bonus":"HUNDRED_GOLD","is_prod":false,"is_daily":false,"chose_seed":false,"campfire_upgraded":2,"win_rate":0,"timestamp":1568736727,"path_taken":["M","$","?","M","M","R","M","?","T","M","R","E","R","E","R","BOSS","M","?","M","M","?","R","?","E","T","?","?","?","?","$","R","BOSS","M","$","?","?","M","E","M","R","T","M","?","?","?","M","R","BOSS"],"build_version":"2019-07-17","purchased_purges":1,"victory":true,"max_hp_per_floor":[75,75,75,75,75,75,75,75,75,75,75,75,75,75,75,75,75,75,75,75,75,75,75,75,75,75,75,75,75,75,75,75,75,75,75,75,75,75,75,75,75,75,75,75,75,75,75,75,75,75],"card_choices":[{"not_picked":["Conserve Battery","Steam"],"picked":"Cold Snap","floor":1},{"not_picked":["Turbo","Auto Shields"],"picked":"Melter","floor":4},{"not_picked":["Storm","Rebound"],"picked":"Beam Cell","floor":5},{"not_picked":["Coolheaded","Redo"],"picked":"Glacier","floor":7},{"not_picked":["Tempest","Barrage"],"picked":"FTL","floor":10},{"not_picked":["Seek","Steam"],"picked":"Coolheaded","floor":12},{"not_picked":["Rebound","Aggregate"],"picked":"Barrage","floor":14},{"not_picked":["Biased Cognition","All For One"],"picked":"Machine Learning","floor":16},{"not_picked":["Gash","Leap"],"picked":"Sweeping Beam+1","floor":18},{"not_picked":["Heatsinks+1","Steam Power"],"picked":"Static Discharge","floor":20},{"not_picked":["Conserve Battery","Go for the Eyes+1"],"picked":"Chill","floor":21},{"not_picked":["Coolheaded","Force Field"],"picked":"Go for the Eyes","floor":25},{"not_picked":["Beam Cell","Cold Snap"],"picked":"Stack","floor":27},{"not_picked":["Turbo+1","Ball Lightning+1"],"picked":"Steam","floor":30},{"not_picked":["Amplify","Core Surge"],"picked":"Creative AI","floor":33},{"not_picked":["Compile Driver+1","Glacier+1"],"picked":"Skim+1","floor":35},{"not_picked":["Turbo","Compile Driver+1"],"picked":"Conserve Battery","floor":38},{"not_picked":["Streamline","Cold Snap","Aggregate+1"],"picked":"SKIP","floor":39},{"not_picked":["Rebound+1","Lockon+1"],"picked":"Steam+1","floor":40},{"not_picked":["Hyperbeam","Steam Power","Steam"],"picked":"SKIP","floor":41},{"not_picked":["Genetic Algorithm","Hologram+1"],"picked":"Sunder+1","floor":44},{"not_picked":["Aggregate","Coolheaded+1"],"picked":"Rip and Tear","floor":48}],"player_experience":384798,"relics_obtained":[{"floor":9,"key":"Symbiotic Virus"},{"floor":12,"key":"Dodecahedron"},{"floor":14,"key":"Omamori"},{"floor":25,"key":"Orichalcum"},{"floor":26,"key":"Letter Opener"},{"floor":28,"key":"Darkstone Periapt"},{"floor":40,"key":"Matryoshka"},{"floor":43,"key":"Lantern"},{"floor":43,"key":"Potion Belt"},{"floor":45,"key":"Art of War"},{"floor":45,"key":"Vajra"}],"event_choices":[{"damage_healed":0,"gold_gain":175,"player_choice":"AGREE","damage_taken":0,"max_hp_gain":0,"max_hp_loss":0,"event_name":"Liars Game","floor":3,"gold_loss":0,"cards_obtained":["Doubt"]},{"cards_removed":["Doubt"],"damage_healed":0,"gold_gain":0,"player_choice":"Card Removal","damage_taken":0,"max_hp_gain":0,"max_hp_loss":0,"event_name":"The Cleric","floor":8,"gold_loss":50},{"cards_removed":["Strike_B"],"damage_healed":0,"gold_gain":0,"player_choice":"Elegance","damage_taken":0,"max_hp_gain":0,"max_hp_loss":0,"event_name":"Back to Basics","floor":19,"gold_loss":0},{"damage_healed":0,"gold_gain":0,"player_choice":"Obtained Relic","damage_taken":0,"relics_obtained":["Bronze Scales"],"max_hp_gain":0,"max_hp_loss":0,"event_name":"Addict","floor":22,"gold_loss":85},{"cards_removed":["Strike_B"],"damage_healed":0,"gold_gain":0,"player_choice":"Purged","damage_taken":0,"max_hp_gain":0,"max_hp_loss":0,"event_name":"Purifier","floor":29,"gold_loss":0},{"damage_healed":0,"gold_gain":0,"player_choice":"Rummage","damage_taken":0,"relics_obtained":["WarpedTongs"],"max_hp_gain":0,"max_hp_loss":0,"event_name":"Accursed Blacksmith","floor":37,"gold_loss":0,"cards_obtained":["Pain"]},{"damage_healed":0,"gold_gain":0,"player_choice":"Embrace Madness","damage_taken":9,"max_hp_gain":0,"max_hp_loss":0,"event_name":"Winding Halls","floor":46,"gold_loss":0,"cards_obtained":["Madness","Madness"]},{"damage_healed":0,"gold_gain":0,"player_choice":"Paid","damage_taken":0,"relics_obtained":["Red Mask"],"max_hp_gain":0,"max_hp_loss":0,"event_name":"Tomb of Lord Red Mask","floor":47,"gold_loss":395}],"is_beta":false,"boss_relics":[{"not_picked":["Tiny House","Coffee Dripper"],"picked":"Philosopher\u0027s Stone"},{"not_picked":["Runic Dome","Astrolabe"],"picked":"Fusion Hammer"}],"items_purged_floors":[2],"is_endless":false,"potions_floor_spawned":[7,10,14,16,20,21,27,38,40,44,48],"ascension_level":0}