{"gold_per_floor":[110,110,35,51,51,51,70,70,70,101,101,114,143,93,93,170,170,181,81,91,91,91,91,107,107,189,204,236,267,267,366,366,444,444,457,679,754,769,383,383,400,400,400,400,428,278,278,23,23,23],"floor_reached":51,"playtime":2083,"items_purged":["Strike_P","Strike_P","Defend_P","Defend_P"],"score":1472,"play_id":"4e911b33-d1e2-49d5-91bf-07d68799bb69","local_time":"20190911193352","is_ascension_mode":true,"campfire_choices":[{"data":"EmptyFist","floor":6.0,"key":"SMITH"},{"data":"Evaluate","floor":8.0,"key":"SMITH"},{"data":"FlowState","floor":15.0,"key":"SMITH"},{"data":"Blasphemy","floor":23.0,"key":"SMITH"},{"data":"EmptyMind","floor":25.0,"key":"SMITH"},{"data":"MentalFortress","floor":30.0,"key":"SMITH"},{"floor":32.0,"key":"DIG"},{"floor":40.0,"key":"DIG"},{"data":"MentalFortress","floor":42.0,"key":"SMITH"},{"floor":44.0,"key":"DIG"},{"data":"1","floor":49.0,"key":"LIFT"}],"neow_cost":"PERCENT_DAMAGE","seed_source_timestamp":2355473024790600,"circlet_count":0,"master_deck":["AscendersBane","Eruption","Vigilance+1","Sanctity","EmptyFist+1","ClearTheMind","Evaluate+1","MentalFortress+1","Adaptation","FlowState+1","Blasphemy+1","EmptyMind+1","MentalFortress+1"],"special_seed":0,"relics":["PureWater","Unceasing Top","Shovel","Meat on the Bone","Pantograph","WingedGreaves","VioletLotus","Pear","Red Mask","Thread and Needle","Girya","Runic Pyramid","Mummified Hand","Bottled Lightning","Dodecahedron","Yang","MealTicket","Sundial"],"potions_floor_usage":[50,50],"damage_taken":[{"damage":0.0,"enemies":"2 Louse","floor":1.0,"turns":3.0},{"damage":0.0,"enemies":"Jaw Worm","floor":4.0,"turns":3.0},{"damage":0.0,"enemies":"Small Slimes","floor":7.0,"turns":3.0},{"damage":7.0,"enemies":"Lagavulin","floor":10.0,"turns":5.0},{"damage":0.0,"enemies":"2 Fungi Beasts","floor":12.0,"turns":4.0},{"damage":23.0,"enemies":"3 Sentries","floor":13.0,"turns":9.0},{"damage":7.0,"enemies":"Hexaghost","floor":16.0,"turns":9.0},{"damage":8.0,"enemies":"3 Byrds","floor":18.0,"turns":3.0},{"damage":12.0,"enemies":"Shell Parasite","floor":20.0,"turns":3.0},{"damage":3.0,"enemies":"Snake Plant","floor":24.0,"turns":2.0},{"damage":9.0,"enemies":"Snecko","floor":27.0,"turns":3.0},{"damage":5.0,"enemies":"Masked Bandits","floor":28.0,"turns":3.0},{"damage":0.0,"enemies":"Slavers","floor":29.0,"turns":2.0},{"damage":0.0,"enemies":"Collector","floor":33.0,"turns":2.0},{"damage":0.0,"enemies":"3 Darklings","floor":35.0,"turns":2.0},{"damage":0.0,"enemies":"3 Shapes","floor":38.0,"turns":2.0},{"damage":0.0,"enemies":"Maw","floor":41.0,"turns":1.0},{"damage":0.0,"enemies":"Giant Head","floor":45.0,"turns":3.0},{"damage":0,"enemies":"Time Eater","floor":50,"turns":6}],"seed_played":"6891634263676771514","potions_obtained":[{"floor":1.0,"key":"EntropicBrew"},{"floor":10.0,"key":"GamblersBrew"},{"floor":12.0,"key":"StancePotion"},{"floor":16.0,"key":"Energy Potion"},{"floor":20.0,"key":"Fire Potion"},{"floor":35.0,"key":"Dexterity Potion"},{"floor":38.0,"key":"AttackPotion"}],"is_trial":false,"path_per_floor":["M","?","$","M","T","R","M","R","T","E","T","M","E","?","R","B",null,"M","$","M","?","$","R","M","R","T","M","?","E","R","?","R","B",null,"M","?","?","M","$","R","M","R","T","R","E","$","?","$","R","B",null],"character_chosen":"WATCHER","items_purchased":["Mummified Hand","Sundial"],"campfire_rested":0,"item_purchase_floors":[39,48],"current_hp_per_floor":[40,28,28,28,28,28,28,28,28,21,21,33,22,22,22,40,56,48,48,36,71,71,71,68,68,78,69,64,64,64,64,64,81,81,81,81,73,73,73,73,73,73,73,73,73,81,81,81,81,81],"gold":23,"neow_bonus":"TRANSFORM_TWO_CARDS","is_prod":false,"is_daily":false,"chose_seed":false,"campfire_upgraded":7,"win_rate":0,"timestamp":1568201632,"path_taken":["M","?","$","M","?","R","M","R","T","E","?","?","E","?","R","BOSS","M","$","M","?","?","R","?","R","T","M","?","E","R","?","R","BOSS","M","?","?","?","$","R","M","R","T","R","E","$","?","$","R","BOSS"],"build_version":"2019-09-10","purchased_purges":4,"victory":true,"max_hp_per_floor":[61,61,61,61,61,61,61,61,61,61,61,61,61,61,61,61,61,61,61,61,71,71,71,71,71,81,81,81,81,81,81,81,81,81,81,81,81,81,81,81,81,81,81,81,81,81,81,81,81,81],"card_choices":[{"not_picked":["PathToVictory","Crescendo"],"picked":"EmptyFist","floor":1.0},{"not_picked":["ThirdEye","Crescendo"],"picked":"ClearTheMind","floor":4.0},{"not_picked":["Consecrate","Establishment"],"picked":"Evaluate","floor":7.0},{"not_picked":["Collect","ClearTheMind"],"picked":"MentalFortress","floor":10.0},{"not_picked":["EmptyBody","Prostrate"],"picked":"Adaptation","floor":12.0},{"not_picked":["FollowUp","StepAndStrike"],"picked":"FlowState","floor":13.0},{"not_picked":["Brilliance","MasterReality"],"picked":"Blasphemy","floor":16.0},{"not_picked":["CutThroughFate","MentalFortress","Fasting"],"picked":"SKIP","floor":18.0},{"not_picked":["Fasting","MentalFortress"],"picked":"EmptyMind","floor":20.0},{"not_picked":["Prostrate","Weave","Crescendo"],"picked":"SKIP","floor":24.0},{"not_picked":["WreathOfFlame","DeceiveReality","FlurryOfBlows"],"picked":"SKIP","floor":27.0},{"not_picked":["FlyingSleeves+1","Wireheading","SandsOfTime"],"picked":"SKIP","floor":29.0},{"not_picked":["Crescendo","FlyingSleeves","CarveReality"],"picked":"SKIP","floor":35.0},{"not_picked":["Weave+1","ClearTheMind","BattleHymn"],"picked":"SKIP","floor":38.0},{"not_picked":["ForeignInfluence","Adaptation"],"picked":"MentalFortress","floor":41.0},{"not_picked":["CutThroughFate","ClearTheMind","Ragnarok"],"picked":"SKIP","floor":45.0}],"player_experience":3275463,"relics_obtained":[{"floor":5.0,"key":"Unceasing Top"},{"floor":9.0,"key":"Shovel"},{"floor":10.0,"key":"Meat on the Bone"},{"floor":11.0,"key":"Pantograph"},{"floor":13.0,"key":"WingedGreaves"},{"floor":26.0,"key":"Pear"},{"floor":28.0,"key":"Red Mask"},{"floor":29.0,"key":"Thread and Needle"},{"floor":32.0,"key":"Girya"},{"floor":40.0,"key":"Bottled Lightning"},{"floor":43.0,"key":"Dodecahedron"},{"floor":44.0,"key":"Yang"},{"floor":45.0,"key":"MealTicket"}],"event_choices":[{"damage_healed":0.0,"max_hp_gain":0.0,"max_hp_loss":0.0,"gold_gain":0.0,"event_name":"Shining Light","player_choice":"Entered Light","floor":2.0,"gold_loss":0.0,"damage_taken":12.0,"cards_upgraded":["Vigilance","Defend_P"]},{"cards_removed":["Strike_P"],"damage_healed":0.0,"max_hp_gain":0.0,"max_hp_loss":0.0,"gold_gain":0.0,"event_name":"The Cleric","player_choice":"Card Removal","floor":14.0,"gold_loss":50.0,"damage_taken":0.0},{"cards_removed":["Alpha"],"damage_healed":25.0,"max_hp_gain":10.0,"max_hp_loss":0.0,"gold_gain":0.0,"event_name":"Bonfire Elementals","player_choice":"Offered Rare","floor":21.0,"gold_loss":0.0,"damage_taken":0.0},{"damage_healed":0.0,"max_hp_gain":0.0,"max_hp_loss":0.0,"gold_gain":0.0,"event_name":"Masked Bandits","player_choice":"Fought Bandits","floor":28.0,"gold_loss":0.0,"damage_taken":0.0},{"damage_healed":0.0,"max_hp_gain":0.0,"max_hp_loss":0.0,"gold_gain":99.0,"event_name":"Nest","player_choice":"Stole From Cult","floor":31.0,"gold_loss":0.0,"damage_taken":0.0},{"damage_healed":0.0,"max_hp_gain":0.0,"max_hp_loss":0.0,"gold_gain":222.0,"event_name":"Tomb of Lord Red Mask","player_choice":"Wore Mask","floor":36.0,"gold_loss":0.0,"damage_taken":0.0},{"damage_healed":0.0,"max_hp_gain":0.0,"max_hp_loss":0.0,"gold_gain":75.0,"event_name":"FaceTrader","player_choice":"Touch","floor":37.0,"gold_loss":0.0,"damage_taken":8.0},{"cards_removed":["Defend_P"],"damage_healed":0.0,"max_hp_gain":0.0,"max_hp_loss":0.0,"gold_gain":0.0,"event_name":"Falling","player_choice":"Removed Skill","floor":47.0,"gold_loss":0.0,"damage_taken":0.0}],"is_beta":true,"boss_relics":[{"not_picked":["Runic Dome","Cursed Key"],"picked":"VioletLotus"},{"not_picked":["Calling Bell","Fusion Hammer"],"picked":"Runic Pyramid"}],"items_purged_floors":[3,19,39,46],"is_endless":false,"potions_floor_spawned":[1,10,12,13,16,20,27,35,38],"ascension_level":14}