{"path_per_floor":["M","$","M","M","M","R","M","R","T","M","?","E","M","M","R","B",null,"M","?","?","$","?","R"],"character_chosen":"DEFECT","items_purchased":["Ball Lightning","Seek","Fruit Juice"],"gold_per_floor":[109,109,128,138,158,158,176,176,176,186,286,311,322,335,335,437,437,453,453,485,129,129,129,129],"floor_reached":24,"campfire_rested":1,"playtime":1201,"item_purchase_floors":[21,21,21],"current_hp_per_floor":[68,68,62,55,53,53,48,48,48,42,42,8,8,5,27,23,62,62,62,20,20,75,75,0],"items_purged":["Strike_B"],"gold":129,"score":257,"play_id":"80d0f1f3-748b-4243-b65d-fd4b082c043a","local_time":"20180608202119","is_prod":false,"is_daily":false,"chose_seed":false,"is_ascension_mode":true,"campfire_upgraded":3,"win_rate":0,"timestamp":1528482079,"campfire_choices":[{"data":"Dualcast","floor":6,"key":"SMITH"},{"data":"Sweeping Beam","floor":8,"key":"SMITH"},{"floor":15,"key":"REST"},{"data":"Defragment","floor":23,"key":"SMITH"}],"path_taken":["M","?","M","M","?","R","M","R","T","M","?","E","M","?","R","BOSS","M","?","?","$","?","R","E"],"build_version":"2018-06-07","seed_source_timestamp":12097425888415,"purchased_purges":1,"victory":false,"master_deck":["Strike_B","Strike_B","Strike_B","Defend_B","Defend_B","Defend_B","Defend_B","Zap+1","Dualcast+1","Sweeping Beam+1","Tempest","Turbo","Reboot","Defragment+1","Leap","Leap","Steam","Ball Lightning","Seek"],"max_hp_per_floor":[75,75,75,75,75,75,75,75,75,75,75,75,75,75,75,75,75,75,75,75,75,75,75,80],"relics":["Cracked Core","Oddly Smooth Stone","Bag of Marbles","Orrery","Red Mask"],"card_choices":[{"not_picked":["Conserve Battery","Cold Snap","Force Field"],"picked":"SKIP","floor":1},{"not_picked":["Darkness","Redo"],"picked":"Sweeping Beam","floor":3},{"not_picked":["Turbo","Stack","Streamline"],"picked":"SKIP","floor":4},{"not_picked":["Barrage","Hello World","Force Field"],"picked":"SKIP","floor":5},{"not_picked":["Cold Snap","Sweeping Beam","Scrape"],"picked":"SKIP","floor":7},{"not_picked":["Cold Snap","Compile Driver","Darkness"],"picked":"SKIP","floor":10},{"not_picked":["Storm","Beam Cell"],"picked":"Tempest","floor":12},{"not_picked":["Lockon","Recycle"],"picked":"Turbo","floor":13},{"not_picked":["Compile Driver","Rip and Tear","Gash"],"picked":"SKIP","floor":14},{"not_picked":["Machine Learning","Creative AI"],"picked":"Reboot","floor":16},{"not_picked":["Stack","Chill"],"picked":"Defragment","floor":17},{"not_picked":["Rip and Tear","Glacier"],"picked":"Leap","floor":17},{"not_picked":["Coolheaded","Redo"],"picked":"Self Repair","floor":17},{"not_picked":["Go for the Eyes","Auto Shields"],"picked":"Leap","floor":17},{"not_picked":["Rip and Tear+1","Sweeping Beam"],"picked":"Steam","floor":18}],"player_experience":816833,"potions_floor_usage":[12,16,16,16,16,16,18,24,24],"damage_taken":[{"damage":0,"enemies":"Cultist","floor":1,"turns":3},{"damage":6,"enemies":"Small Slimes","floor":3,"turns":4},{"damage":7,"enemies":"Jaw Worm","floor":4,"turns":3},{"damage":2,"enemies":"Looter","floor":5,"turns":3},{"damage":5,"enemies":"3 Louse","floor":7,"turns":3},{"damage":6,"enemies":"Exordium Thugs","floor":10,"turns":3},{"damage":34,"enemies":"Lagavulin","floor":12,"turns":6},{"damage":0,"enemies":"Looter","floor":13,"turns":2},{"damage":3,"enemies":"Blue Slaver","floor":14,"turns":3},{"damage":4,"enemies":"Slime Boss","floor":16,"turns":6},{"damage":0,"enemies":"3 Byrds","floor":18,"turns":3},{"damage":49,"floor":20,"turns":5},{"damage":86,"enemies":"Book of Stabbing","floor":24,"turns":7}],"relics_obtained":[{"floor":9,"key":"Oddly Smooth Stone"},{"floor":12,"key":"Bag of Marbles"},{"floor":20,"key":"Red Mask"}],"event_choices":[{"event_name":"Golden Shrine","player_choice":"Pray","floor":11,"damage_taken":0},{"event_name":"Ghosts","player_choice":"Ignored","floor":19,"damage_taken":0},{"event_name":"Masked Bandits","player_choice":"Fought over 453 gold","floor":20,"damage_taken":0},{"event_name":"Bonfire Elementals","player_choice":"UNCOMMON","floor":22,"damage_taken":0}],"boss_relics":[{"not_picked":["Runic Dome","Tiny House"],"picked":"Orrery"}],"items_purged_floors":[21],"potions_floor_spawned":[4,12,13,16,20],"seed_played":"1885882790230473681","killed_by":"Book of Stabbing","ascension_level":6,"potions_obtained":[{"floor":4,"key":"SpeedPotion"},{"floor":12,"key":"EssenceOfSteel"},{"floor":13,"key":"EntropicBrew"},{"floor":16,"key":"Explosive Potion"},{"floor":20,"key":"FocusPotion"}],"is_trial":false}