{"gold_per_floor":[110,125,141,154,1,30,30,50,50,5,19,0,0,0,0,95,145,162,261,277,277,42,42,52,52,76,90,120,120,137,156,156,156],"floor_reached":33,"playtime":2352,"items_purged":[],"score":269,"play_id":"d5cd501e-342a-49a8-b395-352118ed9d75","local_time":"20190806141313","is_ascension_mode":false,"campfire_choices":[{"floor":7,"key":"REST"},{"floor":13,"key":"DIG"},{"floor":15,"key":"REST"},{"floor":23,"key":"REST"},{"floor":25,"key":"REST"},{"floor":29,"key":"REST"},{"floor":32,"key":"REST"}],"neow_cost":"NONE","seed_source_timestamp":612238110816127,"circlet_count":0,"master_deck":["Strike_B","Strike_B","Strike_B","Defend_B","Defend_B","Defend_B","Defend_B","Zap","Dualcast","Streamline","Conserve Battery","Lockon","Redo","Undo","Lockon","Loop","Self Repair","Ball Lightning","Static Discharge","Core Surge+1","Conserve Battery","Ball Lightning","Lockon","Genetic Algorithm","Chaos","BootSequence+1","Conserve Battery+1","Stack","Streamline"],"relics":["Cracked Core","Mercury Hourglass","Shovel","Tiny House","Bronze Scales","Orichalcum","Gambling Chip"],"potions_floor_usage":[8,18,24,24,33],"damage_taken":[{"damage":4,"enemies":"Cultist","floor":1,"turns":4},{"damage":6,"enemies":"Jaw Worm","floor":2,"turns":3},{"damage":0,"enemies":"Small Slimes","floor":3,"turns":3},{"damage":8,"enemies":"Looter","floor":4,"turns":3},{"damage":21,"enemies":"3 Sentries","floor":6,"turns":8},{"damage":14,"enemies":"3 Louse","floor":8,"turns":3},{"damage":11,"enemies":"Red Slaver","floor":11,"turns":3},{"damage":53,"enemies":"Hexaghost","floor":16,"turns":8},{"damage":41,"enemies":"2 Thieves","floor":18,"turns":4},{"damage":20,"enemies":"Spheric Guardian","floor":20,"turns":4},{"damage":22,"enemies":"Centurion and Healer","floor":24,"turns":6},{"damage":23,"enemies":"Cultist and Chosen","floor":27,"turns":5},{"damage":22,"enemies":"Gremlin Leader","floor":28,"turns":6},{"damage":23,"enemies":"Shelled Parasite and Fungi","floor":30,"turns":6},{"damage":17,"enemies":"Centurion and Healer","floor":31,"turns":8},{"damage":93,"enemies":"Automaton","floor":33,"turns":10}],"seed_played":"6606355626282622567","potions_obtained":[{"floor":4,"key":"Regen Potion"},{"floor":6,"key":"Poison Potion"},{"floor":11,"key":"FairyPotion"},{"floor":17,"key":"AttackPotion"},{"floor":18,"key":"EssenceOfSteel"},{"floor":30,"key":"Block Potion"}],"is_trial":false,"path_per_floor":["M","M","M","M","$","E","R","M","T","$","M","?","R","?","R","B",null,"M","?","M","?","$","R","M","R","T","M","E","R","M","M","R","B"],"character_chosen":"DEFECT","items_purchased":["Undo","Lockon","Ball Lightning","Bronze Scales","Genetic Algorithm"],"campfire_rested":6,"item_purchase_floors":[5,5,10,22,22],"current_hp_per_floor":[78,72,72,64,64,43,67,58,58,58,54,54,54,54,78,25,87,53,53,33,33,33,59,44,70,70,54,39,65,49,39,65,0],"gold":156,"neow_bonus":"TEN_PERCENT_HP_BONUS","is_prod":false,"is_daily":false,"chose_seed":false,"campfire_upgraded":0,"win_rate":0,"timestamp":1565125993,"path_taken":["M","M","M","M","$","E","R","M","T","?","M","?","R","?","R","BOSS","M","?","M","?","$","R","M","R","T","M","E","R","?","M","R","BOSS"],"build_version":"2019-07-17","purchased_purges":0,"victory":false,"max_hp_per_floor":[82,82,82,82,82,82,82,82,82,82,82,82,82,82,82,82,87,87,87,87,87,87,87,87,87,87,87,87,87,87,87,87,87],"card_choices":[{"not_picked":["Beam Cell","Gash"],"picked":"Streamline","floor":1},{"not_picked":["Coolheaded","Sunder"],"picked":"Conserve Battery","floor":2},{"not_picked":["Compile Driver","Sunder"],"picked":"Lockon","floor":3},{"not_picked":["Recycle","Double Energy"],"picked":"Redo","floor":4},{"not_picked":["Coolheaded","Reboot"],"picked":"Loop","floor":6},{"not_picked":["Stack","Barrage"],"picked":"Self Repair","floor":8},{"not_picked":["Hologram","Go for the Eyes"],"picked":"Static Discharge","floor":11},{"not_picked":["All For One","Creative AI"],"picked":"Core Surge","floor":16},{"not_picked":["Beam Cell","Coolheaded"],"picked":"Conserve Battery","floor":17},{"not_picked":["Steam","Cold Snap+1"],"picked":"Ball Lightning","floor":18},{"not_picked":["Scrape","Ball Lightning"],"picked":"Lockon","floor":20},{"not_picked":["Double Energy","Rebound"],"picked":"Chaos","floor":24},{"not_picked":["Compile Driver+1","Rebound+1"],"picked":"BootSequence+1","floor":27},{"not_picked":["Turbo","FTL"],"picked":"Conserve Battery+1","floor":28},{"not_picked":["Turbo+1","Barrage"],"picked":"Stack","floor":30},{"not_picked":["Cold Snap","Chaos"],"picked":"Streamline","floor":31}],"player_experience":346675,"relics_obtained":[{"floor":6,"key":"Mercury Hourglass"},{"floor":9,"key":"Shovel"},{"floor":26,"key":"Orichalcum"},{"floor":28,"key":"Gambling Chip"}],"event_choices":[{"damage_healed":0,"gold_gain":0,"player_choice":"Left Gold","damage_taken":0,"max_hp_gain":0,"max_hp_loss":0,"event_name":"World of Goop","floor":12,"gold_loss":19},{"damage_healed":0,"gold_gain":0,"player_choice":"Ignored","damage_taken":0,"max_hp_gain":0,"max_hp_loss":0,"event_name":"Liars Game","floor":14,"gold_loss":0},{"damage_healed":0,"gold_gain":99,"player_choice":"Stole From Cult","damage_taken":0,"max_hp_gain":0,"max_hp_loss":0,"event_name":"Nest","floor":19,"gold_loss":0},{"cards_removed":["Strike_B"],"damage_healed":0,"gold_gain":0,"player_choice":"Offered Basic","damage_taken":0,"max_hp_gain":0,"max_hp_loss":0,"event_name":"Bonfire Elementals","floor":21,"gold_loss":0}],"is_beta":false,"boss_relics":[{"not_picked":["Coffee Dripper","FrozenCore"],"picked":"Tiny House"}],"items_purged_floors":[],"is_endless":false,"potions_floor_spawned":[4,6,11,18,30],"killed_by":"Automaton","ascension_level":0}