{"gold_per_floor":[109,125,79,29,48,67,18,18,18,18,18,18,54,70,70,200,200,218,91,107,126,36,36,51,51,51,74,74,74,105,130,130,130],"floor_reached":33,"playtime":1715,"items_purged":["Strike_R"],"score":292,"play_id":"bd62de54-327b-4721-a32f-39323c68a679","local_time":"20190916225816","is_ascension_mode":false,"campfire_choices":[{"data":"Panacea","floor":8,"key":"SMITH"},{"data":"Cleave","floor":12,"key":"SMITH"},{"floor":15,"key":"REST"},{"data":"Infernal Blade","floor":23,"key":"SMITH"},{"data":"Strike_R","floor":28,"key":"PURGE"},{"data":"Fiend Fire","floor":32,"key":"SMITH"}],"neow_cost":"NONE","seed_source_timestamp":1748181294032900,"circlet_count":0,"master_deck":["Strike_R","Defend_R","Defend_R+1","Defend_R","Defend_R","Bash","Panacea+1","Cleave","Clash","Clash","Cleave+1","Sword Boomerang","Infernal Blade+1","Clash","Fiend Fire+1","Dropkick","Armaments+1","Flex","Clash","Anger+1"],"relics":["Burning Blood","Pen Nib","Golden Idol","Paper Frog","Coffee Dripper","MutagenicStrength","Peace Pipe","Juzu Bracelet","Boot"],"potions_floor_usage":[16,16,16,33,33],"damage_taken":[{"damage":1,"enemies":"Cultist","floor":1,"turns":4},{"damage":0,"enemies":"Small Slimes","floor":2,"turns":3},{"damage":7,"enemies":"Jaw Worm","floor":5,"turns":3},{"damage":11,"enemies":"Large Slime","floor":6,"turns":4},{"damage":28,"enemies":"Gremlin Nob","floor":13,"turns":4},{"damage":1,"enemies":"2 Fungi Beasts","floor":14,"turns":2},{"damage":56,"enemies":"Hexaghost","floor":16,"turns":9},{"damage":5,"enemies":"Chosen","floor":18,"turns":3},{"damage":25,"enemies":"Shell Parasite","floor":20,"turns":4},{"damage":11,"enemies":"Snake Plant","floor":21,"turns":2},{"damage":20,"enemies":"Centurion and Healer","floor":24,"turns":4},{"damage":0,"enemies":"3 Cultists","floor":27,"turns":3},{"damage":22,"enemies":"Gremlin Leader","floor":30,"turns":4},{"damage":15,"enemies":"Chosen and Byrds","floor":31,"turns":3},{"damage":34,"enemies":"Collector","floor":33,"turns":3}],"seed_played":"-2700410298789261495","potions_obtained":[{"floor":1,"key":"LiquidBronze"},{"floor":6,"key":"FearPotion"},{"floor":18,"key":"Dexterity Potion"},{"floor":24,"key":"Ancient Potion"},{"floor":30,"key":"Fire Potion"},{"floor":31,"key":"FairyPotion"}],"is_trial":false,"path_per_floor":["M","M","$","?","M","M","$","R","T","?","?","R","E","M","R","B",null,"M","$","M","M","?","R","M","?","T","M","R","T","E","M","R","B"],"character_chosen":"IRONCLAD","items_purchased":["Clash","Block Potion","Poison Potion"],"campfire_rested":1,"item_purchase_floors":[3,7,19],"current_hp_per_floor":[80,80,80,80,79,74,74,74,74,54,54,54,32,37,61,11,80,80,80,61,56,56,56,42,42,42,48,48,48,32,23,23,0],"gold":130,"neow_bonus":"RANDOM_COLORLESS","is_prod":false,"is_daily":false,"chose_seed":false,"campfire_upgraded":4,"win_rate":0.0,"timestamp":1568689096,"path_taken":["M","M","?","?","M","M","?","R","T","?","?","R","E","M","R","BOSS","M","$","M","M","?","R","?","?","T","M","R","?","E","M","R","BOSS"],"build_version":"2019-07-17","purchased_purges":1,"victory":false,"max_hp_per_floor":[80,80,80,80,80,80,80,80,80,80,80,80,80,80,80,80,80,80,80,80,80,80,80,80,80,80,80,80,80,80,80,80,80],"card_choices":[{"not_picked":["Perfected Strike","Iron Wave"],"picked":"Cleave","floor":1},{"not_picked":["Second Wind","True Grit"],"picked":"Clash","floor":2},{"not_picked":["Warcry","Intimidate"],"picked":"Cleave","floor":5},{"not_picked":["Rage","Burning Pact"],"picked":"Sword Boomerang","floor":6},{"not_picked":["Anger","Flex"],"picked":"Infernal Blade","floor":13},{"not_picked":["Warcry","Barricade"],"picked":"Clash","floor":14},{"not_picked":["Juggernaut","Offering"],"picked":"Fiend Fire","floor":16},{"not_picked":["Shrug It Off","True Grit+1"],"picked":"Dropkick","floor":18},{"not_picked":["Hemokinesis","Warcry","Anger"],"picked":"SKIP","floor":20},{"not_picked":["Heavy Blade","Iron Wave"],"picked":"Armaments+1","floor":21},{"not_picked":["Combust","Reckless Charge"],"picked":"Flex","floor":24},{"not_picked":["Whirlwind","Heavy Blade"],"picked":"Clash","floor":27},{"not_picked":["Rampage","Dark Embrace","Clothesline+1"],"picked":"SKIP","floor":30},{"not_picked":["Sever Soul","Perfected Strike"],"picked":"Anger+1","floor":31}],"player_experience":8770,"relics_obtained":[{"floor":9,"key":"Pen Nib"},{"floor":13,"key":"Paper Frog"},{"floor":26,"key":"Peace Pipe"},{"floor":29,"key":"Juzu Bracelet"},{"floor":30,"key":"Boot"}],"event_choices":[{"cards_removed":["Strike_R"],"damage_healed":0,"gold_gain":0,"player_choice":"Card Removal","damage_taken":0,"max_hp_gain":0,"max_hp_loss":0,"event_name":"The Cleric","floor":4,"gold_loss":50},{"damage_healed":0,"gold_gain":0,"player_choice":"Take Damage","damage_taken":20,"relics_obtained":["Golden Idol"],"max_hp_gain":0,"max_hp_loss":0,"event_name":"Golden Idol","floor":10,"gold_loss":0},{"damage_healed":0,"gold_gain":0,"player_choice":"Ignored","damage_taken":0,"max_hp_gain":0,"max_hp_loss":0,"event_name":"Liars Game","floor":11,"gold_loss":0},{"cards_removed":["Strike_R"],"damage_healed":0,"gold_gain":0,"player_choice":"Upgrade and Remove","damage_taken":0,"max_hp_gain":0,"max_hp_loss":0,"event_name":"Designer","floor":22,"gold_loss":90,"cards_upgraded":["Defend_R"]},{"damage_healed":0,"gold_gain":0,"player_choice":"Inject Mutagens","damage_taken":0,"relics_obtained":["MutagenicStrength"],"max_hp_gain":0,"max_hp_loss":0,"event_name":"Drug Dealer","floor":25,"gold_loss":0}],"is_beta":false,"boss_relics":[{"not_picked":["Astrolabe","Mark of Pain"],"picked":"Coffee Dripper"}],"items_purged_floors":[19],"is_endless":false,"potions_floor_spawned":[1,6,14,18,24,30,31],"killed_by":"Collector","ascension_level":0}