{"gold_per_floor":[135,175,235,265,57,57,123,141,141,171,171,171,171,77,77,153,153,190,240,240,290,303,356,356,406,406,442,493,493,548,584,584,685,685,724,849,890,977,977,1005,674,725,796,796,853,870,903,903,903,903,903,903,903,7,67,67],"floor_reached":58,"playtime":2902,"items_purged":["Strike_G","Defend_G","Escape Plan"],"score":3906,"play_id":"d3e0e647-9d83-4fe1-8429-7c8fed177bb5","local_time":"20190811075126","is_ascension_mode":true,"campfire_choices":[{"data":"HandOfGreed","floor":6.0,"key":"SMITH"},{"data":"Calculated Gamble","floor":13.0,"key":"SMITH"},{"data":"Purity","floor":15.0,"key":"SMITH"},{"data":"Tactician","floor":24.0,"key":"SMITH"},{"data":"Acrobatics","floor":29.0,"key":"SMITH"},{"data":"Impatience","floor":32.0,"key":"SMITH"},{"floor":45.0,"key":"RECALL"},{"data":"Backflip","floor":50.0,"key":"SMITH"},{"data":"Grand Finale","floor":54.0,"key":"SMITH"}],"neow_cost":"PERCENT_DAMAGE","seed_source_timestamp":411536936901683,"circlet_count":0,"master_deck":["AscendersBane","Defend_G","Defend_G","Defend_G","Defend_G","Survivor","Neutralize","HandOfGreed+1","Purity+1","Escape Plan+1","Calculated Gamble+1","Grand Finale+1","Acrobatics+1","Expertise+1","Impatience+1","Tactician+1","Backflip+1","Prepared+1","Noxious Fumes+1","Concentrate+1","Deflect+1"],"special_seed":0,"relics":["Ring of the Snake","Shuriken","Pantograph","HoveringKite","Red Mask","Happy Flower","Molten Egg 2","Centennial Puzzle","Question Card","Astrolabe","Incense Burner","Sundial","OrangePellets","Vajra","Snake Skull","PreservedInsect","Bronze Scales","Dodecahedron","Toolbox","Tough Bandages"],"potions_floor_usage":[57],"damage_taken":[{"damage":0.0,"enemies":"Cultist","floor":1.0,"turns":3.0},{"damage":8.0,"enemies":"Jaw Worm","floor":2.0,"turns":7.0},{"damage":1.0,"enemies":"Small Slimes","floor":3.0,"turns":3.0},{"damage":8.0,"enemies":"Blue Slaver","floor":4.0,"turns":5.0},{"damage":2.0,"enemies":"2 Fungi Beasts","floor":7.0,"turns":3.0},{"damage":4.0,"enemies":"Large Slime","floor":8.0,"turns":3.0},{"damage":0.0,"enemies":"Gremlin Nob","floor":10.0,"turns":2.0},{"damage":12.0,"enemies":"Hexaghost","floor":16.0,"turns":7.0},{"damage":0.0,"enemies":"Chosen","floor":18.0,"turns":2.0},{"damage":0.0,"enemies":"Masked Bandits","floor":19.0,"turns":2.0},{"damage":0.0,"enemies":"2 Thieves","floor":22.0,"turns":2.0},{"damage":0.0,"enemies":"Slavers","floor":23.0,"turns":1.0},{"damage":0.0,"enemies":"Gremlin Leader","floor":25.0,"turns":3.0},{"damage":16.0,"enemies":"Snake Plant","floor":27.0,"turns":5.0},{"damage":0.0,"enemies":"Slavers","floor":28.0,"turns":1.0},{"damage":0.0,"enemies":"Book of Stabbing","floor":30.0,"turns":3.0},{"damage":4.0,"enemies":"Shelled Parasite and Fungi","floor":31.0,"turns":4.0},{"damage":0.0,"enemies":"Collector","floor":33.0,"turns":3.0},{"damage":0.0,"enemies":"Orb Walker","floor":36.0,"turns":2.0},{"damage":0.0,"enemies":"Mind Bloom Boss Battle","floor":37.0,"turns":2.0},{"damage":0.0,"enemies":"3 Darklings","floor":38.0,"turns":1.0},{"damage":0.0,"enemies":"Jaw Worm Horde","floor":39.0,"turns":1.0},{"damage":0.0,"enemies":"Nemesis","floor":41.0,"turns":5.0},{"damage":0.0,"enemies":"Giant Head","floor":43.0,"turns":1.0},{"damage":0.0,"enemies":"Reptomancer","floor":46.0,"turns":2.0},{"damage":0.0,"enemies":"Sphere and 2 Shapes","floor":47.0,"turns":1.0},{"damage":0.0,"enemies":"Nemesis","floor":48.0,"turns":1.0},{"damage":0.0,"enemies":"Awakened One","floor":51.0,"turns":3.0},{"damage":59.0,"enemies":"Time Eater","floor":52.0,"turns":9.0},{"damage":5.0,"enemies":"Shield and Spear","floor":56.0,"turns":2.0},{"damage":0,"enemies":"The Heart","floor":57,"turns":4}],"seed_played":"-1481786228015549845","potions_obtained":[{"floor":1.0,"key":"Energy Potion"},{"floor":16.0,"key":"LiquidBronze"},{"floor":19.0,"key":"Energy Potion"},{"floor":22.0,"key":"FearPotion"},{"floor":25.0,"key":"Regen Potion"},{"floor":27.0,"key":"PowerPotion"},{"floor":33.0,"key":"AttackPotion"},{"floor":43.0,"key":"Fruit Juice"},{"floor":46.0,"key":"EssenceOfSteel"},{"floor":47.0,"key":"LiquidBronze"}],"is_trial":false,"path_per_floor":["M","M","M","M","$","R","M","M","T","E","?","?","R","$","R","B",null,"M","?","?","?","M","E","R","E","T","M","E","R","E","M","R","B",null,"M","?","M","M","?","E","$","E","T","R","E","M","E","?","R","B","B",null,"R","$","E","B",null],"character_chosen":"THE_SILENT","items_purchased":["Grand Finale","Swift Potion","Impatience","OrangePellets","Bronze Scales","Dodecahedron","Toolbox","Energy Potion","PowerPotion"],"campfire_rested":0,"item_purchase_floors":[5,5,14,42,55,55,55,55,55],"current_hp_per_floor":[44,36,35,27,27,27,25,21,21,21,1,1,1,1,1,14,53,53,53,53,53,53,53,53,53,53,51,51,51,51,47,47,66,66,66,66,66,66,66,66,66,71,71,71,71,71,71,71,71,71,12,56,56,56,51,71],"gold":67,"neow_bonus":"RANDOM_COLORLESS_2","is_prod":false,"is_daily":false,"chose_seed":false,"campfire_upgraded":8,"win_rate":0,"timestamp":1565477486,"path_taken":["M","M","M","M","$","R","M","M","T","E","?","?","R","$","R","BOSS","M","?","?","?","M","E","R","E","T","M","E","R","E","M","R","BOSS","M","?","M","M","?","E","$","E","T","R","E","M","E","?","R","BOSS","BOSS","R","$","E","BOSS"],"build_version":"2019-07-17","purchased_purges":3,"victory":true,"max_hp_per_floor":[66,66,66,66,66,66,66,66,66,66,66,66,66,66,66,66,66,66,66,66,66,66,66,66,66,66,66,66,66,66,66,66,66,66,66,66,66,66,66,66,66,71,71,71,71,71,71,71,71,71,71,71,71,71,71,71],"card_choices":[{"not_picked":["Cloak And Dagger","Catalyst"],"picked":"Escape Plan","floor":1.0},{"not_picked":["Backstab","Blade Dance"],"picked":"Calculated Gamble","floor":2.0},{"not_picked":["Flying Knee","Dagger Throw","Sucker Punch"],"picked":"SKIP","floor":3.0},{"not_picked":["All Out Attack","Concentrate","Slice"],"picked":"SKIP","floor":4.0},{"not_picked":["All Out Attack","Concentrate","Slice"],"picked":"SKIP","floor":4.0},{"not_picked":["Backstab","Skewer"],"picked":"Acrobatics","floor":7.0},{"not_picked":["Dagger Spray","All Out Attack"],"picked":"Expertise","floor":8.0},{"not_picked":["Corpse Explosion","Underhanded Strike","Poisoned Stab"],"picked":"SKIP","floor":10.0},{"not_picked":["Flying Knee","Crippling Poison","Leg Sweep"],"picked":"SKIP","floor":18.0},{"not_picked":["Footwork","Concentrate","Calculated Gamble"],"picked":"SKIP","floor":22.0},{"not_picked":["Footwork","Concentrate","Calculated Gamble"],"picked":"SKIP","floor":22.0},{"not_picked":["Footwork","Concentrate","Calculated Gamble"],"picked":"SKIP","floor":22.0},{"not_picked":["Outmaneuver","Caltrops"],"picked":"Backflip","floor":23.0},{"not_picked":["Quick Slash","Underhanded Strike","Blade Dance"],"picked":"SKIP","floor":25.0},{"not_picked":["Skewer+1","Storm of Steel"],"picked":"Prepared+1","floor":27.0},{"not_picked":["Dagger Throw+1","Leg Sweep","Flying Knee+1"],"picked":"SKIP","floor":28.0},{"not_picked":["Catalyst","Dagger Throw+1","Heel Hook+1"],"picked":"SKIP","floor":30.0},{"not_picked":["Prepared","All Out Attack+1","Acrobatics","Riddle With Holes+1"],"picked":"SKIP","floor":31.0},{"not_picked":["Flying Knee+1","Accuracy","Distraction","PiercingWail"],"picked":"SKIP","floor":36.0},{"not_picked":["Flying Knee+1","Accuracy","Distraction","PiercingWail"],"picked":"SKIP","floor":36.0},{"not_picked":["Dagger Throw+1","Deflect","Tactician","Escape Plan"],"picked":"SKIP","floor":38.0},{"not_picked":["Dagger Throw+1","Deflect","Tactician"],"picked":"Escape Plan","floor":38.0},{"not_picked":["Cloak And Dagger","Flying Knee+1","Slice+1","Expertise"],"picked":"SKIP","floor":39.0},{"not_picked":["Eviscerate+1","Tools of the Trade","Poisoned Stab+1","Acrobatics"],"picked":"SKIP","floor":41.0},{"not_picked":["Outmaneuver","Dodge and Roll","Terror+1","Backstab+1"],"picked":"SKIP","floor":43.0},{"not_picked":["Eviscerate+1","Prepared","Flying Knee+1","Setup"],"picked":"SKIP","floor":46.0},{"not_picked":["Flying Knee+1","Tactician","Venomology","Accuracy+1"],"picked":"SKIP","floor":47.0},{"not_picked":["Outmaneuver","Bouncing Flask","Cloak And Dagger","Quick Slash+1"],"picked":"SKIP","floor":48.0},{"not_picked":["Slice+1","Blade Dance","Accuracy","Sucker Punch+1"],"picked":"SKIP","floor":56.0}],"player_experience":848524,"relics_obtained":[{"floor":9.0,"key":"Shuriken"},{"floor":10.0,"key":"Pantograph"},{"floor":19.0,"key":"Red Mask"},{"floor":23.0,"key":"Happy Flower"},{"floor":26.0,"key":"Molten Egg 2"},{"floor":28.0,"key":"Centennial Puzzle"},{"floor":30.0,"key":"Question Card"},{"floor":37.0,"key":"Incense Burner"},{"floor":41.0,"key":"Sundial"},{"floor":43.0,"key":"Vajra"},{"floor":46.0,"key":"Snake Skull"},{"floor":48.0,"key":"PreservedInsect"},{"floor":56.0,"key":"Tough Bandages"}],"event_choices":[{"damage_healed":0.0,"max_hp_gain":0.0,"max_hp_loss":0.0,"gold_gain":0.0,"event_name":"Shining Light","player_choice":"Entered Light","floor":11.0,"gold_loss":0.0,"damage_taken":20.0,"cards_upgraded":["Expertise","Escape Plan"]},{"cards_removed":["Strike_G"],"damage_healed":0.0,"max_hp_gain":0.0,"max_hp_loss":0.0,"gold_gain":0.0,"event_name":"Living Wall","player_choice":"Forget","floor":12.0,"gold_loss":0.0,"damage_taken":0.0},{"damage_healed":0.0,"max_hp_gain":0.0,"max_hp_loss":0.0,"gold_gain":0.0,"event_name":"Masked Bandits","player_choice":"Fought Bandits","floor":19.0,"gold_loss":0.0,"damage_taken":0.0},{"damage_healed":0.0,"max_hp_gain":0.0,"max_hp_loss":0.0,"gold_gain":0.0,"event_name":"The Library","player_choice":"Read","floor":20.0,"gold_loss":0.0,"damage_taken":0.0,"cards_obtained":["Tactician"]},{"damage_healed":0.0,"max_hp_gain":0.0,"max_hp_loss":0.0,"gold_gain":50.0,"event_name":"Nest","player_choice":"Stole From Cult","floor":21.0,"gold_loss":0.0,"damage_taken":0.0},{"damage_healed":0.0,"max_hp_gain":0.0,"max_hp_loss":0.0,"gold_gain":0.0,"event_name":"MindBloom","player_choice":"Fight","floor":37.0,"gold_loss":0.0,"damage_taken":0.0},{"damage_healed":0.0,"max_hp_gain":0.0,"max_hp_loss":0.0,"gold_gain":0.0,"event_name":"SensoryStone","player_choice":"Memory 1","floor":40.0,"gold_loss":0.0,"damage_taken":0.0},{"damage_healed":0.0,"max_hp_gain":0.0,"max_hp_loss":0.0,"gold_gain":0.0,"event_name":"Lab","player_choice":"Got Potions","floor":49.0,"gold_loss":0.0,"damage_taken":0.0}],"is_beta":false,"boss_relics":[{"not_picked":["Ectoplasm","Velvet Choker"],"picked":"HoveringKite"},{"not_picked":["Busted Crown","Coffee Dripper"],"picked":"Astrolabe"}],"items_purged_floors":[5,42,55],"is_endless":false,"potions_floor_spawned":[1,7,16,19,22,23,25,27,33,36,37,43,46,47],"ascension_level":20}