{"gold_per_floor":[113,131,3,16,30,30,43,76,76,76,76,100,100,125,125,223,223,248,248,173,41,64,64],"floor_reached":23,"playtime":676,"items_purged":["Strike_G"],"score":386,"play_id":"5d37b3e1-b674-4124-b1c8-af09351b842b","local_time":"20190813093525","is_ascension_mode":true,"campfire_choices":[{"data":"Predator","floor":6.0,"key":"SMITH"},{"floor":15.0,"key":"REST"}],"neow_cost":"TEN_PERCENT_HP_LOSS","seed_source_timestamp":0,"circlet_count":0,"master_deck":["AscendersBane","Strike_G+1","Defend_G","Defend_G","Defend_G","Defend_G","Survivor","Neutralize","Predator+1","Footwork","Adrenaline","Phantasmal Killer+1","Outmaneuver","Malaise","Reflex","Ghostly","Ghostly","Ghostly","Blur","Calculated Gamble"],"special_seed":0,"relics":["Ring of the Snake","Potion Belt","Centennial Puzzle","Golden Idol","Matryoshka","Runic Dome"],"potions_floor_usage":[23],"damage_taken":[{"damage":2.0,"enemies":"Small Slimes","floor":1.0,"turns":5.0},{"damage":8.0,"enemies":"Jaw Worm","floor":2.0,"turns":7.0},{"damage":0.0,"enemies":"Cultist","floor":4.0,"turns":3.0},{"damage":1.0,"enemies":"Red Slaver","floor":5.0,"turns":8.0},{"damage":0.0,"enemies":"Blue Slaver","floor":7.0,"turns":4.0},{"damage":21.0,"enemies":"3 Sentries","floor":8.0,"turns":9.0},{"damage":1.0,"enemies":"2 Fungi Beasts","floor":12.0,"turns":3.0},{"damage":0.0,"enemies":"Exordium Thugs","floor":14.0,"turns":4.0},{"damage":25.0,"enemies":"Slime Boss","floor":16.0,"turns":10.0},{"damage":20.0,"enemies":"3 Byrds","floor":18.0,"turns":6.0},{"damage":14,"enemies":"Chosen","floor":22,"turns":7},{"damage":5,"enemies":"Gremlin Leader","floor":23,"turns":1}],"seed_played":"5129579299362216372","potions_obtained":[{"floor":1.0,"key":"EntropicBrew"},{"floor":2.0,"key":"Swift Potion"},{"floor":12.0,"key":"EssenceOfSteel"},{"floor":14.0,"key":"GamblersBrew"},{"floor":16.0,"key":"SpeedPotion"},{"floor":18.0,"key":"Dexterity Potion"}],"is_trial":false,"path_per_floor":["M","M","$","M","M","R","M","E","T","?","T","M","?","M","R","B",null,"M","?","?","$","M","E"],"character_chosen":"THE_SILENT","items_purchased":["Predator","Footwork","SkillPotion"],"campfire_rested":1,"item_purchase_floors":[3,3,21],"current_hp_per_floor":[57,49,49,49,48,48,48,27,27,27,27,26,10,10,26,1,41,21,21,21,21,7,2],"gold":64,"neow_bonus":"REMOVE_TWO","is_prod":false,"is_daily":false,"chose_seed":false,"campfire_upgraded":1,"win_rate":0,"timestamp":1565656525,"path_taken":["M","M","$","M","M","R","M","E","T","?","?","M","?","?","R","BOSS","M","?","?","$","M","E"],"build_version":"2019-07-17","purchased_purges":1,"victory":false,"max_hp_per_floor":[60,60,60,60,60,60,60,60,60,54,54,54,54,54,54,54,54,54,27,27,27,27,27],"card_choices":[{"not_picked":["Infinite Blades","Quick Slash","Deflect"],"picked":"SKIP","floor":1.0},{"not_picked":["Dagger Throw","Riddle With Holes","Quick Slash"],"picked":"SKIP","floor":2.0},{"not_picked":["Deflect","Flying Knee","Slice"],"picked":"SKIP","floor":4.0},{"not_picked":["Acrobatics","Backflip"],"picked":"Adrenaline","floor":5.0},{"not_picked":["Distraction","Choke","Backflip"],"picked":"SKIP","floor":7.0},{"not_picked":["Expertise","Setup","Poisoned Stab"],"picked":"SKIP","floor":8.0},{"not_picked":["Slice","PiercingWail"],"picked":"Phantasmal Killer","floor":12.0},{"not_picked":["Poisoned Stab","PiercingWail"],"picked":"Outmaneuver","floor":14.0},{"not_picked":["A Thousand Cuts","Die Die Die"],"picked":"Malaise","floor":16.0},{"not_picked":["Quick Slash","Deadly Poison"],"picked":"Reflex","floor":18.0},{"not_picked":["Dagger Throw","Dagger Spray","Blur"],"picked":"SKIP","floor":22}],"player_experience":874991,"relics_obtained":[{"floor":8.0,"key":"Potion Belt"},{"floor":9.0,"key":"Centennial Puzzle"},{"floor":11.0,"key":"Matryoshka"}],"event_choices":[{"damage_healed":0.0,"max_hp_gain":0.0,"max_hp_loss":6.0,"gold_gain":0.0,"event_name":"Golden Idol","player_choice":"Lose Max HP","floor":10.0,"gold_loss":0.0,"damage_taken":0.0,"relics_obtained":["Golden Idol"]},{"damage_healed":0.0,"max_hp_gain":0.0,"max_hp_loss":0.0,"gold_gain":0.0,"event_name":"Shining Light","player_choice":"Entered Light","floor":13.0,"gold_loss":0.0,"damage_taken":16.0,"cards_upgraded":["Strike_G","Phantasmal Killer"]},{"damage_healed":0.0,"max_hp_gain":0.0,"max_hp_loss":27.0,"gold_gain":0.0,"event_name":"Ghosts","player_choice":"Became a Ghost","floor":19.0,"gold_loss":0.0,"damage_taken":0.0,"cards_obtained":["Ghostly","Ghostly","Ghostly"]},{"damage_healed":0.0,"max_hp_gain":0.0,"max_hp_loss":0.0,"gold_gain":0.0,"cards_transformed":["Strike_G","Strike_G"],"event_name":"Designer","player_choice":"Transformed Cards","floor":20.0,"gold_loss":75.0,"damage_taken":0.0,"cards_obtained":["Blur","Calculated Gamble"]}],"is_beta":false,"boss_relics":[{"not_picked":["White Beast Statue","Black Star"],"picked":"Runic Dome"}],"items_purged_floors":[21],"is_endless":false,"potions_floor_spawned":[1,2,12,14,16,18],"killed_by":"Gremlin Leader","ascension_level":20}