{"gold_per_floor":[111,130,146,221,239,239,273,273,298,311,311,331,344,361,361,466,466,486,503,503,503,19,51,66,66,66,97,97,97,109,120,120,120],"floor_reached":33,"playtime":2567,"items_purged":["Strike_G"],"score":291,"play_id":"0b431e28-f68a-4d89-9a54-0593ad83f916","local_time":"20190919232643","is_ascension_mode":false,"campfire_choices":[{"data":"All Out Attack","floor":6,"key":"SMITH"},{"floor":8,"key":"REST"},{"data":"Footwork","floor":15,"key":"SMITH"},{"floor":25,"key":"REST"},{"floor":29,"key":"REST"},{"floor":32,"key":"REST"}],"neow_cost":"NONE","seed_source_timestamp":2008235986773500,"circlet_count":0,"master_deck":["Strike_G","Strike_G","Strike_G","Strike_G","Defend_G","Defend_G","Defend_G","Defend_G","Defend_G","Survivor+1","Neutralize+1","All Out Attack+1","Cloak And Dagger","Footwork+1","Dodge and Roll","Unload","Deadly Poison+1","Bandage Up","Unload","Prepared+1","Dodge and Roll+1"],"relics":["Ring of the Snake","Centennial Puzzle","Vajra","Fusion Hammer","Pear","Happy Flower","Smiling Mask","Darkstone Periapt","Potion Belt"],"potions_floor_usage":[7,7,33,33,33,33],"damage_taken":[{"damage":0,"enemies":"Jaw Worm","floor":1,"turns":5},{"damage":0,"enemies":"Small Slimes","floor":2,"turns":2},{"damage":0,"enemies":"Cultist","floor":3,"turns":3},{"damage":6,"enemies":"Exordium Wildlife","floor":5,"turns":4},{"damage":9,"enemies":"Gremlin Nob","floor":7,"turns":4},{"damage":0,"enemies":"3 Louse","floor":10,"turns":1},{"damage":0,"enemies":"Large Slime","floor":12,"turns":4},{"damage":0,"enemies":"Blue Slaver","floor":13,"turns":3},{"damage":0,"enemies":"Looter","floor":14,"turns":3},{"damage":18,"enemies":"Slime Boss","floor":16,"turns":15},{"damage":15,"enemies":"Spheric Guardian","floor":18,"turns":8},{"damage":7,"enemies":"3 Byrds","floor":19,"turns":4},{"damage":4,"enemies":"Book of Stabbing","floor":23,"turns":7},{"damage":2,"enemies":"Snecko","floor":24,"turns":5},{"damage":5,"enemies":"Gremlin Leader","floor":27,"turns":8},{"damage":6,"enemies":"Centurion and Healer","floor":30,"turns":7},{"damage":31,"enemies":"Sentry and Sphere","floor":31,"turns":8},{"damage":120,"enemies":"Automaton","floor":33,"turns":12}],"seed_played":"4514871755074148651","potions_obtained":[{"floor":1,"key":"Fire Potion"},{"floor":3,"key":"FearPotion"},{"floor":7,"key":"Strength Potion"},{"floor":18,"key":"Swift Potion"},{"floor":23,"key":"Regen Potion"},{"floor":27,"key":"Fire Potion"}],"is_trial":false,"path_per_floor":["M","M","M","?","M","R","E","R","T","M","?","M","M","M","R","B",null,"M","M","T","?","$","E","M","R","T","E","?","R","M","M","R","B"],"character_chosen":"THE_SILENT","items_purchased":["Bandage Up","Happy Flower","Unload"],"campfire_rested":4,"item_purchase_floors":[22,22,22],"current_hp_per_floor":[70,70,70,59,53,53,44,65,65,65,65,65,65,65,65,47,70,55,48,58,42,42,42,44,68,68,67,67,80,78,51,75,0],"gold":120,"neow_bonus":"UPGRADE_CARD","is_prod":false,"is_daily":false,"chose_seed":false,"campfire_upgraded":2,"win_rate":0,"timestamp":1568950003,"path_taken":["M","M","M","?","M","R","E","R","T","M","?","M","M","M","R","BOSS","M","M","?","?","$","E","M","R","T","E","?","R","M","M","R","BOSS"],"build_version":"2019-07-17","purchased_purges":1,"victory":false,"max_hp_per_floor":[70,70,70,70,70,70,70,70,70,70,70,70,70,70,70,70,70,70,70,80,80,80,80,80,80,80,80,80,80,80,80,80,80],"card_choices":[{"not_picked":["Setup","Slice"],"picked":"All Out Attack","floor":1},{"not_picked":["Finisher","Eviscerate","Choke"],"picked":"SKIP","floor":2},{"not_picked":["Flying Knee","Bouncing Flask","Infinite Blades"],"picked":"SKIP","floor":3},{"not_picked":["Flying Knee","Sucker Punch","Blade Dance"],"picked":"SKIP","floor":5},{"not_picked":["Envenom","Terror"],"picked":"Cloak And Dagger","floor":7},{"not_picked":["Predator","Outmaneuver","Underhanded Strike"],"picked":"SKIP","floor":10},{"not_picked":["Blade Dance","Prepared"],"picked":"Footwork","floor":12},{"not_picked":["Acrobatics","Predator","Poisoned Stab"],"picked":"SKIP","floor":13},{"not_picked":["Acrobatics","Predator","Poisoned Stab"],"picked":"SKIP","floor":13},{"not_picked":["Quick Slash","Doppelganger"],"picked":"Dodge and Roll","floor":14},{"not_picked":["Doppelganger","Venomology"],"picked":"Unload","floor":16},{"not_picked":["Dagger Spray","Bane+1"],"picked":"Deadly Poison+1","floor":18},{"not_picked":["Skewer","Expertise","Poisoned Stab"],"picked":"SKIP","floor":19},{"not_picked":["Crippling Poison+1","Well Laid Plans"],"picked":"Prepared+1","floor":23},{"not_picked":["Riddle With Holes","Slice"],"picked":"Dodge and Roll+1","floor":24},{"not_picked":["Backflip","Cloak And Dagger","Reflex"],"picked":"SKIP","floor":27},{"not_picked":["Bouncing Flask","Crippling Poison","Expertise+1"],"picked":"SKIP","floor":30},{"not_picked":["Slice","Distraction+1","Concentrate+1"],"picked":"SKIP","floor":31}],"player_experience":118946,"relics_obtained":[{"floor":7,"key":"Centennial Puzzle"},{"floor":9,"key":"Vajra"},{"floor":20,"key":"Pear"},{"floor":23,"key":"Smiling Mask"},{"floor":26,"key":"Darkstone Periapt"},{"floor":27,"key":"Potion Belt"}],"event_choices":[{"damage_healed":0,"gold_gain":75,"player_choice":"Gather Gold","damage_taken":11,"max_hp_gain":0,"max_hp_loss":0,"event_name":"World of Goop","floor":4,"gold_loss":0},{"damage_healed":0,"gold_gain":0,"player_choice":"Forge","damage_taken":0,"max_hp_gain":0,"max_hp_loss":0,"event_name":"Accursed Blacksmith","floor":11,"gold_loss":0,"cards_upgraded":["Survivor"]},{"damage_healed":0,"gold_gain":0,"player_choice":"Obtained Book","damage_taken":16,"max_hp_gain":0,"max_hp_loss":0,"event_name":"Cursed Tome","floor":21,"gold_loss":0},{"damage_healed":0,"gold_gain":0,"player_choice":"Ignored","damage_taken":0,"max_hp_gain":0,"max_hp_loss":0,"event_name":"Vampires","floor":28,"gold_loss":0}],"is_beta":false,"boss_relics":[{"not_picked":["Calling Bell","Eternal Feather"],"picked":"Fusion Hammer"}],"items_purged_floors":[22],"is_endless":false,"potions_floor_spawned":[1,3,7,18,23,27],"killed_by":"Automaton","ascension_level":0}