{"gold_per_floor":[113,113,113,38,113,147,147,191,216,236,261,261,161,180,180,269,269,289,289,289,214,235,269,269,68,68,68,109,109,109,26,26,122,122,136,136,136,136,155,155,175,25,94,94,113,156,156,194,194,194,194,194,194,19,58,58],"floor_reached":57,"playtime":2498,"items_purged":["Strike_G","Strike_G","Strike_G","Strike_G","Defend_G"],"score":3450,"play_id":"e8196b84-266d-4775-bebb-2fb9aef0090b","local_time":"20190529234724","is_ascension_mode":true,"campfire_choices":[{"data":"Neutralize","floor":7.0,"key":"SMITH"},{"data":"Catalyst","floor":12.0,"key":"SMITH"},{"data":"Backflip","floor":15.0,"key":"SMITH"},{"data":"Acrobatics","floor":24.0,"key":"SMITH"},{"data":"Well Laid Plans","floor":27.0,"key":"SMITH"},{"data":"Reflex","floor":30.0,"key":"SMITH"},{"data":"Tactician","floor":32.0,"key":"SMITH"},{"data":"Prepared","floor":40.0,"key":"SMITH"},{"data":"Calculated Gamble","floor":44.0,"key":"SMITH"},{"data":"Grand Finale","floor":47.0,"key":"SMITH"},{"floor":49.0,"key":"RECALL"},{"data":"Adrenaline","floor":53.0,"key":"SMITH"}],"neow_cost":"NONE","seed_source_timestamp":993012310786746,"circlet_count":0,"master_deck":["AscendersBane","Defend_G","Defend_G","Defend_G","Defend_G+1","Survivor","Neutralize+1","Bouncing Flask+1","Backflip+1","Catalyst+1","Well Laid Plans+1","Acrobatics+1","Grand Finale+1","Reflex+1","Tactician+1","Adrenaline+1","Calculated Gamble+1","Prepared+1","Terror+1","Malaise"],"special_seed":0,"relics":["Ring of the Snake","NeowsBlessing","Golden Idol","Pocketwatch","Gremlin Horn","Snake Skull","HoveringKite","Mercury Hourglass","Question Card","Vajra","Orrery","Orichalcum","Oddly Smooth Stone","Pear"],"potions_floor_usage":[55,56],"damage_taken":[{"damage":0.0,"enemies":"Jaw Worm","floor":1.0,"turns":1.0},{"damage":0.0,"enemies":"Gremlin Nob","floor":6.0,"turns":1.0},{"damage":0.0,"enemies":"3 Sentries","floor":8.0,"turns":2.0},{"damage":0.0,"enemies":"Small Slimes","floor":10.0,"turns":3.0},{"damage":0.0,"enemies":"2 Louse","floor":11.0,"turns":2.0},{"damage":4.0,"enemies":"Exordium Thugs","floor":14.0,"turns":5.0},{"damage":0.0,"enemies":"The Guardian","floor":16.0,"turns":5.0},{"damage":0.0,"enemies":"Shell Parasite","floor":18.0,"turns":4.0},{"damage":0.0,"enemies":"Spheric Guardian","floor":22.0,"turns":2.0},{"damage":21.0,"enemies":"Slavers","floor":23.0,"turns":7.0},{"damage":0.0,"enemies":"Gremlin Leader","floor":28.0,"turns":4.0},{"damage":0.0,"enemies":"Automaton","floor":33.0,"turns":5.0},{"damage":0.0,"enemies":"3 Darklings","floor":35.0,"turns":3.0},{"damage":0.0,"enemies":"Orb Walker","floor":39.0,"turns":2.0},{"damage":0.0,"enemies":"Spire Growth","floor":41.0,"turns":2.0},{"damage":0.0,"enemies":"Transient","floor":45.0,"turns":6.0},{"damage":2.0,"enemies":"Nemesis","floor":46.0,"turns":5.0},{"damage":0.0,"enemies":"Reptomancer","floor":48.0,"turns":2.0},{"damage":0.0,"enemies":"Awakened One","floor":50.0,"turns":3.0},{"damage":0.0,"enemies":"Donu and Deca","floor":51.0,"turns":3.0},{"damage":7,"enemies":"Shield and Spear","floor":55,"turns":3},{"damage":47,"enemies":"The Heart","floor":56,"turns":8}],"seed_played":"-7211954189133953718","potions_obtained":[{"floor":1.0,"key":"GhostInAJar"},{"floor":11.0,"key":"Block Potion"},{"floor":28.0,"key":"Poison Potion"},{"floor":46.0,"key":"Poison Potion"}],"is_trial":false,"path_per_floor":["M","?","?","$","?","E","R","E","T","M","M","R","$","M","R","B",null,"M","?","?","?","M","E","R","$","T","R","E","$","R","$","R","B",null,"M","?","$","?","M","R","M","$","T","R","M","E","R","E","R","B","B",null,"R","$","E","B",null],"character_chosen":"THE_SILENT","items_purchased":["Grand Finale","Tactician"],"campfire_rested":0,"item_purchase_floors":[25,31],"current_hp_per_floor":[59,39,39,39,28,28,28,28,28,28,28,28,28,24,24,24,51,51,35,35,35,35,14,14,14,14,14,14,14,14,14,14,14,52,52,52,52,52,52,52,52,52,52,52,52,50,50,50,50,50,50,59,59,59,62,15],"gold":58,"neow_bonus":"THREE_ENEMY_KILL","is_prod":false,"is_daily":false,"chose_seed":false,"campfire_upgraded":11,"win_rate":0,"timestamp":1559144844,"path_taken":["M","?","?","$","?","E","R","E","T","M","?","R","?","M","R","BOSS","M","?","?","?","M","E","R","$","T","R","E","$","R","?","R","BOSS","M","?","$","?","?","R","M","$","T","R","M","E","R","E","R","BOSS","BOSS","R","$","E","BOSS"],"build_version":"2019-05-28","purchased_purges":5,"victory":true,"max_hp_per_floor":[66,66,60,60,60,60,60,60,60,60,60,60,60,60,60,60,60,60,65,65,65,65,65,65,65,65,65,65,65,65,65,65,65,65,65,62,62,62,62,62,62,62,62,62,62,62,62,62,62,62,62,62,62,62,72,72],"card_choices":[{"not_picked":["Cloak And Dagger","All Out Attack"],"picked":"Bouncing Flask","floor":1.0},{"not_picked":["Slice","Phantasmal Killer","Quick Slash"],"picked":"SKIP","floor":6.0},{"not_picked":["Dodge and Roll","Predator","Sucker Punch"],"picked":"SKIP","floor":8.0},{"not_picked":["Outmaneuver","PiercingWail"],"picked":"Backflip","floor":10.0},{"not_picked":["Riddle With Holes","Dodge and Roll"],"picked":"Catalyst","floor":11.0},{"not_picked":["Catalyst","Infinite Blades","Quick Slash"],"picked":"SKIP","floor":14.0},{"not_picked":["Deadly Poison","Dagger Spray","Dodge and Roll"],"picked":"SKIP","floor":18.0},{"not_picked":["Blade Dance","Glass Knife","Poisoned Stab"],"picked":"SKIP","floor":22.0},{"not_picked":["Deflect","Sucker Punch+1"],"picked":"Acrobatics","floor":23.0},{"not_picked":["Masterful Stab","Flying Knee","Caltrops"],"picked":"Reflex","floor":28.0},{"not_picked":["Corpse Explosion","Die Die Die","Grand Finale"],"picked":"Adrenaline","floor":33.0},{"not_picked":["Masterful Stab","Dagger Throw+1","Dodge and Roll"],"picked":"Calculated Gamble","floor":34.0},{"not_picked":["Caltrops","Bane+1","PiercingWail"],"picked":"Prepared","floor":34.0},{"not_picked":["Predator+1","Underhanded Strike+1","Deadly Poison","Tactician"],"picked":"SKIP","floor":35.0},{"not_picked":["Flying Knee","Masterful Stab","Dagger Spray","Well Laid Plans"],"picked":"SKIP","floor":39.0},{"not_picked":["Acrobatics","Quick Slash","Tools of the Trade","Terror"],"picked":"SKIP","floor":41.0},{"not_picked":["Dagger Spray","Poisoned Stab","Deflect+1"],"picked":"Terror+1","floor":45.0},{"not_picked":["Dagger Spray","Slice","Noxious Fumes","Prepared"],"picked":"SKIP","floor":46.0},{"not_picked":["Unload","Cloak And Dagger","Acrobatics","Flying Knee"],"picked":"SKIP","floor":48.0},{"not_picked":["Outmaneuver","Prepared","Wraith Form v2"],"picked":"Malaise","floor":55}],"player_experience":3048601,"relics_obtained":[{"floor":6.0,"key":"Pocketwatch"},{"floor":8.0,"key":"Gremlin Horn"},{"floor":9.0,"key":"Snake Skull"},{"floor":23.0,"key":"Mercury Hourglass"},{"floor":26.0,"key":"Question Card"},{"floor":28.0,"key":"Vajra"},{"floor":46.0,"key":"Orichalcum"},{"floor":48.0,"key":"Oddly Smooth Stone"},{"floor":55,"key":"Pear"}],"event_choices":[{"damage_healed":0.0,"max_hp_gain":0.0,"max_hp_loss":0.0,"gold_gain":0.0,"event_name":"Shining Light","player_choice":"Entered Light","floor":2.0,"gold_loss":0.0,"damage_taken":20.0,"cards_upgraded":["Bouncing Flask","Defend_G"]},{"damage_healed":0.0,"max_hp_gain":0.0,"max_hp_loss":6.0,"gold_gain":0.0,"event_name":"Golden Idol","player_choice":"Lose Max HP","floor":3.0,"gold_loss":0.0,"damage_taken":0.0,"relics_obtained":["Golden Idol"]},{"damage_healed":0.0,"max_hp_gain":0.0,"max_hp_loss":0.0,"gold_gain":75.0,"event_name":"World of Goop","player_choice":"Gather Gold","floor":5.0,"gold_loss":0.0,"damage_taken":11.0},{"damage_healed":0.0,"max_hp_gain":5.0,"max_hp_loss":0.0,"gold_gain":0.0,"event_name":"Forgotten Altar","player_choice":"Shed Blood","floor":19.0,"gold_loss":0.0,"damage_taken":21.0},{"damage_healed":0.0,"max_hp_gain":0.0,"max_hp_loss":0.0,"gold_gain":0.0,"event_name":"The Library","player_choice":"Read","floor":20.0,"gold_loss":0.0,"damage_taken":0.0,"cards_obtained":["Well Laid Plans"]},{"cards_removed":["Strike_G"],"damage_healed":0.0,"max_hp_gain":0.0,"max_hp_loss":0.0,"gold_gain":0.0,"event_name":"Beggar","player_choice":"Gave Gold","floor":21.0,"gold_loss":75.0,"damage_taken":0.0},{"damage_healed":0.0,"max_hp_gain":0.0,"max_hp_loss":3.0,"gold_gain":0.0,"event_name":"Winding Halls","player_choice":"Max HP","floor":36.0,"gold_loss":0.0,"damage_taken":0.0},{"damage_healed":0.0,"max_hp_gain":0.0,"max_hp_loss":0.0,"gold_gain":0.0,"event_name":"SecretPortal","player_choice":"Ignored","floor":38.0,"gold_loss":0.0,"damage_taken":0.0}],"is_beta":true,"boss_relics":[{"not_picked":["Ectoplasm","Tiny House"],"picked":"HoveringKite"},{"not_picked":["Cursed Key","Black Star"],"picked":"Orrery"}],"items_purged_floors":[4,13,25,42,54],"is_endless":false,"potions_floor_spawned":[1,11,18,22,28,46],"ascension_level":20}