{"gold_per_floor":[114,126,51,69,69,69,84,84,84,134,160,60,78,89,89,165,165,180,198,47,62,62,62,78,78,102,44,44,55,55,69,69,144,144,161,177,27,44,89,89,122,139,162,162,162,178,207,221,221,221],"floor_reached":50,"playtime":1879,"items_purged":["Strike_G","Strike_G","Finisher+1","Bane+1"],"score":1162,"play_id":"beb90c61-a6e1-4b8a-8808-93070ba61137","local_time":"20190904202636","is_ascension_mode":true,"campfire_choices":[{"data":"Deadly Poison","floor":6.0,"key":"SMITH"},{"data":"Bane","floor":8.0,"key":"SMITH"},{"data":"Impatience","floor":15.0,"key":"SMITH"},{"data":"Tactician","floor":23.0,"key":"SMITH"},{"floor":25.0,"key":"RECALL"},{"data":"Acrobatics","floor":32.0,"key":"SMITH"},{"data":"Expertise","floor":40.0,"key":"SMITH"},{"data":"Acrobatics","floor":44.0,"key":"SMITH"},{"floor":49.0,"key":"REST"}],"neow_cost":"NONE","seed_source_timestamp":101201788737039,"circlet_count":0,"master_deck":["AscendersBane","Defend_G","Defend_G","Defend_G","Defend_G","Defend_G","Survivor","Neutralize","Impatience+1","Deadly Poison+1","PiercingWail","Escape Plan","Grand Finale","Flying Knee+1","Bouncing Flask+1","Backflip","Tactician+1","Acrobatics+1","Expertise+1","Concentrate","Acrobatics+1","Acrobatics+1"],"special_seed":0,"relics":["Ring of the Snake","Meat on the Bone","Kunai","Astrolabe","Art of War","Orrery","Shovel","Thread and Needle","Centennial Puzzle","Blood Vial"],"potions_floor_usage":[],"damage_taken":[{"damage":7.0,"enemies":"Small Slimes","floor":1.0,"turns":4.0},{"damage":1.0,"enemies":"Jaw Worm","floor":2.0,"turns":4.0},{"damage":4.0,"enemies":"Cultist","floor":4.0,"turns":4.0},{"damage":3.0,"enemies":"Blue Slaver","floor":7.0,"turns":7.0},{"damage":35.0,"enemies":"Gremlin Nob","floor":11.0,"turns":4.0},{"damage":17.0,"enemies":"Large Slime","floor":13.0,"turns":8.0},{"damage":3.0,"enemies":"Looter","floor":14.0,"turns":3.0},{"damage":38.0,"enemies":"Hexaghost","floor":16.0,"turns":10.0},{"damage":11.0,"enemies":"Chosen","floor":18.0,"turns":4.0},{"damage":0.0,"enemies":"3 Byrds","floor":19.0,"turns":7.0},{"damage":21.0,"enemies":"Cultist and Chosen","floor":21.0,"turns":8.0},{"damage":21.0,"enemies":"Shelled Parasite and Fungi","floor":24.0,"turns":7.0},{"damage":6.0,"enemies":"Centurion and Healer","floor":29.0,"turns":5.0},{"damage":15.0,"enemies":"Snecko","floor":31.0,"turns":6.0},{"damage":25.0,"enemies":"Champ","floor":33.0,"turns":10.0},{"damage":3.0,"enemies":"Orb Walker","floor":35.0,"turns":3.0},{"damage":3.0,"enemies":"3 Darklings","floor":36.0,"turns":2.0},{"damage":0.0,"enemies":"4 Shapes","floor":38.0,"turns":2.0},{"damage":0.0,"enemies":"2 Orb Walkers","floor":39.0,"turns":3.0},{"damage":31.0,"enemies":"Nemesis","floor":41.0,"turns":7.0},{"damage":0.0,"enemies":"Jaw Worm Horde","floor":42.0,"turns":3.0},{"damage":4.0,"enemies":"Sphere and 2 Shapes","floor":46.0,"turns":3.0},{"damage":0.0,"enemies":"Giant Head","floor":47.0,"turns":4.0},{"damage":4.0,"enemies":"Writhing Mass","floor":48.0,"turns":2.0},{"damage":0,"enemies":"Time Eater","floor":50,"turns":1}],"seed_played":"9037712495703755642","potions_obtained":[{"floor":1.0,"key":"FairyPotion"},{"floor":4.0,"key":"Energy Potion"},{"floor":16.0,"key":"Explosive Potion"},{"floor":19.0,"key":"Weak Potion"},{"floor":21.0,"key":"AttackPotion"},{"floor":31.0,"key":"FearPotion"},{"floor":33.0,"key":"GamblersBrew"},{"floor":36.0,"key":"Weak Potion"},{"floor":39.0,"key":"SkillPotion"},{"floor":42.0,"key":"Fruit Juice"},{"floor":46.0,"key":"FearPotion"},{"floor":48.0,"key":"PowerPotion"}],"is_trial":false,"path_per_floor":["M","M","$","M","?","R","M","R","T","?","E","$","M","M","R","B",null,"M","M","$","M","T","R","M","R","T","$","?","M","?","M","R","B",null,"M","M","$","M","?","R","E","M","T","R","?","M","E","M","R","B"],"character_chosen":"THE_SILENT","items_purchased":["Backflip","Acrobatics"],"campfire_rested":1,"item_purchase_floors":[20,27],"current_hp_per_floor":[52,51,51,47,66,66,63,63,63,57,34,34,29,38,38,18,54,43,43,43,34,34,34,25,25,25,25,25,31,31,28,28,15,53,50,47,47,47,47,47,28,45,45,45,45,41,41,39,60,62],"gold":221,"neow_bonus":"RANDOM_COLORLESS","is_prod":false,"is_daily":false,"chose_seed":false,"campfire_upgraded":7,"win_rate":0,"timestamp":1567596396,"path_taken":["M","M","$","M","?","R","M","R","T","?","E","$","M","M","R","BOSS","M","M","$","M","?","R","M","R","T","$","?","M","?","M","R","BOSS","M","M","$","M","?","R","E","M","T","R","?","?","E","M","R","BOSS"],"build_version":"2019-07-17","purchased_purges":4,"victory":false,"max_hp_per_floor":[66,66,66,66,66,66,66,66,66,66,66,66,66,66,66,66,66,66,66,66,66,66,66,66,66,66,66,66,66,66,66,66,66,66,66,66,66,66,66,66,66,71,71,71,71,71,71,71,71,71],"card_choices":[{"not_picked":["Acrobatics","Footwork"],"picked":"Deadly Poison","floor":1.0},{"not_picked":["PiercingWail","Poisoned Stab","Deflect"],"picked":"SKIP","floor":2.0},{"not_picked":["Poisoned Stab","Deflect"],"picked":"PiercingWail","floor":2.0},{"not_picked":["Dodge and Roll","Deadly Poison","Outmaneuver"],"picked":"SKIP","floor":4.0},{"not_picked":["Concentrate","Doppelganger"],"picked":"Bane","floor":7.0},{"not_picked":["Dodge and Roll","Blade Dance","Sucker Punch"],"picked":"SKIP","floor":11.0},{"not_picked":["Cloak And Dagger","Night Terror"],"picked":"Escape Plan","floor":13.0},{"not_picked":["Prepared","Cloak And Dagger"],"picked":"Flechettes","floor":14.0},{"not_picked":["Glass Knife","Wraith Form v2"],"picked":"Grand Finale","floor":16.0},{"not_picked":["Heel Hook","Noxious Fumes","Dagger Spray+1"],"picked":"SKIP","floor":18.0},{"not_picked":["Sucker Punch","Cloak And Dagger","Poisoned Stab"],"picked":"SKIP","floor":19.0},{"not_picked":["Backstab","Deflect"],"picked":"Tactician","floor":21.0},{"not_picked":["Blade Dance","Heel Hook","Distraction"],"picked":"SKIP","floor":24.0},{"not_picked":["Blade Dance","Heel Hook","Distraction"],"picked":"SKIP","floor":24.0},{"not_picked":["Blade Dance","Heel Hook","Distraction"],"picked":"SKIP","floor":24.0},{"not_picked":["Bouncing Flask","Endless Agony","Concentrate"],"picked":"SKIP","floor":29.0},{"not_picked":["Outmaneuver","Eviscerate"],"picked":"Expertise","floor":31.0},{"not_picked":["Expertise","Catalyst"],"picked":"Concentrate","floor":34.0},{"not_picked":["Accuracy","Bouncing Flask+1"],"picked":"Acrobatics","floor":35.0},{"not_picked":["Cloak And Dagger","Sucker Punch+1","Backstab+1"],"picked":"SKIP","floor":36.0},{"not_picked":["Eviscerate","Bane+1","Infinite Blades"],"picked":"SKIP","floor":38.0},{"not_picked":["Dagger Spray","Glass Knife","Cloak And Dagger"],"picked":"SKIP","floor":41.0},{"not_picked":["Backflip","Leg Sweep","Crippling Poison"],"picked":"SKIP","floor":42.0},{"not_picked":["Dash","Leg Sweep","Prepared"],"picked":"SKIP","floor":46.0},{"not_picked":["Slice","Dagger Spray","Blade Dance"],"picked":"SKIP","floor":47.0},{"not_picked":["Choke","Catalyst+1"],"picked":"Acrobatics+1","floor":48.0}],"player_experience":1005994,"relics_obtained":[{"floor":9.0,"key":"Meat on the Bone"},{"floor":11.0,"key":"Kunai"},{"floor":26.0,"key":"Art of War"},{"floor":39.0,"key":"Shovel"},{"floor":41.0,"key":"Thread and Needle"},{"floor":43.0,"key":"Centennial Puzzle"},{"floor":47.0,"key":"Blood Vial"}],"event_choices":[{"damage_healed":22.0,"max_hp_gain":0.0,"max_hp_loss":0.0,"gold_gain":0.0,"event_name":"Big Fish","player_choice":"Banana","floor":5.0,"gold_loss":0.0,"damage_taken":0.0},{"damage_healed":0.0,"max_hp_gain":0.0,"max_hp_loss":0.0,"gold_gain":50.0,"event_name":"FaceTrader","player_choice":"Touch","floor":10.0,"gold_loss":0.0,"damage_taken":6.0},{"damage_healed":0.0,"max_hp_gain":0.0,"max_hp_loss":0.0,"gold_gain":0.0,"event_name":"Cursed Tome","player_choice":"Ignored","floor":28.0,"gold_loss":0.0,"damage_taken":0.0},{"cards_removed":["Flechettes"],"damage_healed":0.0,"max_hp_gain":0.0,"max_hp_loss":0.0,"gold_gain":0.0,"event_name":"Back to Basics","player_choice":"Elegance","floor":30.0,"gold_loss":0.0,"damage_taken":0.0},{"damage_healed":0.0,"max_hp_gain":0.0,"max_hp_loss":0.0,"gold_gain":0.0,"event_name":"Mysterious Sphere","player_choice":"Fight","floor":39.0,"gold_loss":0.0,"damage_taken":0.0},{"damage_healed":0.0,"max_hp_gain":0.0,"max_hp_loss":0.0,"gold_gain":0.0,"event_name":"Tomb of Lord Red Mask","player_choice":"Ignored","floor":45.0,"gold_loss":0.0,"damage_taken":0.0}],"is_beta":false,"boss_relics":[{"not_picked":["Tiny House","Ring of the Serpent"],"picked":"Astrolabe"},{"not_picked":["Sozu","Black Star"],"picked":"Orrery"}],"items_purged_floors":[3,12,20,37],"is_endless":false,"potions_floor_spawned":[1,4,13,16,19,21,31,33,36,38,39,42,46,48],"killed_by":"Time Eater","ascension_level":20}