{"path_per_floor":["M","?","?","?","M","R","M","E","T","$","R","M","M","$","R"],"character_chosen":"DEFECT","items_purchased":["Fission"],"gold_per_floor":[116,191,191,141,155,155,168,199,248,16,16,10,30,30,30,30],"floor_reached":16,"campfire_rested":1,"playtime":544,"item_purchase_floors":[10],"current_hp_per_floor":[63,52,45,45,45,45,38,23,23,23,23,7,6,6,28,28],"items_purged":["Defend_B"],"gold":30,"score":130,"play_id":"48ae5250-d319-4343-9b78-f5c6f47c9aab","local_time":"20180608200105","is_prod":false,"is_daily":false,"chose_seed":false,"is_ascension_mode":true,"campfire_upgraded":2,"win_rate":0,"timestamp":1528480865,"campfire_choices":[{"data":"Defragment","floor":6,"key":"SMITH"},{"data":"Fission","floor":11,"key":"SMITH"},{"floor":15,"key":"REST"}],"path_taken":["M","?","?","?","M","R","M","E","T","?","R","?","M","$","R","BOSS"],"build_version":"2018-06-07","seed_source_timestamp":11540281173022,"purchased_purges":1,"victory":false,"master_deck":["Strike_B","Strike_B","Defend_B","Defend_B","Defend_B","Zap","Dualcast","Skim","Coolheaded","Defragment+1","Go for the Eyes","Coolheaded","Fission+1"],"max_hp_per_floor":[75,75,75,75,75,75,75,75,75,75,75,75,75,75,75,75],"relics":["Cracked Core","Bronze Scales","Art of War"],"card_choices":[{"not_picked":["Compile Driver","Rebound"],"picked":"Coolheaded","floor":1},{"not_picked":["Compile Driver","Redo"],"picked":"Defragment","floor":5},{"not_picked":["Creative AI","Redo"],"picked":"Go for the Eyes","floor":7},{"not_picked":["Ball Lightning","Stack"],"picked":"Coolheaded","floor":8},{"not_picked":["Rebound","Compile Driver","Gash"],"picked":"SKIP","floor":12},{"not_picked":["Conserve Battery","Barrage","Rebound"],"picked":"SKIP","floor":13}],"player_experience":816289,"potions_floor_usage":[8,12],"damage_taken":[{"damage":5,"enemies":"Small Slimes","floor":1,"turns":4},{"damage":0,"enemies":"Cultist","floor":5,"turns":4},{"damage":7,"enemies":"Jaw Worm","floor":7,"turns":3},{"damage":15,"enemies":"3 Sentries","floor":8,"turns":7},{"damage":16,"enemies":"Exordium Thugs","floor":12,"turns":4},{"damage":1,"enemies":"Blue Slaver","floor":13,"turns":3},{"damage":0,"enemies":"The Guardian","floor":16,"turns":1}],"relics_obtained":[{"floor":8,"key":"Bronze Scales"},{"floor":9,"key":"Art of War"}],"event_choices":[{"event_name":"World of Goop","player_choice":"Gather Gold","floor":2,"damage_taken":0},{"event_name":"Golden Wing","player_choice":"Card Removal","floor":3,"damage_taken":0},{"event_name":"The Cleric","player_choice":"Card Removal","floor":4,"damage_taken":0}],"boss_relics":[],"items_purged_floors":[10],"potions_floor_spawned":[1,5],"seed_played":"2018885841607211878","killed_by":"The Guardian","ascension_level":6,"potions_obtained":[{"floor":1,"key":"LiquidBronze"},{"floor":5,"key":"SpeedPotion"}],"is_trial":false}