{"gold_per_floor":[111,129,129,142,160,160,171,171,171,171,192,273,273,284,284,381,681,695,695,695,715,715,715,715,44,68,68,84,104,116,116,116,220,220,238,238,248,21,39,39,54,54,79,90,105,105,105],"floor_reached":47,"playtime":3930,"items_purged":[],"score":519,"play_id":"2a3fccb2-f1e0-46a2-9b4a-8de3d7f64496","local_time":"20190807143237","is_ascension_mode":false,"campfire_choices":[{"floor":6,"key":"REST"},{"data":"Buffer","floor":8,"key":"SMITH"},{"data":"Streamline","floor":10,"key":"SMITH"},{"floor":15,"key":"REST"},{"floor":23,"key":"REST"},{"data":"Apotheosis","floor":27,"key":"SMITH"},{"floor":32,"key":"REST"},{"data":"Buffer","floor":40,"key":"SMITH"},{"data":"Undo","floor":42,"key":"SMITH"}],"neow_cost":"NONE","seed_source_timestamp":690054194197494,"circlet_count":0,"master_deck":["Strike_B","Strike_B","Defend_B","Defend_B","Defend_B","Defend_B","Zap","Dualcast","Buffer+1","Streamline+1","Tempest","Genetic Algorithm","Redo","Undo+1","Ball Lightning","Cold Snap","Electrodynamics","Injury","Shame","Leap","Capacitor","Buffer+1","Apotheosis+1","Lockon","Redo","Stack+1","Reprogram","Cold Snap","Self Repair","Self Repair+1","Conserve Battery","Redo","Auto Shields+1","Capacitor+1","Ball Lightning","Capacitor"],"relics":["Cracked Core","Meat on the Bone","Odd Mushroom","Bottled Lightning","Calling Bell","Strawberry","Cables","Old Coin","FossilizedHelix","Bronze Scales","Singing Bowl","Bag of Preparation","Nuclear Battery","FaceOfCleric","Pen Nib","Happy Flower"],"potions_floor_usage":[16,16,16,18,33,33,41,44,44,45],"damage_taken":[{"damage":0,"enemies":"Cultist","floor":1,"turns":3},{"damage":0,"enemies":"Small Slimes","floor":2,"turns":2},{"damage":7,"enemies":"Jaw Worm","floor":4,"turns":3},{"damage":10,"enemies":"Looter","floor":5,"turns":3},{"damage":8,"enemies":"Large Slime","floor":7,"turns":6},{"damage":17,"enemies":"The Mushroom Lair","floor":11,"turns":5},{"damage":11,"enemies":"Exordium Wildlife","floor":14,"turns":4},{"damage":22,"enemies":"The Guardian","floor":16,"turns":15},{"damage":9,"enemies":"2 Thieves","floor":18,"turns":4},{"damage":10,"enemies":"Spheric Guardian","floor":21,"turns":5},{"damage":0,"enemies":"Snake Plant","floor":28,"turns":4},{"damage":15,"enemies":"3 Cultists","floor":29,"turns":4},{"damage":0,"enemies":"Chosen and Byrds","floor":30,"turns":5},{"damage":0,"enemies":"Collector","floor":33,"turns":11},{"damage":13,"enemies":"3 Darklings","floor":35,"turns":6},{"damage":0,"enemies":"3 Shapes","floor":37,"turns":5},{"damage":9,"enemies":"Transient","floor":39,"turns":5},{"damage":0,"enemies":"4 Shapes","floor":41,"turns":7},{"damage":0,"enemies":"Spire Growth","floor":44,"turns":6},{"damage":29,"enemies":"3 Darklings","floor":45,"turns":7},{"damage":92,"enemies":"Giant Head","floor":47,"turns":9}],"seed_played":"2934530876221348793","potions_obtained":[{"floor":7,"key":"SteroidPotion"},{"floor":11,"key":"Explosive Potion"},{"floor":14,"key":"Energy Potion"},{"floor":16,"key":"Block Potion"},{"floor":28,"key":"Dexterity Potion"},{"floor":29,"key":"SpeedPotion"},{"floor":33,"key":"Fire Potion"},{"floor":35,"key":"FearPotion"},{"floor":39,"key":"EssenceOfSteel"},{"floor":44,"key":"AttackPotion"}],"is_trial":false,"path_per_floor":["M","M","$","M","M","R","M","R","T","R","?","T","?","M","R","B",null,"M","?","?","M","T","R","?","$","T","R","M","M","M","?","R","B",null,"M","?","M","$","M","R","M","R","T","M","M","?","E"],"character_chosen":"DEFECT","items_purchased":["Bronze Scales","Apotheosis","Singing Bowl","Lockon","Pen Nib","Conserve Battery","Redo"],"campfire_rested":4,"item_purchase_floors":[25,25,25,25,38,38,38],"current_hp_per_floor":[75,75,75,68,58,75,67,67,67,67,50,50,47,48,70,48,82,73,73,73,63,63,82,82,82,82,82,84,69,69,69,84,86,86,73,73,74,74,76,76,89,89,89,90,79,79,0],"gold":105,"neow_bonus":"ONE_RANDOM_RARE_CARD","is_prod":false,"is_daily":false,"chose_seed":false,"campfire_upgraded":5,"win_rate":0,"timestamp":1565213557,"path_taken":["M","M","?","M","M","R","M","R","T","R","?","?","?","M","R","BOSS","M","?","?","?","?","R","?","$","T","R","M","M","M","?","R","BOSS","M","?","M","$","M","R","?","R","T","M","M","?","E"],"build_version":"2019-07-17","purchased_purges":0,"victory":false,"max_hp_per_floor":[75,75,75,75,75,75,75,75,75,75,75,75,75,75,75,75,82,82,82,82,82,82,82,82,82,82,82,84,84,84,84,84,86,86,86,86,87,87,88,88,89,89,89,90,91,91,91],"card_choices":[{"not_picked":["Rebound","Hologram"],"picked":"Streamline","floor":1},{"not_picked":["Go for the Eyes","Beam Cell"],"picked":"Tempest","floor":2},{"not_picked":["Barrage","Double Energy"],"picked":"Genetic Algorithm","floor":4},{"not_picked":["Reinforced Body","Undo"],"picked":"Redo","floor":5},{"not_picked":["Barrage","Tempest"],"picked":"Undo","floor":7},{"not_picked":["Reprogram","Tempest"],"picked":"Ball Lightning","floor":11},{"not_picked":["Sunder","Chaos"],"picked":"Cold Snap","floor":14},{"not_picked":["Meteor Strike","Thunder Strike"],"picked":"Electrodynamics","floor":16},{"not_picked":["Gash+1","Heatsinks"],"picked":"Leap","floor":18},{"not_picked":["Reprogram","Turbo"],"picked":"Buffer","floor":21},{"not_picked":["Skim+1","Darkness","Rebound"],"picked":"Singing Bowl","floor":28},{"not_picked":["Blizzard","Leap"],"picked":"Redo","floor":29},{"not_picked":["Leap","Ball Lightning"],"picked":"Stack+1","floor":30},{"not_picked":["All For One","Rainbow","Reboot"],"picked":"Singing Bowl","floor":33},{"not_picked":["Skim","Cold Snap"],"picked":"Self Repair","floor":35},{"not_picked":["Sunder","BootSequence+1"],"picked":"Self Repair+1","floor":37},{"not_picked":["Barrage+1","Chill+1"],"picked":"Auto Shields+1","floor":39},{"not_picked":["Barrage+1","Steam Power+1"],"picked":"Capacitor+1","floor":41},{"not_picked":["Coolheaded","Rebound"],"picked":"Ball Lightning","floor":44},{"not_picked":["Coolheaded+1","Compile Driver"],"picked":"Capacitor","floor":45}],"player_experience":363487,"relics_obtained":[{"floor":9,"key":"Meat on the Bone"},{"floor":11,"key":"Odd Mushroom"},{"floor":12,"key":"Bottled Lightning"},{"floor":17,"key":"Strawberry"},{"floor":17,"key":"Cables"},{"floor":17,"key":"Old Coin"},{"floor":22,"key":"FossilizedHelix"},{"floor":26,"key":"Bag of Preparation"},{"floor":43,"key":"Happy Flower"}],"event_choices":[{"damage_healed":0,"gold_gain":0,"player_choice":"Fought Mushrooms","damage_taken":0,"max_hp_gain":0,"max_hp_loss":0,"event_name":"Mushrooms","floor":11,"gold_loss":0},{"damage_healed":0,"gold_gain":0,"player_choice":"Fled","damage_taken":3,"max_hp_gain":0,"max_hp_loss":0,"event_name":"Scrap Ooze","floor":13,"gold_loss":0},{"damage_healed":0,"gold_gain":0,"player_choice":"Read","damage_taken":0,"max_hp_gain":0,"max_hp_loss":0,"event_name":"The Library","floor":19,"gold_loss":0,"cards_obtained":["Capacitor"]},{"damage_healed":0,"gold_gain":0,"player_choice":"Ignored","damage_taken":0,"max_hp_gain":0,"max_hp_loss":0,"event_name":"NoteForYourself","floor":20,"gold_loss":0},{"cards_removed":["Regret"],"damage_healed":0,"gold_gain":0,"player_choice":"Elegance","damage_taken":0,"max_hp_gain":0,"max_hp_loss":0,"event_name":"Back to Basics","floor":24,"gold_loss":0},{"damage_healed":0,"gold_gain":0,"cards_transformed":["Strike_B","Strike_B"],"player_choice":"Became Test Subject","damage_taken":0,"max_hp_gain":0,"max_hp_loss":0,"event_name":"Drug Dealer","floor":31,"gold_loss":0,"cards_obtained":["Reprogram","Cold Snap"]},{"damage_healed":0,"gold_gain":0,"player_choice":"Trade","damage_taken":0,"relics_obtained":["FaceOfCleric"],"max_hp_gain":0,"max_hp_loss":0,"event_name":"FaceTrader","floor":36,"gold_loss":0},{"damage_healed":0,"gold_gain":0,"player_choice":"Ignored","damage_taken":0,"max_hp_gain":0,"max_hp_loss":0,"event_name":"Mysterious Sphere","floor":46,"gold_loss":0}],"is_beta":false,"boss_relics":[{"not_picked":["Cursed Key","Runic Dome"],"picked":"Calling Bell"},{"not_picked":["White Beast Statue","Sozu"],"picked":"Nuclear Battery"}],"items_purged_floors":[],"is_endless":false,"potions_floor_spawned":[7,11,14,16,28,29,33,35,39,44],"killed_by":"Giant Head","ascension_level":0}