{"gold_per_floor":[118,135,135,135,135,163,181,181,208,221,296,307,307,56,56,133,133,151,151,168,168,14,43,43,68,116,129,4,62,80,113,113,191,191,202,256,256,28,28,56,56,83,83,95,95,110,130,156,156,156,156,156,156,6,40,40],"floor_reached":57,"playtime":1318,"items_purged":["Strike_G","Strike_G","Strike_G","Defend_G+1"],"score":3732,"play_id":"0534baaa-4070-4d0b-88df-290462d0a70a","local_time":"20190822075933","is_ascension_mode":true,"campfire_choices":[{"data":"Flechettes","floor":8.0,"key":"SMITH"},{"data":"Acrobatics","floor":15.0,"key":"SMITH"},{"data":"Grand Finale","floor":32.0,"key":"SMITH"},{"data":"Adrenaline","floor":41.0,"key":"SMITH"},{"floor":49,"key":"RECALL"},{"floor":53,"key":"DIG"}],"neow_cost":"NONE","seed_source_timestamp":32913406691092,"circlet_count":0,"master_deck":["AscendersBane","Defend_G+1","Defend_G+1","Defend_G+1","Defend_G+1","Survivor+1","Neutralize+1","Flechettes+1","Acrobatics+1","Backflip+1","Grand Finale+1","Adrenaline+1","Acrobatics+1","Prepared+1","Escape Plan+1","Adrenaline+1","Footwork+1","PiercingWail+1"],"special_seed":0,"relics":["Ring of the Snake","NeowsBlessing","Bronze Scales","Omamori","Art of War","Coffee Dripper","Bag of Marbles","Mercury Hourglass","Tiny Chest","Pear","Runic Pyramid","Calipers","Molten Egg 2","OrangePellets","Mummified Hand","Blue Candle","Shovel","Blood Vial","Mark of the Bloom","Dodecahedron","Shuriken","Oddly Smooth Stone"],"potions_floor_usage":[56,56],"damage_taken":[{"damage":0.0,"enemies":"Small Slimes","floor":1.0,"turns":1.0},{"damage":0.0,"enemies":"2 Louse","floor":2.0,"turns":1.0},{"damage":0.0,"enemies":"3 Sentries","floor":6.0,"turns":1.0},{"damage":4.0,"enemies":"Jaw Worm","floor":7.0,"turns":4.0},{"damage":0.0,"enemies":"Looter","floor":10.0,"turns":4.0},{"damage":5.0,"enemies":"Blue Slaver","floor":12.0,"turns":3.0},{"damage":12.0,"enemies":"Hexaghost","floor":16.0,"turns":9.0},{"damage":0.0,"enemies":"3 Byrds","floor":18.0,"turns":3.0},{"damage":0.0,"enemies":"Chosen","floor":20.0,"turns":2.0},{"damage":0.0,"enemies":"Slavers","floor":23.0,"turns":1.0},{"damage":0.0,"enemies":"Book of Stabbing","floor":25.0,"turns":2.0},{"damage":0.0,"enemies":"Sentry and Sphere","floor":27.0,"turns":1.0},{"damage":0.0,"enemies":"Slavers","floor":29.0,"turns":1.0},{"damage":0.0,"enemies":"Shelled Parasite and Fungi","floor":30.0,"turns":1.0},{"damage":0.0,"enemies":"Gremlin Leader","floor":31.0,"turns":1.0},{"damage":0.0,"enemies":"Automaton","floor":33.0,"turns":3.0},{"damage":0.0,"enemies":"Orb Walker","floor":35.0,"turns":1.0},{"damage":0.0,"enemies":"2 Orb Walkers","floor":36.0,"turns":1.0},{"damage":0.0,"enemies":"Giant Head","floor":40.0,"turns":2.0},{"damage":0.0,"enemies":"Reptomancer","floor":42.0,"turns":2.0},{"damage":0.0,"enemies":"3 Shapes","floor":44.0,"turns":1.0},{"damage":0,"enemies":"Maw","floor":46,"turns":3},{"damage":0,"enemies":"Writhing Mass","floor":47,"turns":1},{"damage":0,"enemies":"Giant Head","floor":48,"turns":1},{"damage":0,"enemies":"Awakened One","floor":50,"turns":3},{"damage":0,"enemies":"Time Eater","floor":51,"turns":5},{"damage":0,"enemies":"Shield and Spear","floor":55,"turns":2},{"damage":69,"enemies":"The Heart","floor":56,"turns":7}],"seed_played":"7602896597050123801","potions_obtained":[{"floor":1.0,"key":"Block Potion"},{"floor":2.0,"key":"Poison Potion"},{"floor":18.0,"key":"LiquidBronze"},{"floor":25.0,"key":"Swift Potion"},{"floor":36.0,"key":"Energy Potion"},{"floor":40.0,"key":"GamblersBrew"}],"is_trial":false,"path_per_floor":["M","M","?","?","?","E","M","R","T","M","?","M","?","$","R","B",null,"M","?","M","?","$","E","?","E","T","M","$","E","M","E","R","B",null,"M","?","T","$","T","E","R","E","T","M","?","M","M","E","R","B","B",null,"R","$","E","B",null],"character_chosen":"THE_SILENT","items_purchased":["Grand Finale","Swift Potion","OrangePellets"],"campfire_rested":0,"item_purchase_floors":[14,22,38],"current_hp_per_floor":[59,59,41,34,34,34,30,30,30,30,19,14,14,14,14,2,50,50,50,50,63,63,63,63,63,63,63,63,63,63,73,73,73,75,75,75,75,75,75,75,75,75,75,76,76,76,76,76,76,76,76,76,76,76,76,7],"gold":40,"neow_bonus":"THREE_ENEMY_KILL","is_prod":false,"is_daily":false,"chose_seed":false,"campfire_upgraded":4,"win_rate":0,"timestamp":1566428373,"path_taken":["M","M","?","?","?","E","M","R","T","M","?","M","?","?","R","BOSS","M","?","M","?","$","E","?","E","T","M","$","E","M","E","R","BOSS","M","?","?","$","?","E","R","E","T","M","?","M","?","E","R","BOSS","BOSS","R","$","E","BOSS"],"build_version":"2019-07-17","purchased_purges":4,"victory":true,"max_hp_per_floor":[66,66,66,66,66,66,66,66,66,66,66,66,66,66,66,66,66,66,66,66,66,66,66,66,66,66,66,66,66,66,76,76,76,76,76,76,76,76,76,76,76,76,76,76,76,76,76,76,76,76,76,76,76,76,76,76],"card_choices":[{"not_picked":["Footwork","Setup"],"picked":"Flechettes","floor":1.0},{"not_picked":["Blur","Outmaneuver"],"picked":"Acrobatics","floor":2.0},{"not_picked":["Prepared","Leg Sweep","Blade Dance"],"picked":"SKIP","floor":6.0},{"not_picked":["Eviscerate","Deflect"],"picked":"Backflip","floor":7.0},{"not_picked":["Slice","Flying Knee","Backflip"],"picked":"SKIP","floor":10.0},{"not_picked":["Heel Hook","Backstab","Cloak And Dagger"],"picked":"SKIP","floor":12.0},{"not_picked":["Bullet Time","Die Die Die"],"picked":"Adrenaline","floor":16.0},{"not_picked":["Prepared","Quick Slash"],"picked":"Acrobatics+1","floor":18.0},{"not_picked":["Prepared","Bouncing Flask","Endless Agony"],"picked":"SKIP","floor":20.0},{"not_picked":["Cloak And Dagger","Accuracy","Riddle With Holes"],"picked":"SKIP","floor":23.0},{"not_picked":["Outmaneuver+1","Dagger Spray","Distraction"],"picked":"SKIP","floor":25.0},{"not_picked":["Quick Slash","Deflect"],"picked":"Prepared+1","floor":27.0},{"not_picked":["Noxious Fumes","Tools of the Trade","Flying Knee"],"picked":"SKIP","floor":29.0},{"not_picked":["Bane","Outmaneuver","Bouncing Flask"],"picked":"SKIP","floor":30.0},{"not_picked":["Cloak And Dagger","PiercingWail"],"picked":"Escape Plan","floor":31.0},{"not_picked":["Storm of Steel","Doppelganger"],"picked":"Adrenaline","floor":33.0},{"not_picked":["All Out Attack","Finisher+1","Dodge and Roll+1"],"picked":"SKIP","floor":35.0},{"not_picked":["Deflect","Poisoned Stab+1","Riddle With Holes+1"],"picked":"SKIP","floor":40.0},{"not_picked":["Well Laid Plans","Acrobatics","Footwork"],"picked":"SKIP","floor":42.0},{"not_picked":["Well Laid Plans","Acrobatics"],"picked":"Footwork","floor":42.0},{"not_picked":["Quick Slash+1","Bane+1","Sucker Punch+1"],"picked":"SKIP","floor":44.0},{"not_picked":["Outmaneuver","Deflect","Dagger Spray+1"],"picked":"SKIP","floor":46},{"not_picked":["Storm of Steel","Deadly Poison+1","Deflect"],"picked":"SKIP","floor":47},{"not_picked":["Blur+1","Blade Dance","PiercingWail+1"],"picked":"SKIP","floor":48},{"not_picked":["Blur+1","Blade Dance"],"picked":"PiercingWail+1","floor":48},{"not_picked":["Glass Knife+1","Dagger Throw+1","Prepared+1"],"picked":"SKIP","floor":55}],"player_experience":962046,"relics_obtained":[{"floor":6.0,"key":"Omamori"},{"floor":9.0,"key":"Art of War"},{"floor":23.0,"key":"Bag of Marbles"},{"floor":25.0,"key":"Mercury Hourglass"},{"floor":29.0,"key":"Tiny Chest"},{"floor":31.0,"key":"Pear"},{"floor":36.0,"key":"Calipers"},{"floor":37.0,"key":"Molten Egg 2"},{"floor":39.0,"key":"Mummified Hand"},{"floor":40.0,"key":"Blue Candle"},{"floor":42.0,"key":"Shovel"},{"floor":43.0,"key":"Blood Vial"},{"floor":48,"key":"Dodecahedron"},{"floor":53,"key":"Shuriken"},{"floor":55,"key":"Oddly Smooth Stone"}],"event_choices":[{"damage_healed":0.0,"max_hp_gain":0.0,"max_hp_loss":0.0,"gold_gain":0.0,"event_name":"Scrap Ooze","player_choice":"Success","floor":3.0,"gold_loss":0.0,"damage_taken":18.0,"relics_obtained":["Bronze Scales"]},{"cards_removed":["Strike_G"],"damage_healed":0.0,"max_hp_gain":0.0,"max_hp_loss":0.0,"gold_gain":0.0,"event_name":"Golden Wing","player_choice":"Card Removal","floor":4.0,"gold_loss":0.0,"damage_taken":7.0},{"cards_removed":["Strike_G"],"damage_healed":0.0,"max_hp_gain":0.0,"max_hp_loss":0.0,"gold_gain":0.0,"event_name":"Living Wall","player_choice":"Forget","floor":5.0,"gold_loss":0.0,"damage_taken":0.0},{"damage_healed":0.0,"max_hp_gain":0.0,"max_hp_loss":0.0,"gold_gain":75.0,"event_name":"World of Goop","player_choice":"Gather Gold","floor":11.0,"gold_loss":0.0,"damage_taken":11.0},{"damage_healed":0.0,"max_hp_gain":0.0,"max_hp_loss":0.0,"gold_gain":0.0,"event_name":"Liars Game","player_choice":"Ignored","floor":13.0,"gold_loss":0.0,"damage_taken":0.0},{"damage_healed":0.0,"max_hp_gain":0.0,"max_hp_loss":0.0,"gold_gain":0.0,"event_name":"Cursed Tome","player_choice":"Ignored","floor":19.0,"gold_loss":0.0,"damage_taken":0.0},{"damage_healed":13.0,"max_hp_gain":0.0,"max_hp_loss":0.0,"gold_gain":0.0,"event_name":"The Library","player_choice":"Heal","floor":21.0,"gold_loss":0.0,"damage_taken":0.0},{"damage_healed":0.0,"max_hp_gain":0.0,"max_hp_loss":0.0,"gold_gain":0.0,"event_name":"Ghosts","player_choice":"Ignored","floor":24.0,"gold_loss":0.0,"damage_taken":0.0},{"damage_healed":0.0,"max_hp_gain":0.0,"max_hp_loss":0.0,"gold_gain":0.0,"event_name":"Mysterious Sphere","player_choice":"Fight","floor":36.0,"gold_loss":0.0,"damage_taken":0.0},{"damage_healed":0.0,"max_hp_gain":0.0,"max_hp_loss":0.0,"gold_gain":0.0,"event_name":"MindBloom","player_choice":"Upgrade","floor":45.0,"gold_loss":0.0,"damage_taken":0.0,"cards_upgraded":["Defend_G","Defend_G","Defend_G","Defend_G","Defend_G","Survivor","Neutralize","Backflip","Adrenaline","Escape Plan","Footwork"],"relics_obtained":["Mark of the Bloom"]}],"is_beta":false,"boss_relics":[{"not_picked":["HoveringKite","White Beast Statue"],"picked":"Coffee Dripper"},{"not_picked":["Cursed Key","Eternal Feather"],"picked":"Runic Pyramid"}],"items_purged_floors":[14,22,28,54],"is_endless":false,"potions_floor_spawned":[1,2,6,18,25,27,29,36,40,44,47],"ascension_level":20}