{"gold_per_floor":[10,10,24,35,35,62,62,80,80,80,91,91,103,134,134,207,207,220,233,158,4,16,16,27,62,62,62,80,5,5,18,18,97,97,115,115,76,76,95,95,123,123,149,149,24,41,41,74,74,74,74,74,74,19,19],"floor_reached":55,"playtime":2469,"items_purged":["Defend_G","Defend_G","Predator+1"],"score":2285,"play_id":"d3a33a85-36b0-4608-8687-5330c1d4857c","local_time":"20190822201326","is_ascension_mode":true,"campfire_choices":[{"data":"Predator","floor":7.0,"key":"SMITH"},{"data":"Doppelganger","floor":12.0,"key":"SMITH"},{"data":"Choke","floor":15.0,"key":"SMITH"},{"data":"Acrobatics","floor":23.0,"key":"SMITH"},{"data":"Prepared","floor":27.0,"key":"SMITH"},{"data":"Reflex","floor":32.0,"key":"SMITH"},{"data":"Tactician","floor":40.0,"key":"SMITH"},{"data":"Well Laid Plans","floor":44.0,"key":"SMITH"},{"floor":49,"key":"RECALL"},{"data":"Doppelganger","floor":53,"key":"SMITH"}],"neow_cost":"NO_GOLD","seed_source_timestamp":0,"circlet_count":0,"master_deck":["AscendersBane","Defend_G","Survivor","Neutralize","Doppelganger+1","Endless Agony","Venomology","Bullet Time+1","Bouncing Flask+1","Backflip+1","Reflex+1","Acrobatics+1","Prepared+1","Tactician+1","Doppelganger+1","Adrenaline","Well Laid Plans+1","Acrobatics+1"],"special_seed":0,"relics":["Ring of the Snake","Centennial Puzzle","Lantern","Mercury Hourglass","Astrolabe","Ice Cream","Mango","Busted Crown","Regal Pillow","Du-Vu Doll"],"potions_floor_usage":[50,51,51,51,51,51,55],"damage_taken":[{"damage":1.0,"enemies":"Cultist","floor":1.0,"turns":5.0},{"damage":4.0,"enemies":"Small Slimes","floor":3.0,"turns":3.0},{"damage":0.0,"enemies":"2 Louse","floor":4.0,"turns":2.0},{"damage":24.0,"enemies":"Lagavulin","floor":6.0,"turns":9.0},{"damage":10.0,"enemies":"Exordium Thugs","floor":8.0,"turns":4.0},{"damage":1.0,"enemies":"Lots of Slimes","floor":11.0,"turns":3.0},{"damage":0.0,"enemies":"Red Slaver","floor":13.0,"turns":2.0},{"damage":0.0,"enemies":"Gremlin Nob","floor":14.0,"turns":3.0},{"damage":17.0,"enemies":"Slime Boss","floor":16.0,"turns":10.0},{"damage":14.0,"enemies":"2 Thieves","floor":18.0,"turns":3.0},{"damage":0.0,"enemies":"Spheric Guardian","floor":19.0,"turns":2.0},{"damage":0.0,"enemies":"Snecko","floor":22.0,"turns":2.0},{"damage":0.0,"enemies":"Snake Plant","floor":24.0,"turns":1.0},{"damage":0.0,"enemies":"Gremlin Leader","floor":25.0,"turns":3.0},{"damage":0.0,"enemies":"Centurion and Healer","floor":28.0,"turns":3.0},{"damage":0.0,"enemies":"Snecko","floor":31.0,"turns":3.0},{"damage":0.0,"enemies":"Collector","floor":33.0,"turns":2.0},{"damage":2.0,"enemies":"3 Shapes","floor":35.0,"turns":4.0},{"damage":0.0,"enemies":"Orb Walker","floor":39.0,"turns":2.0},{"damage":6.0,"enemies":"Reptomancer","floor":41.0,"turns":4.0},{"damage":0.0,"enemies":"4 Shapes","floor":46.0,"turns":4.0},{"damage":0,"enemies":"Nemesis","floor":48,"turns":1},{"damage":7,"enemies":"Awakened One","floor":50,"turns":6},{"damage":0,"enemies":"Donu and Deca","floor":51,"turns":4},{"damage":0,"enemies":"Shield and Spear","floor":55,"turns":1}],"seed_played":"6103429224101674464","potions_obtained":[{"floor":4.0,"key":"AttackPotion"},{"floor":13.0,"key":"EssenceOfSteel"},{"floor":14.0,"key":"Ancient Potion"},{"floor":31.0,"key":"PowerPotion"},{"floor":33.0,"key":"Energy Potion"},{"floor":47.0,"key":"EntropicBrew"}],"is_trial":false,"path_per_floor":["M","$","M","M","?","E","R","M","T","?","M","R","M","E","R","B",null,"M","M","$","$","M","R","M","E","T","R","M","?","$","M","R","B",null,"M","?","$","?","M","R","E","?","T","R","$","M","?","E","R","B","B",null,"R","$","E"],"character_chosen":"THE_SILENT","items_purchased":["Acrobatics","Well Laid Plans","Block Potion"],"campfire_rested":0,"item_purchase_floors":[21,37,54],"current_hp_per_floor":[58,58,54,54,54,30,30,20,20,20,19,19,19,19,19,2,50,36,36,36,36,36,36,41,41,55,55,55,55,55,55,55,55,74,72,72,72,72,72,72,66,66,66,66,66,66,66,66,66,59,59,72,72,72,72],"gold":19,"neow_bonus":"TRANSFORM_TWO_CARDS","is_prod":false,"is_daily":false,"chose_seed":false,"campfire_upgraded":9,"win_rate":0,"timestamp":1566472406,"path_taken":["M","?","M","M","?","E","R","M","T","?","M","R","?","E","R","BOSS","M","M","?","$","?","R","M","E","T","R","M","?","?","?","R","BOSS","M","?","$","?","?","R","E","?","T","R","?","?","?","E","R","BOSS","BOSS","R","$","E"],"build_version":"2019-07-17","purchased_purges":3,"victory":false,"max_hp_per_floor":[66,66,66,66,66,66,66,66,66,66,66,66,66,66,66,66,66,66,66,66,66,66,66,66,66,80,80,80,80,80,80,80,80,80,80,80,80,80,80,80,80,76,76,76,76,76,76,76,76,76,76,76,76,76,76],"card_choices":[{"not_picked":["Bane","Escape Plan"],"picked":"Predator","floor":1.0},{"not_picked":["Underhanded Strike","Backflip","Setup"],"picked":"SKIP","floor":3.0},{"not_picked":["Quick Slash","Endless Agony","Blade Dance"],"picked":"SKIP","floor":4.0},{"not_picked":["Quick Slash","Blade Dance"],"picked":"Endless Agony","floor":4.0},{"not_picked":["Blade Dance","Prepared","Expertise"],"picked":"SKIP","floor":6.0},{"not_picked":["Blade Dance","Prepared","Expertise"],"picked":"SKIP","floor":6.0},{"not_picked":["Backflip","Catalyst","Cloak And Dagger"],"picked":"SKIP","floor":8.0},{"not_picked":["Slice","Blade Dance","Distraction"],"picked":"SKIP","floor":11.0},{"not_picked":["Dagger Spray","Bouncing Flask","Underhanded Strike"],"picked":"SKIP","floor":13.0},{"not_picked":["Cloak And Dagger","Footwork"],"picked":"Choke","floor":14.0},{"not_picked":["Glass Knife","Doppelganger"],"picked":"Venomology","floor":16.0},{"not_picked":["Flying Knee","Distraction","Backstab"],"picked":"SKIP","floor":18.0},{"not_picked":["Underhanded Strike","Blade Dance"],"picked":"Reflex","floor":19.0},{"not_picked":["Heel Hook","Sucker Punch","Dodge and Roll"],"picked":"SKIP","floor":22.0},{"not_picked":["Heel Hook","Sucker Punch","Dodge and Roll"],"picked":"SKIP","floor":22.0},{"not_picked":["Quick Slash","Acrobatics"],"picked":"Prepared","floor":24.0},{"not_picked":["Backflip","Expertise+1","Blur"],"picked":"SKIP","floor":25.0},{"not_picked":["Slice+1","Setup","Backflip"],"picked":"SKIP","floor":28.0},{"not_picked":["Deadly Poison","PiercingWail"],"picked":"Adrenaline","floor":31.0},{"not_picked":["Dodge and Roll"],"picked":"SKIP","floor":35.0},{"not_picked":["Deadly Poison"],"picked":"SKIP","floor":39.0},{"not_picked":["Skewer+1"],"picked":"SKIP","floor":41.0},{"not_picked":["Dagger Spray"],"picked":"SKIP","floor":46.0},{"not_picked":["Acrobatics+1"],"picked":"SKIP","floor":48}],"player_experience":970964,"relics_obtained":[{"floor":6.0,"key":"Centennial Puzzle"},{"floor":9.0,"key":"Lantern"},{"floor":14.0,"key":"Mercury Hourglass"},{"floor":25.0,"key":"Ice Cream"},{"floor":26.0,"key":"Mango"},{"floor":41.0,"key":"Regal Pillow"},{"floor":48,"key":"Du-Vu Doll"}],"event_choices":[{"damage_healed":0.0,"max_hp_gain":0.0,"max_hp_loss":0.0,"gold_gain":0.0,"event_name":"The Cleric","player_choice":"Leave","floor":5.0,"gold_loss":0.0,"damage_taken":0.0},{"cards_removed":["Strike_G"],"damage_healed":0.0,"max_hp_gain":0.0,"max_hp_loss":0.0,"gold_gain":0.0,"event_name":"Bonfire Elementals","player_choice":"Offered Basic","floor":10.0,"gold_loss":0.0,"damage_taken":0.0},{"damage_healed":0.0,"max_hp_gain":0.0,"max_hp_loss":0.0,"gold_gain":0.0,"cards_transformed":["Defend_G","Defend_G"],"event_name":"Designer","player_choice":"Transformed Cards","floor":29.0,"gold_loss":75.0,"damage_taken":0.0,"cards_obtained":["Tactician","Doppelganger"]},{"cards_removed":["Choke"],"damage_healed":0.0,"max_hp_gain":0.0,"max_hp_loss":0.0,"gold_gain":0.0,"event_name":"Falling","player_choice":"Removed Attack","floor":36.0,"gold_loss":0.0,"damage_taken":0.0},{"damage_healed":0.0,"max_hp_gain":0.0,"max_hp_loss":0.0,"gold_gain":0.0,"event_name":"Duplicator","player_choice":"Copied","floor":38.0,"gold_loss":0.0,"damage_taken":0.0,"cards_obtained":["Acrobatics"]},{"damage_healed":0.0,"max_hp_gain":0.0,"max_hp_loss":4.0,"gold_gain":0.0,"event_name":"Winding Halls","player_choice":"Max HP","floor":42.0,"gold_loss":0.0,"damage_taken":0.0},{"damage_healed":0.0,"max_hp_gain":0.0,"max_hp_loss":0.0,"gold_gain":0.0,"event_name":"Lab","player_choice":"Got Potions","floor":47.0,"gold_loss":0.0,"damage_taken":0.0}],"is_beta":false,"boss_relics":[{"not_picked":["Lizard Tail","White Beast Statue"],"picked":"Astrolabe"},{"not_picked":["Velvet Choker","Sozu"],"picked":"Busted Crown"}],"items_purged_floors":[20,21,45],"is_endless":false,"potions_floor_spawned":[4,13,14,18,19,25,31,33,41,46],"killed_by":"Shield and Spear","ascension_level":20}