{"gold_per_floor":[216,216,216,45,45,72,86,86,86,86,98,114,148,62,62,62],"floor_reached":16,"playtime":587,"items_purged":[],"score":194,"play_id":"4ea23d4b-3454-4673-a838-216dbfe42821","local_time":"20190130153916","is_ascension_mode":true,"campfire_choices":[{"data":"Dualcast","floor":8,"key":"SMITH"},{"floor":10,"key":"RECALL"},{"data":"Loop","floor":15,"key":"SMITH"}],"neow_cost":"NONE","seed_source_timestamp":179882434596483,"circlet_count":0,"master_deck":["AscendersBane","Strike_B","Strike_B","Strike_B","Strike_B","Defend_B","Defend_B","Defend_B","Defend_B","Zap+1","Dualcast+1","Self Repair","Self Repair","Loop+1"],"relics":["Cracked Core","Dodecahedron","PreservedInsect","Toxic Egg 2","StoneCalendar","FossilizedHelix"],"potions_floor_usage":[6,16,16],"damage_taken":[{"damage":1,"enemies":"Cultist","floor":1,"turns":3},{"damage":20,"enemies":"3 Sentries","floor":6,"turns":8},{"damage":14,"enemies":"Jaw Worm","floor":7,"turns":4},{"damage":0,"enemies":"2 Louse","floor":11,"turns":2},{"damage":45,"enemies":"Exordium Thugs","floor":12,"turns":7},{"damage":25,"enemies":"Lagavulin","floor":13,"turns":6},{"damage":30,"enemies":"Hexaghost","floor":16,"turns":9}],"seed_played":"7427530893978486907","potions_obtained":[{"floor":1,"key":"Fire Potion"},{"floor":13,"key":"Weak Potion"}],"is_trial":false,"path_per_floor":["M","?","?","$","?","E","M","R","T","R","M","M","E","$","R","B"],"character_chosen":"DEFECT","items_purchased":["PreservedInsect","Regen Potion"],"campfire_rested":0,"item_purchase_floors":[4,14],"current_hp_per_floor":[63,58,63,63,63,50,50,50,50,50,57,26,15,15,15,0],"gold":62,"neow_bonus":"HUNDRED_GOLD","is_prod":false,"is_daily":false,"chose_seed":false,"campfire_upgraded":2,"win_rate":0,"timestamp":1548859156,"path_taken":["M","?","?","?","?","E","M","R","T","R","?","M","E","$","R","BOSS"],"build_version":"2019-01-17v2","purchased_purges":0,"victory":false,"max_hp_per_floor":[71,71,76,76,76,76,76,76,76,76,76,76,76,76,76,76],"card_choices":[{"not_picked":["Conserve Battery","Steam"],"picked":"Self Repair","floor":1},{"not_picked":["Barrage","Leap"],"picked":"Self Repair","floor":6},{"not_picked":["Reprogram+1","Undo+1","Consume+1"],"picked":"SKIP","floor":7},{"not_picked":["Storm","Steam+1","Stack+1"],"picked":"SKIP","floor":11},{"not_picked":["Leap+1","Echo Form"],"picked":"Loop","floor":12},{"not_picked":["Steam Power+1","Steam+1","Streamline"],"picked":"SKIP","floor":13}],"player_experience":1195020,"relics_obtained":[{"floor":6,"key":"Toxic Egg 2"},{"floor":9,"key":"StoneCalendar"},{"floor":13,"key":"FossilizedHelix"}],"event_choices":[{"damage_healed":0,"gold_gain":0,"player_choice":"Success","damage_taken":5,"relics_obtained":["Dodecahedron"],"max_hp_gain":0,"max_hp_loss":0,"event_name":"Scrap Ooze","floor":2,"gold_loss":0},{"damage_healed":0,"gold_gain":0,"player_choice":"Donut","damage_taken":0,"max_hp_gain":5,"max_hp_loss":0,"event_name":"Big Fish","floor":3,"gold_loss":0},{"damage_healed":0,"gold_gain":0,"player_choice":"Grow","damage_taken":0,"max_hp_gain":0,"max_hp_loss":0,"event_name":"Living Wall","floor":5,"gold_loss":0,"cards_upgraded":["Zap"]}],"is_beta":false,"boss_relics":[],"items_purged_floors":[],"is_endless":false,"potions_floor_spawned":[1,13],"killed_by":"Hexaghost","ascension_level":16}