{"gold_per_floor":[109,109,127,137,137,172,172,172,199,199,262,275,275,200,200,200],"floor_reached":16,"playtime":385,"items_purged":["Strike_R"],"score":196,"play_id":"8e3eb443-c4b9-4eac-8221-961d576dce78","local_time":"20190902213935","is_ascension_mode":true,"campfire_choices":[{"data":"Body Slam","floor":7.0,"key":"SMITH"},{"data":"Second Wind","floor":10.0,"key":"SMITH"},{"data":"Power Through","floor":15.0,"key":"SMITH"}],"neow_cost":"NONE","seed_source_timestamp":1587469103252700,"circlet_count":0,"master_deck":["AscendersBane","Strike_R","Strike_R","Strike_R","Defend_R","Defend_R","Defend_R","Defend_R","Bash","Second Wind+1","Body Slam+1","Reckless Charge","Power Through+1"],"special_seed":0,"relics":["Burning Blood","NeowsBlessing","Pen Nib","Happy Flower","Ancient Tea Set"],"potions_floor_usage":[16],"damage_taken":[{"damage":0.0,"enemies":"Cultist","floor":1.0,"turns":1.0},{"damage":0.0,"enemies":"Jaw Worm","floor":3.0,"turns":1.0},{"damage":0.0,"enemies":"2 Louse","floor":4.0,"turns":1.0},{"damage":20.0,"enemies":"Lagavulin","floor":6.0,"turns":7.0},{"damage":45.0,"enemies":"3 Sentries","floor":11.0,"turns":14.0},{"damage":0.0,"enemies":"2 Fungi Beasts","floor":12.0,"turns":4.0},{"damage":27,"enemies":"Slime Boss","floor":16,"turns":7}],"seed_played":"132450537467209692","potions_obtained":[{"floor":2.0,"key":"SmokeBomb"},{"floor":2.0,"key":"Fruit Juice"},{"floor":3.0,"key":"PowerPotion"},{"floor":4.0,"key":"SteroidPotion"},{"floor":12.0,"key":"SteroidPotion"}],"is_trial":false,"path_per_floor":["M","?","M","M","?","E","R","?","T","R","?","M","T","$","R","B"],"character_chosen":"IRONCLAD","items_purchased":[],"campfire_rested":0,"item_purchase_floors":[],"current_hp_per_floor":[74,79,80,80,85,71,71,64,64,64,25,31,31,31,31,4],"gold":200,"neow_bonus":"THREE_ENEMY_KILL","is_prod":false,"is_daily":false,"chose_seed":false,"campfire_upgraded":3,"win_rate":0,"timestamp":1567431575,"path_taken":["M","?","M","?","?","E","R","?","T","R","?","M","?","$","R","BOSS"],"build_version":"2019-08-26","purchased_purges":1,"victory":false,"max_hp_per_floor":[75,80,80,80,85,85,85,85,85,85,85,85,85,85,85,85],"card_choices":[{"not_picked":["Perfected Strike","Inflame"],"picked":"Second Wind","floor":1.0},{"not_picked":["Cleave","Thunderclap","Armaments"],"picked":"SKIP","floor":3.0},{"not_picked":["Sever Soul","Searing Blow"],"picked":"Body Slam","floor":4.0},{"not_picked":["Clothesline","Bloodletting","Thunderclap"],"picked":"SKIP","floor":6.0},{"not_picked":["Clash","Wild Strike"],"picked":"Reckless Charge","floor":11.0},{"not_picked":["Flex","Headbutt"],"picked":"Power Through","floor":12.0}],"player_experience":3160581,"relics_obtained":[{"floor":6.0,"key":"Pen Nib"},{"floor":9.0,"key":"Happy Flower"},{"floor":11.0,"key":"Ancient Tea Set"}],"event_choices":[{"damage_healed":0.0,"max_hp_gain":0.0,"max_hp_loss":0.0,"gold_gain":0.0,"event_name":"Lab","player_choice":"Got Potions","floor":2.0,"gold_loss":0.0,"damage_taken":0.0},{"damage_healed":0.0,"max_hp_gain":5.0,"max_hp_loss":0.0,"gold_gain":0.0,"event_name":"Big Fish","player_choice":"Donut","floor":5.0,"gold_loss":0.0,"damage_taken":0.0},{"cards_removed":["Strike_R"],"damage_healed":0.0,"max_hp_gain":0.0,"max_hp_loss":0.0,"gold_gain":0.0,"event_name":"Golden Wing","player_choice":"Card Removal","floor":8.0,"gold_loss":0.0,"damage_taken":7.0},{"damage_healed":0.0,"max_hp_gain":0.0,"max_hp_loss":0.0,"gold_gain":0.0,"event_name":"Dead Adventurer","player_choice":"Searched \u00271\u0027 times","floor":11.0,"gold_loss":0.0,"damage_taken":0.0}],"is_beta":true,"boss_relics":[],"items_purged_floors":[14],"is_endless":false,"potions_floor_spawned":[3,4,12],"killed_by":"Slime Boss","ascension_level":20}