{"gold_per_floor":[118,28,78,91,91,91,16,49,49,60,60,75,75,91,91,167,167,187,187,187,187,187,187,214,0,45,45,45,45,45,76,76,150,150,160,215,231,247,297,323,323,351,351,351,361,389,413,436,448,460,472,484,496,8,34,34],"floor_reached":56,"playtime":2766,"items_purged":["Decay"],"score":2088,"play_id":"7fa32f69-3855-4c4b-bc5b-330b7450b820","local_time":"20190909224957","is_ascension_mode":true,"campfire_choices":[{"data":"Zap","floor":6.0,"key":"SMITH"},{"data":"Consume","floor":11.0,"key":"SMITH"},{"data":"Dualcast","floor":13.0,"key":"SMITH"},{"data":"Coolheaded","floor":15.0,"key":"SMITH"},{"data":"Turbo","floor":23.0,"key":"SMITH"},{"data":"Reprogram","floor":27.0,"key":"SMITH"},{"data":"Go for the Eyes","floor":30.0,"key":"SMITH"},{"data":"Capacitor","floor":32.0,"key":"SMITH"},{"data":"Defragment","floor":41.0,"key":"SMITH"},{"floor":49.0,"key":"RECALL"},{"data":"Coolheaded","floor":53.0,"key":"SMITH"}],"neow_cost":"NONE","seed_source_timestamp":1118855009595659,"circlet_count":0,"master_deck":["AscendersBane","Zap+1","Dualcast+1","Coolheaded+1","Ball Lightning","Melter","Compile Driver","Consume+1","Steam","Stack","Undo","Ball Lightning","Reprogram+1","Core Surge","Turbo+1","Sweeping Beam+1","Coolheaded+1","Cold Snap+1","Capacitor+1","Go for the Eyes+1","Core Surge","Hologram","Electrodynamics","Hello World","Rip and Tear","Hyperbeam","Defragment+1","Force Field","Core Surge","Melter","Recycle+1","Coolheaded+1","Redo+1","Heatsinks+1","Conserve Battery+1","Seek","Glacier","Meteor Strike","Compile Driver","Stack","Coolheaded","Redo+1","Compile Driver","BootSequence","Turbo","Capacitor","Defragment","Turbo"],"special_seed":0,"relics":["Cracked Core","NeowsBlessing","Juzu Bracelet","Prayer Wheel","Happy Flower","Nuclear Battery","Meat on the Bone","Pocketwatch","Pandora\u0027s Box","FossilizedHelix","The Courier","Shuriken","Symbiotic Virus","MawBank","Frozen Eye","Anchor"],"potions_floor_usage":[56,56],"damage_taken":[{"damage":0.0,"enemies":"Jaw Worm","floor":1.0,"turns":1.0},{"damage":0.0,"enemies":"Cultist","floor":4.0,"turns":1.0},{"damage":0.0,"enemies":"3 Sentries","floor":8.0,"turns":1.0},{"damage":0.0,"enemies":"Small Slimes","floor":10.0,"turns":2.0},{"damage":12.0,"enemies":"Exordium Wildlife","floor":12.0,"turns":3.0},{"damage":7.0,"enemies":"Red Slaver","floor":14.0,"turns":3.0},{"damage":8.0,"enemies":"Slime Boss","floor":16.0,"turns":8.0},{"damage":13.0,"enemies":"Shell Parasite","floor":18.0,"turns":5.0},{"damage":23.0,"enemies":"Slavers","floor":24.0,"turns":6.0},{"damage":5.0,"enemies":"Gremlin Leader","floor":31.0,"turns":8.0},{"damage":18.0,"enemies":"Automaton","floor":33.0,"turns":11.0},{"damage":9.0,"enemies":"3 Shapes","floor":35.0,"turns":2.0},{"damage":15.0,"enemies":"2 Orb Walkers","floor":36.0,"turns":6.0},{"damage":0.0,"enemies":"Orb Walker","floor":37.0,"turns":3.0},{"damage":0.0,"enemies":"3 Darklings","floor":38.0,"turns":3.0},{"damage":0.0,"enemies":"Nemesis","floor":40.0,"turns":13.0},{"damage":0.0,"enemies":"Giant Head","floor":42.0,"turns":12.0},{"damage":0.0,"enemies":"Maw","floor":45.0,"turns":7.0},{"damage":34.0,"enemies":"Nemesis","floor":46.0,"turns":9.0},{"damage":4.0,"enemies":"Writhing Mass","floor":47.0,"turns":6.0},{"damage":0.0,"enemies":"Spire Growth","floor":48.0,"turns":6.0},{"damage":21.0,"enemies":"Awakened One","floor":50.0,"turns":17.0},{"damage":21.0,"enemies":"Donu and Deca","floor":51.0,"turns":11.0},{"damage":34.0,"enemies":"Shield and Spear","floor":55.0,"turns":7.0},{"damage":0,"enemies":"The Heart","floor":56,"turns":2}],"seed_played":"-4988879360690118777","potions_obtained":[{"floor":1.0,"key":"SpeedPotion"},{"floor":4.0,"key":"AttackPotion"},{"floor":14.0,"key":"Swift Potion"},{"floor":24.0,"key":"SkillPotion"},{"floor":33.0,"key":"FocusPotion"},{"floor":36.0,"key":"SteroidPotion"},{"floor":40.0,"key":"Regen Potion"},{"floor":55.0,"key":"Weak Potion"}],"is_trial":false,"path_per_floor":["M","$","?","M","?","R","?","E","T","M","R","M","R","M","R","B",null,"M","?","?","?","?","R","E","$","T","R","?","?","R","E","R","B",null,"M","?","M","M","?","E","R","E","T","?","M","E","M","M","R","B","B",null,"R","$","E","B"],"character_chosen":"DEFECT","items_purchased":["Ball Lightning","Melter","Capacitor","Swift Potion","BootSequence","Turbo","Capacitor","Frozen Eye","Defragment","SpeedPotion","PowerPotion"],"campfire_rested":0,"item_purchase_floors":[2,2,25,25,54,54,54,54,54,54,54],"current_hp_per_floor":[64,64,57,57,31,31,31,31,31,31,31,19,19,12,12,4,54,41,41,41,41,41,41,18,18,18,18,18,18,18,25,25,19,58,49,46,46,46,46,46,46,46,46,46,46,24,32,44,44,35,26,57,57,57,35,35],"gold":34,"neow_bonus":"THREE_ENEMY_KILL","is_prod":false,"is_daily":false,"chose_seed":false,"campfire_upgraded":10,"win_rate":0,"timestamp":1568040597,"path_taken":["M","$","?","?","?","R","?","E","T","M","R","M","R","M","R","BOSS","M","?","?","?","?","R","E","$","T","R","?","?","R","E","R","BOSS","M","?","M","M","?","E","R","E","T","?","M","E","M","M","R","BOSS","BOSS","R","$","E","BOSS"],"build_version":"2019-07-17","purchased_purges":1,"victory":false,"max_hp_per_floor":[71,71,71,71,71,71,71,71,71,71,71,71,71,71,71,71,71,71,71,71,71,71,71,71,71,71,71,71,71,71,71,71,71,71,71,71,71,71,71,71,71,71,71,67,67,67,67,67,67,67,67,67,67,67,67,67],"card_choices":[{"not_picked":["Blizzard","Barrage"],"picked":"Coolheaded","floor":1.0},{"not_picked":["Hologram","Coolheaded"],"picked":"Compile Driver","floor":4.0},{"not_picked":["Ball Lightning","Melter"],"picked":"Consume","floor":8.0},{"not_picked":["Sweeping Beam","Ball Lightning"],"picked":"Steam","floor":10.0},{"not_picked":["Rebound","Static Discharge"],"picked":"Stack","floor":10.0},{"not_picked":["Stack","Blizzard"],"picked":"Undo","floor":12.0},{"not_picked":["Streamline","Gash"],"picked":"Ball Lightning","floor":12.0},{"not_picked":["Hello World","Rebound"],"picked":"Reprogram","floor":14.0},{"not_picked":["Gash","Leap","Fusion"],"picked":"SKIP","floor":14.0},{"not_picked":["Machine Learning","Multi-Cast"],"picked":"Core Surge","floor":16.0},{"not_picked":["Steam Power","Gash"],"picked":"Turbo","floor":18.0},{"not_picked":["Storm","Blizzard"],"picked":"Sweeping Beam+1","floor":18.0},{"not_picked":["Hello World","Steam+1"],"picked":"Cold Snap+1","floor":24.0},{"not_picked":["Scrape","Barrage+1"],"picked":"Hologram","floor":31.0},{"not_picked":["Buffer","Amplify"],"picked":"Electrodynamics","floor":33.0},{"not_picked":["Coolheaded+1","Conserve Battery"],"picked":"Recycle+1","floor":35.0},{"not_picked":["Beam Cell","Go for the Eyes"],"picked":"Coolheaded","floor":35.0},{"not_picked":["Undo+1","Rebound"],"picked":"Redo+1","floor":37.0},{"not_picked":["Leap","Glacier+1"],"picked":"Heatsinks+1","floor":37.0},{"not_picked":["Barrage","Ball Lightning+1"],"picked":"Conserve Battery+1","floor":38.0},{"not_picked":["Barrage+1","Compile Driver+1"],"picked":"Seek","floor":38.0},{"not_picked":["Beam Cell+1","Chaos"],"picked":"Glacier","floor":40.0},{"not_picked":["Leap+1","Storm","Go for the Eyes"],"picked":"SKIP","floor":42.0},{"not_picked":["Sweeping Beam+1","Rip and Tear+1"],"picked":"Meteor Strike","floor":45.0},{"not_picked":["Tempest","Stack"],"picked":"Compile Driver","floor":45.0},{"not_picked":["Steam","Glacier"],"picked":"Stack","floor":46.0},{"not_picked":["Sweeping Beam","FTL"],"picked":"Coolheaded","floor":47.0},{"not_picked":["Barrage","Rebound","Lockon"],"picked":"SKIP","floor":47.0},{"not_picked":["Steam+1","Sweeping Beam"],"picked":"Redo+1","floor":48.0},{"not_picked":["Reprogram+1","Ball Lightning"],"picked":"Compile Driver","floor":48.0},{"not_picked":["Leap+1","Beam Cell"],"picked":"Turbo","floor":55.0}],"player_experience":2274337,"relics_obtained":[{"floor":8.0,"key":"Prayer Wheel"},{"floor":9.0,"key":"Happy Flower"},{"floor":24.0,"key":"Meat on the Bone"},{"floor":31.0,"key":"Pocketwatch"},{"floor":36.0,"key":"FossilizedHelix"},{"floor":40.0,"key":"The Courier"},{"floor":42.0,"key":"Shuriken"},{"floor":43.0,"key":"Symbiotic Virus"},{"floor":46.0,"key":"MawBank"},{"floor":55.0,"key":"Anchor"}],"event_choices":[{"damage_healed":0.0,"max_hp_gain":0.0,"max_hp_loss":0.0,"gold_gain":50.0,"event_name":"FaceTrader","player_choice":"Touch","floor":3.0,"gold_loss":0.0,"damage_taken":7.0},{"damage_healed":0.0,"max_hp_gain":0.0,"max_hp_loss":0.0,"gold_gain":0.0,"event_name":"Scrap Ooze","player_choice":"Success","floor":5.0,"gold_loss":0.0,"damage_taken":26.0,"relics_obtained":["Juzu Bracelet"]},{"cards_removed":["Strike_B"],"damage_healed":0.0,"max_hp_gain":0.0,"max_hp_loss":0.0,"gold_gain":0.0,"event_name":"The Cleric","player_choice":"Card Removal","floor":7.0,"gold_loss":75.0,"damage_taken":0.0},{"damage_healed":0.0,"max_hp_gain":0.0,"max_hp_loss":0.0,"gold_gain":0.0,"event_name":"Duplicator","player_choice":"Copied","floor":19.0,"gold_loss":0.0,"damage_taken":0.0,"cards_obtained":["Coolheaded"]},{"damage_healed":0.0,"max_hp_gain":0.0,"max_hp_loss":0.0,"gold_gain":0.0,"event_name":"Vampires","player_choice":"Ignored","floor":20.0,"gold_loss":0.0,"damage_taken":0.0},{"damage_healed":0.0,"max_hp_gain":0.0,"max_hp_loss":0.0,"gold_gain":0.0,"event_name":"N\u0027loth","player_choice":"Ignored","floor":21.0,"gold_loss":0.0,"damage_taken":0.0},{"damage_healed":0.0,"max_hp_gain":0.0,"max_hp_loss":0.0,"gold_gain":0.0,"event_name":"Wheel of Change","player_choice":"Cursed","floor":22.0,"gold_loss":0.0,"damage_taken":0.0,"cards_obtained":["Decay"]},{"damage_healed":0.0,"max_hp_gain":0.0,"max_hp_loss":0.0,"gold_gain":0.0,"event_name":"Match and Keep!","player_choice":"2 cards matched","floor":28.0,"gold_loss":0.0,"damage_taken":0.0,"cards_obtained":["Go for the Eyes","Core Surge"]},{"damage_healed":0.0,"max_hp_gain":0.0,"max_hp_loss":0.0,"gold_gain":0.0,"event_name":"Lab","player_choice":"Got Potions","floor":29.0,"gold_loss":0.0,"damage_taken":0.0},{"damage_healed":0.0,"max_hp_gain":0.0,"max_hp_loss":0.0,"gold_gain":0.0,"event_name":"Mysterious Sphere","player_choice":"Fight","floor":36.0,"gold_loss":0.0,"damage_taken":0.0},{"damage_healed":0.0,"max_hp_gain":0.0,"max_hp_loss":0.0,"gold_gain":50.0,"event_name":"Golden Shrine","player_choice":"Pray","floor":39.0,"gold_loss":0.0,"damage_taken":0.0},{"damage_healed":0.0,"max_hp_gain":0.0,"max_hp_loss":4.0,"gold_gain":0.0,"event_name":"Winding Halls","player_choice":"Max HP","floor":44.0,"gold_loss":0.0,"damage_taken":0.0}],"is_beta":false,"boss_relics":[{"not_picked":["White Beast Statue","Cursed Key"],"picked":"Nuclear Battery"},{"not_picked":["FrozenCore","Coffee Dripper"],"picked":"Pandora\u0027s Box"}],"items_purged_floors":[25],"is_endless":false,"potions_floor_spawned":[1,4,14,24,33,36,40,45,48,55],"killed_by":"The Heart","ascension_level":20}