{"gold_per_floor":[109,109,122,141,151,151,186,186,255,255,235,247,279,279,279,378,378,392,147,167,167,180,204,204,219,219,219,269,269,269],"floor_reached":30,"playtime":1575,"items_purged":["Strike_B"],"score":420,"play_id":"39e97ecf-ca04-4d95-87d6-88ef62f813c0","local_time":"20190129014617","is_ascension_mode":true,"campfire_choices":[{"data":"Zap","floor":6,"key":"SMITH"},{"data":"Dualcast","floor":8,"key":"SMITH"},{"data":"Cold Snap","floor":10,"key":"SMITH"},{"data":"Barrage","floor":15,"key":"SMITH"},{"data":"Go for the Eyes","floor":24,"key":"SMITH"}],"neow_cost":"NONE","seed_source_timestamp":42510704563999,"circlet_count":0,"master_deck":["AscendersBane","Strike_B","Strike_B","Defend_B","Defend_B","Defend_B","Zap+1","Dualcast+1","Cold Snap+1","Static Discharge","Conserve Battery","Coolheaded","Barrage+1","Core Surge","Echo Form","Self Repair","Compile Driver","Go for the Eyes+1","Sweeping Beam","Loop","Turbo"],"relics":["Cracked Core","Vajra","Turnip","Question Card","Juzu Bracelet","Golden Idol","Sozu","Letter Opener"],"potions_floor_usage":[13,16,18,23],"damage_taken":[{"damage":2,"enemies":"Jaw Worm","floor":1,"turns":3},{"damage":0,"enemies":"Cultist","floor":3,"turns":3},{"damage":2,"enemies":"2 Louse","floor":4,"turns":2},{"damage":2,"enemies":"Red Slaver","floor":5,"turns":3},{"damage":11,"enemies":"Lagavulin","floor":7,"turns":6},{"damage":6,"enemies":"Looter","floor":12,"turns":3},{"damage":1,"enemies":"3 Sentries","floor":13,"turns":6},{"damage":9,"enemies":"Hexaghost","floor":16,"turns":8},{"damage":14,"enemies":"Shell Parasite","floor":18,"turns":2},{"damage":12,"enemies":"Spheric Guardian","floor":20,"turns":4},{"damage":16,"enemies":"Snecko","floor":22,"turns":5},{"damage":10,"enemies":"Centurion and Healer","floor":23,"turns":5},{"damage":14,"enemies":"Snake Plant","floor":25,"turns":5},{"damage":9,"enemies":"Sentry and Sphere","floor":30,"turns":2}],"seed_played":"8081119445643700233","potions_obtained":[{"floor":3,"key":"AttackPotion"},{"floor":11,"key":"Strength Potion"},{"floor":13,"key":"LiquidBronze"},{"floor":16,"key":"Poison Potion"}],"is_trial":false,"path_per_floor":["M","?","M","M","M","R","E","R","T","R","?","M","E","?","R","B",null,"M","$","M","?","M","M","R","M","T","?","?","?","M"],"character_chosen":"DEFECT","items_purchased":["Self Repair","Compile Driver","Go for the Eyes"],"campfire_rested":0,"item_purchase_floors":[19,19,19],"current_hp_per_floor":[62,62,62,60,58,58,47,47,47,47,47,41,40,40,40,31,56,42,42,37,37,28,25,25,18,18,9,9,9,0],"gold":269,"neow_bonus":"RANDOM_COMMON_RELIC","is_prod":false,"is_daily":false,"chose_seed":false,"campfire_upgraded":5,"win_rate":0,"timestamp":1548722777,"path_taken":["M","?","?","M","M","R","E","R","T","R","?","?","E","?","R","BOSS","M","$","M","?","M","M","R","M","T","?","?","?","M"],"build_version":"2019-01-17v2","purchased_purges":1,"victory":false,"max_hp_per_floor":[71,71,71,71,71,71,71,71,71,71,71,71,71,64,64,64,64,64,64,64,64,64,64,64,64,64,64,64,64,64],"card_choices":[{"not_picked":["Sunder","Go for the Eyes"],"picked":"Cold Snap","floor":1},{"not_picked":["Gash","Cold Snap"],"picked":"Conserve Battery","floor":3},{"not_picked":["Turbo","Lockon"],"picked":"Coolheaded","floor":4},{"not_picked":["Beam Cell","Streamline","Leap"],"picked":"SKIP","floor":5},{"not_picked":["Hello World","Coolheaded","Aggregate"],"picked":"SKIP","floor":7},{"not_picked":["Rebound","Rainbow","Steam"],"picked":"Barrage","floor":12},{"not_picked":["Double Energy","Blizzard","Steam"],"picked":"Core Surge","floor":13},{"not_picked":["Machine Learning","Seek","Rainbow"],"picked":"Echo Form","floor":16},{"not_picked":["Blizzard","Static Discharge","Gash","Beam Cell"],"picked":"SKIP","floor":18},{"not_picked":["Darkness","Hologram","Go for the Eyes+1","Stack"],"picked":"SKIP","floor":20},{"not_picked":["Compile Driver","Storm+1","FTL"],"picked":"Sweeping Beam","floor":22},{"not_picked":["Redo","Undo+1","Hologram"],"picked":"Loop","floor":23},{"not_picked":["Go for the Eyes","Heatsinks","Blizzard+1"],"picked":"Turbo","floor":25}],"player_experience":1178170,"relics_obtained":[{"floor":7,"key":"Turnip"},{"floor":9,"key":"Question Card"},{"floor":13,"key":"Juzu Bracelet"},{"floor":26,"key":"Letter Opener"}],"event_choices":[{"damage_healed":0,"gold_gain":0,"cards_transformed":["Defend_B"],"player_choice":"Transformed","damage_taken":0,"max_hp_gain":0,"max_hp_loss":0,"event_name":"Transmorgrifier","floor":2,"gold_loss":0,"cards_obtained":["Static Discharge"]},{"damage_healed":0,"gold_gain":0,"player_choice":"Bought 1 Potion","damage_taken":0,"max_hp_gain":0,"max_hp_loss":0,"event_name":"The Woman in Blue","floor":11,"gold_loss":0},{"damage_healed":0,"gold_gain":0,"player_choice":"Lose Max HP","damage_taken":0,"relics_obtained":["Golden Idol"],"max_hp_gain":0,"max_hp_loss":7,"event_name":"Golden Idol","floor":14,"gold_loss":0},{"damage_healed":0,"gold_gain":0,"player_choice":"Ignored","damage_taken":0,"max_hp_gain":0,"max_hp_loss":0,"event_name":"The Mausoleum","floor":21,"gold_loss":0},{"damage_healed":0,"gold_gain":0,"player_choice":"Damaged","damage_taken":9,"max_hp_gain":0,"max_hp_loss":0,"event_name":"Wheel of Change","floor":27,"gold_loss":0},{"damage_healed":0,"gold_gain":50,"player_choice":"Stole From Cult","damage_taken":0,"max_hp_gain":0,"max_hp_loss":0,"event_name":"Nest","floor":28,"gold_loss":0},{"cards_removed":["Strike_B"],"damage_healed":0,"gold_gain":0,"player_choice":"Elegance","damage_taken":0,"max_hp_gain":0,"max_hp_loss":0,"event_name":"Back to Basics","floor":29,"gold_loss":0}],"is_beta":false,"boss_relics":[{"not_picked":["Inserter","White Beast Statue"],"picked":"Sozu"}],"items_purged_floors":[19],"is_endless":false,"potions_floor_spawned":[3,12,13,16,22,25],"killed_by":"Sentry and Sphere","ascension_level":15}