{"gold_per_floor":[116,126,126,126,136,136,148,164,187,217,236,254,279,64,64,160,210,228,243,243,243,258,258,258],"floor_reached":24,"playtime":2660,"items_purged":[],"score":235,"play_id":"0ffd6c43-c76f-4d9c-aa48-058356cca5f5","local_time":"20190112124002","is_ascension_mode":false,"campfire_choices":[{"data":"Armaments","floor":6.0,"key":"SMITH"},{"floor":15.0,"key":"REST"},{"floor":23,"key":"REST"}],"neow_cost":"NONE","seed_source_timestamp":0,"circlet_count":0,"master_deck":["Strike_R","Strike_R","Strike_R","Strike_R","Strike_R","Defend_R","Defend_R","Defend_R","Defend_R","Bash+1","Searing Blow","Heavy Blade","Ghostly Armor","Armaments+1","Armaments","Spot Weakness","Whirlwind","Rage","Combust","Heavy Blade","Immolate","Flame Barrier","Impervious","Flex","Clash+1","Thunderclap+1","Rage"],"special_seed":0,"relics":["Burning Blood","Lantern","Potion Belt","Pen Nib","Tiny House"],"potions_floor_usage":[24],"damage_taken":[{"damage":10.0,"enemies":"Jaw Worm","floor":1.0,"turns":4.0},{"damage":2.0,"enemies":"2 Louse","floor":2.0,"turns":2.0},{"damage":4.0,"enemies":"Cultist","floor":5.0,"turns":4.0},{"damage":14.0,"enemies":"2 Fungi Beasts","floor":7.0,"turns":4.0},{"damage":11.0,"enemies":"Blue Slaver","floor":8.0,"turns":5.0},{"damage":38.0,"enemies":"Lagavulin","floor":10.0,"turns":8.0},{"damage":0.0,"enemies":"Red Slaver","floor":11.0,"turns":4.0},{"damage":8.0,"enemies":"Gremlin Gang","floor":12.0,"turns":4.0},{"damage":21.0,"enemies":"Gremlin Nob","floor":13.0,"turns":4.0},{"damage":50.0,"enemies":"The Guardian","floor":16.0,"turns":12.0},{"damage":41.0,"enemies":"3 Byrds","floor":18.0,"turns":6.0},{"damage":20.0,"enemies":"Shell Parasite","floor":19.0,"turns":7.0},{"damage":21.0,"enemies":"Snake Plant","floor":22.0,"turns":2.0},{"damage":46,"enemies":"Chosen and Byrds","floor":24,"turns":6}],"seed_played":"4241193645126413200","potions_obtained":[{"floor":2.0,"key":"FairyPotion"},{"floor":5.0,"key":"Poison Potion"},{"floor":10.0,"key":"SteroidPotion"},{"floor":12.0,"key":"Block Potion"},{"floor":13.0,"key":"SteroidPotion"},{"floor":16.0,"key":"Dexterity Potion"},{"floor":17.0,"key":"SkillPotion"},{"floor":18.0,"key":"Fire Potion"}],"is_trial":false,"path_per_floor":["M","M","?","?","M","R","M","M","T","E","M","M","E","$","R","B",null,"M","M","?","$","M","R","M"],"character_chosen":"IRONCLAD","items_purchased":["Immolate","Flame Barrier"],"campfire_rested":2,"item_purchase_floors":[14,14],"current_hp_per_floor":[76,80,85,85,85,85,77,72,72,40,46,44,29,29,54,10,90,55,41,23,23,8,36,0],"gold":258,"neow_bonus":"THREE_CARDS","is_prod":false,"is_daily":false,"chose_seed":false,"campfire_upgraded":1,"win_rate":0.0,"timestamp":1547325602,"path_taken":["M","M","?","?","M","R","M","M","T","E","M","?","E","$","R","BOSS","M","?","?","$","M","R","M"],"build_version":"2019-01-10","purchased_purges":0,"victory":false,"max_hp_per_floor":[80,80,85,85,85,85,85,85,85,85,85,85,85,85,85,85,90,90,90,95,95,95,95,95],"card_choices":[{"not_picked":["Clash","Corruption"],"picked":"Searing Blow","floor":0.0},{"not_picked":["Iron Wave","Warcry"],"picked":"Heavy Blade","floor":1.0},{"not_picked":["Heavy Blade","Feel No Pain"],"picked":"Ghostly Armor","floor":2.0},{"not_picked":["Iron Wave","Warcry"],"picked":"Armaments","floor":5.0},{"not_picked":["Iron Wave","Rupture"],"picked":"Armaments","floor":7.0},{"not_picked":["Armaments","Iron Wave"],"picked":"Spot Weakness","floor":8.0},{"not_picked":["Twin Strike","Sword Boomerang"],"picked":"Whirlwind","floor":10.0},{"not_picked":["Shrug It Off","Clash"],"picked":"Rage","floor":11.0},{"not_picked":["Sword Boomerang","Body Slam"],"picked":"Combust","floor":12.0},{"not_picked":["Pommel Strike","Reckless Charge"],"picked":"Heavy Blade","floor":13.0},{"not_picked":["Limit Break","Dark Embrace"],"picked":"Impervious","floor":16.0},{"not_picked":["Sever Soul","Dual Wield"],"picked":"Flex","floor":17.0},{"not_picked":["Armaments","Twin Strike"],"picked":"Clash+1","floor":18.0},{"not_picked":["Havoc","Feel No Pain"],"picked":"Thunderclap+1","floor":19.0},{"not_picked":["Juggernaut","Twin Strike"],"picked":"Rage","floor":22.0}],"player_experience":139720,"relics_obtained":[{"floor":9.0,"key":"Lantern"},{"floor":10.0,"key":"Potion Belt"},{"floor":13.0,"key":"Pen Nib"}],"event_choices":[{"damage_healed":0.0,"max_hp_gain":5.0,"max_hp_loss":0.0,"gold_gain":0.0,"event_name":"Big Fish","player_choice":"Donut","floor":3.0,"gold_loss":0.0,"damage_taken":0.0},{"damage_healed":0.0,"max_hp_gain":0.0,"max_hp_loss":0.0,"gold_gain":0.0,"event_name":"Golden Idol","player_choice":"Ignored","floor":4.0,"gold_loss":0.0,"damage_taken":0.0},{"damage_healed":0.0,"max_hp_gain":5.0,"max_hp_loss":0.0,"gold_gain":0.0,"event_name":"Forgotten Altar","player_choice":"Shed Blood","floor":20.0,"gold_loss":0.0,"damage_taken":23.0}],"is_beta":false,"boss_relics":[{"not_picked":["Runic Cube","White Beast Statue"],"picked":"Tiny House"}],"items_purged_floors":[],"is_endless":false,"potions_floor_spawned":[2,5,10,12,13,16,18],"killed_by":"Chosen and Byrds","ascension_level":0}