{"gold_per_floor":[362,437,452,119,135,135,152,152,230,259,259,272,328,328,328,328],"floor_reached":16,"playtime":391,"items_purged":["Strike_R"],"score":220,"play_id":"fd4b529e-efbb-4002-9615-326be91731f7","local_time":"20190626110754","is_ascension_mode":true,"campfire_choices":[{"data":"Pommel Strike","floor":6.0,"key":"SMITH"},{"data":"Feel No Pain","floor":8.0,"key":"SMITH"},{"data":"Immolate","floor":11.0,"key":"SMITH"},{"floor":15.0,"key":"DIG"}],"neow_cost":"TEN_PERCENT_HP_LOSS","seed_source_timestamp":0,"circlet_count":0,"master_deck":["AscendersBane","Strike_R","Strike_R","Strike_R","Strike_R","Defend_R","Defend_R","Defend_R","Defend_R","Bash","Pommel Strike+1","Seeing Red","Power Through","Feel No Pain+1","Immolate+1"],"special_seed":0,"relics":["Burning Blood","Membership Card","Pen Nib","Tiny Chest","Shovel","Orichalcum"],"potions_floor_usage":[16],"damage_taken":[{"damage":3.0,"enemies":"2 Louse","floor":1.0,"turns":4.0},{"damage":4.0,"enemies":"Small Slimes","floor":3.0,"turns":3.0},{"damage":4.0,"enemies":"Jaw Worm","floor":5.0,"turns":6.0},{"damage":3.0,"enemies":"Gremlin Gang","floor":7.0,"turns":4.0},{"damage":52.0,"enemies":"Lagavulin","floor":10.0,"turns":9.0},{"damage":0.0,"enemies":"2 Fungi Beasts","floor":12.0,"turns":1.0},{"damage":3.0,"enemies":"Gremlin Nob","floor":13.0,"turns":3.0},{"damage":17,"enemies":"Slime Boss","floor":16,"turns":4}],"seed_played":"-7677262601749687690","potions_obtained":[{"floor":3.0,"key":"SmokeBomb"},{"floor":5.0,"key":"PowerPotion"},{"floor":10.0,"key":"EssenceOfSteel"}],"is_trial":false,"path_per_floor":["M","?","M","$","M","R","M","R","T","E","R","M","E","?","R","B"],"character_chosen":"IRONCLAD","items_purchased":["Membership Card","Power Through","Feel No Pain"],"campfire_rested":0,"item_purchase_floors":[4,4,4],"current_hp_per_floor":[68,57,59,59,61,61,64,64,64,18,18,24,27,16,16,0],"gold":328,"neow_bonus":"TWO_FIFTY_GOLD","is_prod":false,"is_daily":false,"chose_seed":false,"campfire_upgraded":3,"win_rate":0,"timestamp":1561518474,"path_taken":["M","?","M","$","M","R","M","R","T","E","R","M","E","?","R","BOSS"],"build_version":"2019-06-24","purchased_purges":1,"victory":false,"max_hp_per_floor":[68,68,68,68,68,68,68,68,68,68,68,68,68,68,68,68],"card_choices":[{"not_picked":["Thunderclap","Havoc"],"picked":"Pommel Strike","floor":1.0},{"not_picked":["Heavy Blade","Clothesline"],"picked":"Seeing Red","floor":3.0},{"not_picked":["Iron Wave","Clothesline","Sword Boomerang"],"picked":"SKIP","floor":5.0},{"not_picked":["Cleave","Clothesline","Thunderclap"],"picked":"SKIP","floor":7.0},{"not_picked":["Fire Breathing","Flex"],"picked":"Immolate","floor":10.0},{"not_picked":["Clash","Dual Wield","Thunderclap"],"picked":"SKIP","floor":12.0},{"not_picked":["Clash","Corruption","Clothesline"],"picked":"SKIP","floor":13.0}],"player_experience":3069095,"relics_obtained":[{"floor":10.0,"key":"Pen Nib"},{"floor":13.0,"key":"Tiny Chest"},{"floor":15.0,"key":"Orichalcum"}],"event_choices":[{"damage_healed":0.0,"max_hp_gain":0.0,"max_hp_loss":0.0,"gold_gain":75.0,"event_name":"World of Goop","player_choice":"Gather Gold","floor":2.0,"gold_loss":0.0,"damage_taken":11.0},{"damage_healed":0.0,"max_hp_gain":0.0,"max_hp_loss":0.0,"gold_gain":0.0,"event_name":"Scrap Ooze","player_choice":"Success","floor":14.0,"gold_loss":0.0,"damage_taken":11.0,"relics_obtained":["Shovel"]}],"is_beta":true,"boss_relics":[],"items_purged_floors":[4],"is_endless":false,"potions_floor_spawned":[3,5,10,13],"killed_by":"Slime Boss","ascension_level":20}