{"gold_per_floor":[111,129,145,163,179,179,179,144,170,182,202,29,42,60,60,159,159,172,172,18,38,38,38,72,72,72,84,84,84,99,117,117,117],"floor_reached":33,"playtime":2850,"items_purged":[],"score":263,"play_id":"73d16222-68f9-4365-9abf-5d24342052a9","local_time":"20190829124811","is_ascension_mode":false,"campfire_choices":[{"data":"Armaments","floor":6,"key":"SMITH"},{"data":"Shrug It Off","floor":15,"key":"SMITH"},{"floor":23,"key":"REST"},{"floor":25,"key":"REST"},{"floor":29,"key":"REST"},{"floor":32,"key":"REST"}],"neow_cost":"NONE","seed_source_timestamp":386741981452418,"circlet_count":0,"master_deck":["Strike_R+1","Strike_R+1","Strike_R+1","Strike_R+1","Defend_R+1","Defend_R+1","Defend_R+1","Defend_R+1","Bash","Shockwave","Anger","Power Through+1","Armaments+1","Perfected Strike","Pommel Strike+1","Rampage","Body Slam","Shrug It Off+1","Carnage","Whirlwind","Pommel Strike","Demon Form","Intimidate","Headbutt","Iron Wave","Disarm","Immolate+1","Shrug It Off","Anger","Juggernaut","Anger+1","Perfected Strike","Power Through"],"relics":["Burning Blood","War Paint","Orrery","Whetstone","Ancient Tea Set","Meat on the Bone"],"potions_floor_usage":[13,16,16,16,18,30,31,33],"damage_taken":[{"damage":3,"enemies":"Jaw Worm","floor":1,"turns":5},{"damage":0,"enemies":"Cultist","floor":2,"turns":4},{"damage":1,"enemies":"2 Louse","floor":3,"turns":2},{"damage":9,"enemies":"2 Fungi Beasts","floor":4,"turns":5},{"damage":0,"enemies":"3 Louse","floor":5,"turns":4},{"damage":4,"enemies":"Blue Slaver","floor":10,"turns":4},{"damage":13,"enemies":"Large Slime","floor":11,"turns":4},{"damage":4,"enemies":"Exordium Thugs","floor":13,"turns":6},{"damage":0,"enemies":"2 Fungi Beasts","floor":14,"turns":3},{"damage":62,"enemies":"Hexaghost","floor":16,"turns":10},{"damage":14,"enemies":"Spheric Guardian","floor":18,"turns":4},{"damage":13,"enemies":"Shell Parasite","floor":21,"turns":8},{"damage":39,"enemies":"Book of Stabbing","floor":24,"turns":10},{"damage":17,"enemies":"Centurion and Healer","floor":27,"turns":5},{"damage":19,"enemies":"Sentry and Sphere","floor":30,"turns":6},{"damage":26,"enemies":"Snake Plant","floor":31,"turns":6},{"damage":93,"enemies":"Champ","floor":33,"turns":11}],"seed_played":"-8020862654029433877","potions_obtained":[{"floor":4,"key":"Explosive Potion"},{"floor":5,"key":"Strength Potion"},{"floor":13,"key":"Fire Potion"},{"floor":16,"key":"LiquidBronze"},{"floor":21,"key":"Strength Potion"},{"floor":30,"key":"BloodPotion"},{"floor":31,"key":"Strength Potion"}],"is_trial":false,"path_per_floor":["M","M","M","M","M","R","?","$","T","M","M","$","M","M","R","B",null,"M","?","$","M","?","R","E","R","T","M","$","R","M","M","R","B"],"character_chosen":"IRONCLAD","items_purchased":["Rampage","Fruit Juice","Carnage","Whetstone"],"campfire_rested":4,"item_purchase_floors":[8,12,12,20],"current_hp_per_floor":[80,80,80,77,80,80,80,80,80,80,73,73,80,85,85,29,85,77,77,77,70,70,85,52,77,77,66,66,85,72,73,85,0],"gold":117,"neow_bonus":"TRANSFORM_CARD","is_prod":false,"is_daily":false,"chose_seed":false,"campfire_upgraded":2,"win_rate":0.0,"timestamp":1567108091,"path_taken":["M","M","M","M","M","R","?","$","T","M","M","$","?","M","R","BOSS","M","?","$","M","?","R","E","R","T","M","$","R","M","M","R","BOSS"],"build_version":"2019-07-17","purchased_purges":0,"victory":false,"max_hp_per_floor":[80,80,80,80,80,80,80,80,80,80,80,80,85,85,85,85,85,85,85,85,85,85,85,85,85,85,85,85,85,85,85,85,85],"card_choices":[{"not_picked":["Flex","Hemokinesis"],"picked":"Anger","floor":1},{"not_picked":["Clothesline","Thunderclap"],"picked":"Power Through","floor":2},{"not_picked":["Heavy Blade","Reckless Charge"],"picked":"Armaments","floor":3},{"not_picked":["Inflame","Warcry"],"picked":"Perfected Strike","floor":4},{"not_picked":["Sword Boomerang","Clash"],"picked":"Pommel Strike","floor":5},{"not_picked":["Wild Strike","Flex"],"picked":"Body Slam","floor":10},{"not_picked":["Rampage","Sentinel"],"picked":"Shrug It Off","floor":11},{"not_picked":["Combust","Clash"],"picked":"Whirlwind","floor":13},{"not_picked":["Disarm","Clothesline"],"picked":"Pommel Strike","floor":14},{"not_picked":["Barricade","Impervious"],"picked":"Demon Form","floor":16},{"not_picked":["Hemokinesis","True Grit"],"picked":"Intimidate","floor":17},{"not_picked":["Searing Blow","Rupture"],"picked":"Headbutt","floor":17},{"not_picked":["Bloodletting","Havoc"],"picked":"Iron Wave","floor":17},{"not_picked":["Flex","Dropkick"],"picked":"Disarm","floor":17},{"not_picked":["Warcry","Thunderclap"],"picked":"Immolate","floor":17},{"not_picked":["Warcry","Heavy Blade+1"],"picked":"Shrug It Off","floor":18},{"not_picked":["Flex","Whirlwind"],"picked":"Anger","floor":21},{"not_picked":["Sword Boomerang","Whirlwind"],"picked":"Juggernaut","floor":24},{"not_picked":["Combust+1","Twin Strike"],"picked":"Anger+1","floor":27},{"not_picked":["Body Slam","Sword Boomerang"],"picked":"Perfected Strike","floor":30},{"not_picked":["Perfected Strike+1","Ghostly Armor"],"picked":"Power Through","floor":31}],"player_experience":473169,"relics_obtained":[{"floor":9,"key":"War Paint"},{"floor":24,"key":"Ancient Tea Set"},{"floor":26,"key":"Meat on the Bone"}],"event_choices":[{"damage_healed":0,"gold_gain":0,"player_choice":"Ignored","damage_taken":0,"max_hp_gain":0,"max_hp_loss":0,"event_name":"NoteForYourself","floor":7,"gold_loss":0},{"damage_healed":0,"gold_gain":0,"player_choice":"Simplicity","damage_taken":0,"max_hp_gain":0,"max_hp_loss":0,"event_name":"Back to Basics","floor":19,"gold_loss":0,"cards_upgraded":["Strike_R","Strike_R","Strike_R","Strike_R","Defend_R","Defend_R","Defend_R"]},{"damage_healed":0,"gold_gain":0,"player_choice":"Ignored","damage_taken":0,"max_hp_gain":0,"max_hp_loss":0,"event_name":"Ghosts","floor":22,"gold_loss":0}],"is_beta":false,"boss_relics":[{"not_picked":["Calling Bell","Snecko Eye"],"picked":"Orrery"}],"items_purged_floors":[],"is_endless":false,"potions_floor_spawned":[4,5,13,16,21,30,31],"killed_by":"Champ","ascension_level":0}