{"gold_per_floor":[111,111,36,36,46,46,71,71,71,96,112,122,146,160,160,234,234,190,190,201,101,120,120,140,140,165,165,182,195,211,211,211,289,289,308,95,107,124,124,155,175,175,202,202],"floor_reached":44,"playtime":2005,"items_purged":["Strike_G","Strike_G","Strike_G+1"],"score":1154,"play_id":"d27a1f49-43ef-4cbb-9482-299d70a16138","local_time":"20190902103102","is_ascension_mode":true,"campfire_choices":[{"data":"Neutralize","floor":6.0,"key":"SMITH"},{"data":"Catalyst","floor":8.0,"key":"SMITH"},{"data":"Deadly Poison","floor":15.0,"key":"SMITH"},{"data":"Reflex","floor":23.0,"key":"SMITH"},{"data":"Flechettes","floor":25.0,"key":"SMITH"},{"data":"Footwork","floor":27.0,"key":"SMITH"},{"data":"Expertise","floor":32.0,"key":"SMITH"}],"neow_cost":"NONE","seed_source_timestamp":1545276737663900,"circlet_count":0,"master_deck":["AscendersBane","Strike_G+1","Defend_G","Defend_G","Defend_G","Defend_G","Defend_G","Survivor","Neutralize+1","PiercingWail","Catalyst+1","Concentrate","Deadly Poison+1","Malaise","Footwork+1","Backflip","Reflex+1","Acrobatics+1","Flechettes+1","Expertise+1","After Image","Tactician","Impatience","Well Laid Plans"],"special_seed":0,"relics":["Ring of the Snake","NeowsBlessing","Art of War","Whetstone","Anchor","Vajra","Odd Mushroom","Orrery","Mummified Hand","Runic Dome","Blood Vial","Potion Belt"],"potions_floor_usage":[],"damage_taken":[{"damage":0.0,"enemies":"Cultist","floor":1.0,"turns":1.0},{"damage":0.0,"enemies":"Jaw Worm","floor":5.0,"turns":1.0},{"damage":0.0,"enemies":"Lagavulin","floor":7.0,"turns":1.0},{"damage":36.0,"enemies":"3 Sentries","floor":10.0,"turns":18.0},{"damage":0.0,"enemies":"2 Louse","floor":11.0,"turns":4.0},{"damage":0.0,"enemies":"2 Fungi Beasts","floor":12.0,"turns":4.0},{"damage":6.0,"enemies":"The Mushroom Lair","floor":13.0,"turns":5.0},{"damage":0.0,"enemies":"Gremlin Gang","floor":14.0,"turns":4.0},{"damage":0.0,"enemies":"The Guardian","floor":16.0,"turns":9.0},{"damage":5.0,"enemies":"2 Thieves","floor":18.0,"turns":5.0},{"damage":3.0,"enemies":"3 Byrds","floor":20.0,"turns":8.0},{"damage":8.0,"enemies":"3 Cultists","floor":22.0,"turns":8.0},{"damage":4.0,"enemies":"Snake Plant","floor":24.0,"turns":5.0},{"damage":6.0,"enemies":"Sentry and Sphere","floor":28.0,"turns":7.0},{"damage":0.0,"enemies":"Chosen and Byrds","floor":29.0,"turns":5.0},{"damage":13.0,"enemies":"Snecko","floor":30.0,"turns":4.0},{"damage":0.0,"enemies":"Automaton","floor":33.0,"turns":9.0},{"damage":0.0,"enemies":"3 Shapes","floor":35.0,"turns":5.0},{"damage":0.0,"enemies":"Orb Walker","floor":37.0,"turns":3.0},{"damage":20.0,"enemies":"Spire Growth","floor":38.0,"turns":7.0},{"damage":15.0,"enemies":"Giant Head","floor":40.0,"turns":7.0},{"damage":1.0,"enemies":"3 Darklings","floor":41.0,"turns":4.0},{"damage":14,"enemies":"4 Shapes","floor":44,"turns":1}],"seed_played":"-5379802336889989186","potions_obtained":[{"floor":5.0,"key":"GhostInAJar"},{"floor":10.0,"key":"Dexterity Potion"},{"floor":12.0,"key":"Swift Potion"},{"floor":13.0,"key":"GhostInAJar"},{"floor":18.0,"key":"FearPotion"},{"floor":29.0,"key":"Regen Potion"},{"floor":30.0,"key":"GhostInAJar"},{"floor":37.0,"key":"AttackPotion"},{"floor":38.0,"key":"LiquidBronze"}],"is_trial":false,"path_per_floor":["M","?","$","?","M","R","E","R","T","E","M","M","?","M","R","B",null,"M","?","M","$","M","R","M","R","T","R","M","M","M","T","R","B",null,"M","$","M","M","?","E","M","?","T","M"],"character_chosen":"THE_SILENT","items_purchased":["Tactician"],"campfire_rested":0,"item_purchase_floors":[36],"current_hp_per_floor":[59,48,48,48,48,48,48,48,48,12,12,12,6,6,6,6,51,46,46,43,43,35,35,31,31,31,31,25,25,26,26,26,26,56,56,56,56,36,26,11,12,12,12,0],"gold":202,"neow_bonus":"THREE_ENEMY_KILL","is_prod":false,"is_daily":false,"chose_seed":false,"campfire_upgraded":7,"win_rate":0,"timestamp":1567391462,"path_taken":["M","?","$","?","M","R","E","R","T","E","M","M","?","M","R","BOSS","M","?","M","$","M","R","M","R","T","R","?","?","M","?","R","BOSS","M","$","M","M","?","E","M","?","T","M"],"build_version":"2019-08-26","purchased_purges":3,"victory":false,"max_hp_per_floor":[66,66,66,66,66,66,66,66,66,66,66,66,66,66,66,66,66,66,66,66,66,66,66,66,66,66,66,66,66,66,66,66,66,66,66,66,66,66,66,66,66,63,63,63],"card_choices":[{"not_picked":["Flying Knee","Distraction","Dodge and Roll"],"picked":"SKIP","floor":1.0},{"not_picked":["Accuracy","Blade Dance"],"picked":"Catalyst","floor":5.0},{"not_picked":["Dodge and Roll","Deflect","Distraction"],"picked":"SKIP","floor":7.0},{"not_picked":["Caltrops","Quick Slash"],"picked":"Concentrate","floor":10.0},{"not_picked":["Dagger Throw","Acrobatics"],"picked":"Deadly Poison","floor":11.0},{"not_picked":["All Out Attack","Expertise"],"picked":"Malaise","floor":12.0},{"not_picked":["Poisoned Stab","Expertise"],"picked":"Footwork","floor":13.0},{"not_picked":["Backstab","Concentrate"],"picked":"Backflip","floor":14.0},{"not_picked":["Concentrate","Dagger Throw"],"picked":"Reflex","floor":17.0},{"not_picked":["Poisoned Stab","Dagger Throw"],"picked":"Acrobatics","floor":17.0},{"not_picked":["Outmaneuver","Deadly Poison","Dagger Throw+1"],"picked":"SKIP","floor":18.0},{"not_picked":["Backstab+1","Venomology"],"picked":"Flechettes","floor":20.0},{"not_picked":["PiercingWail+1","Infinite Blades","Deflect"],"picked":"SKIP","floor":22.0},{"not_picked":["Concentrate","Slice","Blade Dance"],"picked":"SKIP","floor":24.0},{"not_picked":["Deflect","Terror","Outmaneuver"],"picked":"SKIP","floor":28.0},{"not_picked":["Expertise","Flying Knee","Cloak And Dagger"],"picked":"SKIP","floor":29.0},{"not_picked":["Expertise","Flying Knee","Cloak And Dagger"],"picked":"SKIP","floor":29.0},{"not_picked":["Expertise","Flying Knee","Cloak And Dagger"],"picked":"SKIP","floor":29.0},{"not_picked":["Reflex","Deadly Poison"],"picked":"Expertise","floor":30.0},{"not_picked":["Venomology","A Thousand Cuts"],"picked":"After Image","floor":33.0},{"not_picked":["Accuracy","Outmaneuver","Expertise+1"],"picked":"SKIP","floor":35.0},{"not_picked":["Bane+1","Reflex+1","Prepared"],"picked":"SKIP","floor":37.0},{"not_picked":["Backflip","Prepared","Leg Sweep"],"picked":"SKIP","floor":38.0},{"not_picked":["Mind Blast","Discovery"],"picked":"Impatience","floor":39.0},{"not_picked":["Concentrate","PiercingWail"],"picked":"Well Laid Plans","floor":40.0},{"not_picked":["Blade Dance","Cloak And Dagger","Deflect"],"picked":"SKIP","floor":41.0}],"player_experience":3152427,"relics_obtained":[{"floor":7.0,"key":"Whetstone"},{"floor":9.0,"key":"Anchor"},{"floor":10.0,"key":"Vajra"},{"floor":13.0,"key":"Odd Mushroom"},{"floor":31.0,"key":"Mummified Hand"},{"floor":40.0,"key":"Blood Vial"},{"floor":43.0,"key":"Potion Belt"}],"event_choices":[{"damage_healed":0.0,"max_hp_gain":0.0,"max_hp_loss":0.0,"gold_gain":0.0,"event_name":"Scrap Ooze","player_choice":"Success","floor":2.0,"gold_loss":0.0,"damage_taken":11.0,"relics_obtained":["Art of War"]},{"damage_healed":0.0,"max_hp_gain":0.0,"max_hp_loss":0.0,"gold_gain":0.0,"cards_transformed":["Strike_G"],"event_name":"Living Wall","player_choice":"Change","floor":4.0,"gold_loss":0.0,"damage_taken":0.0,"cards_obtained":["PiercingWail"]},{"damage_healed":0.0,"max_hp_gain":0.0,"max_hp_loss":0.0,"gold_gain":0.0,"event_name":"Mushrooms","player_choice":"Fought Mushrooms","floor":13.0,"gold_loss":0.0,"damage_taken":0.0},{"damage_healed":0.0,"max_hp_gain":0.0,"max_hp_loss":0.0,"gold_gain":0.0,"event_name":"Accursed Blacksmith","player_choice":"Forge","floor":19.0,"gold_loss":0.0,"damage_taken":0.0,"cards_upgraded":["Acrobatics"]},{"damage_healed":0.0,"max_hp_gain":0.0,"max_hp_loss":0.0,"gold_gain":0.0,"event_name":"SensoryStone","player_choice":"Memory 3","floor":39.0,"gold_loss":0.0,"damage_taken":10.0},{"damage_healed":0.0,"max_hp_gain":0.0,"max_hp_loss":3.0,"gold_gain":0.0,"event_name":"Winding Halls","player_choice":"Max HP","floor":42.0,"gold_loss":0.0,"damage_taken":0.0}],"is_beta":true,"boss_relics":[{"not_picked":["Tiny House","Ectoplasm"],"picked":"Orrery"},{"not_picked":["WristBlade","Cursed Key"],"picked":"Runic Dome"}],"items_purged_floors":[3,21,36],"is_endless":false,"potions_floor_spawned":[5,10,12,13,14,18,29,30,37,38],"killed_by":"4 Shapes","ascension_level":20}