{"gold_per_floor":[112,112,62,74,87,121,121,140,140,153,153,173,173,192,192,294,294,309,8,0,0],"floor_reached":21,"playtime":2669,"items_purged":[],"score":183,"play_id":"089d38ac-2e7a-451e-a68f-84b4ff832fe7","local_time":"20181227183632","is_ascension_mode":false,"campfire_choices":[{"floor":7,"key":"REST"},{"floor":13,"key":"REST"},{"data":"Conserve Battery","floor":15,"key":"SMITH"}],"neow_cost":"NONE","seed_source_timestamp":0,"circlet_count":0,"master_deck":["Strike_B","Strike_B","Strike_B","Strike_B","Defend_B","Defend_B","Defend_B","Defend_B","Zap","Barrage","Conserve Battery+1","Leap","Ball Lightning","Reinforced Body","Self Repair+1","Steam","Double Energy","Redo","Echo Form","Capacitor","Barrage","Sweeping Beam+1"],"special_seed":0,"relics":["Cracked Core","Oddly Smooth Stone","Girya","Inserter","Pantograph"],"potions_floor_usage":[16,16,21],"damage_taken":[{"damage":5.0,"enemies":"Jaw Worm","floor":1.0,"turns":5.0},{"damage":1.0,"enemies":"Cultist","floor":3.0,"turns":4.0},{"damage":4,"enemies":"Cultist","floor":4,"turns":4},{"damage":3,"enemies":"2 Louse","floor":5,"turns":3},{"damage":26,"enemies":"Lagavulin","floor":6,"turns":7},{"damage":12,"enemies":"Gremlin Gang","floor":8,"turns":5},{"damage":13,"enemies":"Lots of Slimes","floor":10,"turns":6},{"damage":5,"enemies":"Looter","floor":12,"turns":4},{"damage":0,"enemies":"Blue Slaver","floor":14,"turns":4},{"damage":51,"enemies":"Hexaghost","floor":16,"turns":12},{"damage":18,"enemies":"Spheric Guardian","floor":18,"turns":6},{"damage":17,"enemies":"2 Thieves","floor":20,"turns":5},{"damage":69,"enemies":"3 Cultists","floor":21,"turns":5}],"seed_played":"5029998478284611414","potions_obtained":[{"floor":1.0,"key":"PowerPotion"},{"floor":6,"key":"SpeedPotion"},{"floor":8,"key":"Explosive Potion"},{"floor":16,"key":"AttackPotion"}],"is_trial":false,"path_per_floor":["M","?","M","$","M","M","E","R","M","T","M","?","M","R","M","R","B",null,"M","$","M","M"],"character_chosen":"DEFECT","items_purchased":["Conserve Battery","Pantograph","Barrage"],"campfire_rested":2,"item_purchase_floors":[3,19,19],"current_hp_per_floor":[77,77,76,72,69,43,67,55,55,42,42,47,71,71,71,20,82,74,74,67,0],"gold":0,"neow_bonus":"TEN_PERCENT_HP_BONUS","is_prod":false,"is_daily":false,"chose_seed":false,"campfire_upgraded":1,"win_rate":0.0,"timestamp":1545964592,"path_taken":["M","?","?","M","M","E","R","M","T","M","?","?","R","M","R","BOSS","M","?","M","M"],"build_version":"2018-12-20","purchased_purges":0,"victory":false,"max_hp_per_floor":[82,82,82,82,82,82,82,82,82,82,82,82,82,82,82,82,82,82,82,82,82],"card_choices":[{"not_picked":["Reprogram","Aggregate"],"picked":"Barrage","floor":1.0},{"not_picked":["Blizzard","Ball Lightning"],"picked":"Leap","floor":4},{"not_picked":["Beam Cell","Leap"],"picked":"Ball Lightning","floor":5},{"not_picked":["Coolheaded","Chill"],"picked":"Reinforced Body","floor":6},{"not_picked":["FTL","Darkness"],"picked":"Self Repair","floor":8},{"not_picked":["Capacitor","FTL"],"picked":"Steam","floor":10},{"not_picked":["Rebound","Ball Lightning"],"picked":"Double Energy","floor":12},{"not_picked":["Streamline","Sweeping Beam"],"picked":"Redo","floor":14},{"not_picked":["Multi-Cast","Fission"],"picked":"Echo Form","floor":16},{"not_picked":["Stack","Steam Power"],"picked":"Capacitor","floor":18},{"not_picked":["Stack","Gash"],"picked":"Sweeping Beam+1","floor":20}],"player_experience":37804,"relics_obtained":[{"floor":6,"key":"Oddly Smooth Stone"},{"floor":9,"key":"Girya"}],"event_choices":[{"cards_removed":["Dualcast"],"damage_healed":0.0,"max_hp_gain":0.0,"max_hp_loss":0.0,"gold_gain":0.0,"event_name":"Bonfire Elementals","player_choice":"Offered Basic","floor":2.0,"gold_loss":0.0,"damage_taken":0.0},{"damage_healed":0,"gold_gain":0,"player_choice":"Forge","damage_taken":0,"max_hp_gain":0,"max_hp_loss":0,"event_name":"Accursed Blacksmith","floor":11,"gold_loss":0,"cards_upgraded":["Self Repair"]}],"is_beta":false,"boss_relics":[{"not_picked":["Sozu","Eternal Feather"],"picked":"Inserter"}],"items_purged_floors":[],"is_endless":false,"potions_floor_spawned":[1,6,8,16],"killed_by":"3 Cultists","ascension_level":0}