{"gold_per_floor":[115,72,82,82,96,96,125,154,193,221,233,245,257,300,312,400,412,436,448,460,317,317,317,346,364,364,404,415,437,437],"floor_reached":30,"playtime":828,"items_purged":["Strike_R"],"score":556,"play_id":"afd69062-f514-4d8b-9d34-40c4b9657d27","local_time":"20190920214820","is_ascension_mode":true,"campfire_choices":[{"data":"Carnage","floor":6,"key":"SMITH"},{"data":"Fire Breathing","floor":11,"key":"SMITH"},{"data":"Power Through","floor":13,"key":"SMITH"},{"data":"Impervious","floor":15,"key":"SMITH"},{"data":"Feel No Pain","floor":23,"key":"SMITH"}],"neow_cost":"NONE","seed_source_timestamp":878523261626866,"circlet_count":0,"master_deck":["AscendersBane","Strike_R","Strike_R","Strike_R","Strike_R","Defend_R","Defend_R","Defend_R","Defend_R","Bash","Carnage+1","Fire Breathing+1","Power Through+1","True Grit","Impervious+1","Feed","Evolve+1","Feel No Pain+1","Disarm","Sentinel+1"],"relics":["Burning Blood","NeowsBlessing","Omamori","MawBank","Oddly Smooth Stone","Akabeko","PreservedInsect","Coffee Dripper","CeramicFish","CaptainsWheel","Lantern"],"potions_floor_usage":[10,16,18,28,30],"damage_taken":[{"damage":0,"enemies":"2 Louse","floor":1,"turns":1},{"damage":0,"enemies":"Cultist","floor":3,"turns":1},{"damage":0,"enemies":"Small Slimes","floor":5,"turns":1},{"damage":35,"enemies":"3 Sentries","floor":7,"turns":5},{"damage":7,"enemies":"2 Fungi Beasts","floor":8,"turns":4},{"damage":4,"enemies":"Exordium Wildlife","floor":10,"turns":5},{"damage":15,"enemies":"Gremlin Nob","floor":14,"turns":4},{"damage":5,"enemies":"The Guardian","floor":16,"turns":15},{"damage":26,"enemies":"3 Byrds","floor":18,"turns":7},{"damage":44,"enemies":"Gremlin Leader","floor":24,"turns":9},{"damage":10,"enemies":"Spheric Guardian","floor":25,"turns":8},{"damage":18,"enemies":"Book of Stabbing","floor":27,"turns":6},{"damage":5,"enemies":"Centurion and Healer","floor":28,"turns":10},{"damage":2,"enemies":"Snake Plant","floor":29,"turns":7},{"damage":12,"enemies":"Slavers","floor":30,"turns":1}],"seed_played":"6685401493606595847","potions_obtained":[{"floor":1,"key":"Explosive Potion"},{"floor":7,"key":"Regen Potion"},{"floor":8,"key":"Fire Potion"},{"floor":10,"key":"ElixirPotion"},{"floor":25,"key":"Strength Potion"},{"floor":27,"key":"Weak Potion"}],"is_trial":false,"path_per_floor":["M","$","M","?","M","R","E","M","T","M","R","T","R","E","R","B",null,"M","?","?","$","?","R","E","M","T","E","M","M","E"],"character_chosen":"IRONCLAD","items_purchased":["Carnage","Feel No Pain"],"campfire_rested":0,"item_purchase_floors":[2,21],"current_hp_per_floor":[74,74,75,75,75,75,46,45,45,47,47,47,47,38,38,39,66,61,61,61,61,61,61,23,19,19,7,8,12,0],"gold":437,"neow_bonus":"THREE_ENEMY_KILL","is_prod":false,"is_daily":false,"chose_seed":false,"campfire_upgraded":5,"win_rate":0,"timestamp":1568987300,"path_taken":["M","$","M","?","M","R","E","?","T","M","R","?","R","E","R","BOSS","M","?","?","$","?","R","E","?","T","E","M","M","E"],"build_version":"2019-09-19","purchased_purges":1,"victory":false,"max_hp_per_floor":[75,75,75,75,75,75,75,75,75,75,75,75,75,75,75,75,75,75,75,75,75,75,75,75,75,75,75,75,75,75],"card_choices":[{"not_picked":["Ghostly Armor","Sever Soul","Hemokinesis"],"picked":"SKIP","floor":1},{"not_picked":["Clash","Inflame"],"picked":"Fire Breathing","floor":3},{"not_picked":["Dropkick","Sword Boomerang","Spot Weakness"],"picked":"SKIP","floor":5},{"not_picked":["Feed","Warcry"],"picked":"Power Through","floor":7},{"not_picked":["Cleave","Power Through"],"picked":"True Grit","floor":8},{"not_picked":["Sword Boomerang","Carnage","Anger"],"picked":"SKIP","floor":10},{"not_picked":["Perfected Strike","Seeing Red"],"picked":"Impervious","floor":14},{"not_picked":["Exhume","Demon Form"],"picked":"Feed","floor":16},{"not_picked":["Hemokinesis","Heavy Blade","Twin Strike"],"picked":"SKIP","floor":18},{"not_picked":["Bludgeon","Flex","Perfected Strike"],"picked":"SKIP","floor":24},{"not_picked":["Headbutt","Iron Wave","Warcry"],"picked":"SKIP","floor":25},{"not_picked":["Pummel","Rage"],"picked":"Disarm","floor":27},{"not_picked":["Anger","Clothesline","Evolve"],"picked":"SKIP","floor":28},{"not_picked":["Dual Wield","Flex"],"picked":"Sentinel+1","floor":29}],"player_experience":895947,"relics_obtained":[{"floor":7,"key":"MawBank"},{"floor":9,"key":"Oddly Smooth Stone"},{"floor":12,"key":"Akabeko"},{"floor":14,"key":"PreservedInsect"},{"floor":24,"key":"CeramicFish"},{"floor":26,"key":"CaptainsWheel"},{"floor":27,"key":"Lantern"}],"event_choices":[{"damage_healed":0,"gold_gain":0,"player_choice":"Gave Potion","damage_taken":0,"relics_obtained":["Omamori"],"max_hp_gain":0,"max_hp_loss":0,"event_name":"WeMeetAgain","floor":4,"gold_loss":0},{"damage_healed":0,"gold_gain":0,"player_choice":"Ignored","damage_taken":0,"max_hp_gain":0,"max_hp_loss":0,"event_name":"Ghosts","floor":19,"gold_loss":0},{"damage_healed":0,"gold_gain":0,"player_choice":"Read","damage_taken":0,"max_hp_gain":0,"max_hp_loss":0,"event_name":"The Library","floor":20,"gold_loss":0,"cards_obtained":["Evolve"]},{"damage_healed":0,"gold_gain":0,"player_choice":"Upgraded","damage_taken":0,"max_hp_gain":0,"max_hp_loss":0,"event_name":"Upgrade Shrine","floor":22,"gold_loss":0,"cards_upgraded":["Evolve"]}],"is_beta":true,"boss_relics":[{"not_picked":["Runic Dome","SlaversCollar"],"picked":"Coffee Dripper"}],"items_purged_floors":[21],"is_endless":false,"potions_floor_spawned":[1,7,8,10,14,25,27],"killed_by":"Slavers","ascension_level":20}