{"gold_per_floor":[114,114,128,176,50,81,81,1,1,1,13,24,44,75,75,153,153,172,182,182,197,197,197],"floor_reached":23,"playtime":521,"items_purged":["Strike_B"],"score":452,"play_id":"7b08c04e-ca68-45ac-8c69-e6103fd8be0e","local_time":"20190918165234","is_ascension_mode":true,"campfire_choices":[{"data":"Zap","floor":7,"key":"SMITH"},{"data":"Coolheaded","floor":10,"key":"SMITH"},{"data":"Defragment","floor":15,"key":"SMITH"}],"neow_cost":"NONE","seed_source_timestamp":688283428342694,"circlet_count":0,"master_deck":["AscendersBane","Strike_B","Strike_B","Strike_B","Defend_B","Defend_B","Defend_B","Defend_B","Zap+1","Dualcast","Ball Lightning","Double Energy","Coolheaded+1","BootSequence","Compile Driver","Lockon","Heatsinks","Barrage","Heatsinks","Defragment+1","Meteor Strike","Turbo"],"relics":["Cracked Core","NeowsBlessing","Turnip","Happy Flower","The Courier","Kunai","Potion Belt","Coffee Dripper","Frozen Egg 2"],"potions_floor_usage":[14,18,21,23,23],"damage_taken":[{"damage":0,"enemies":"Cultist","floor":1,"turns":1},{"damage":0,"enemies":"Jaw Worm","floor":3,"turns":1},{"damage":0,"enemies":"3 Sentries","floor":6,"turns":1},{"damage":0,"enemies":"2 Louse","floor":11,"turns":2},{"damage":3,"enemies":"Large Slime","floor":12,"turns":4},{"damage":2,"enemies":"2 Fungi Beasts","floor":13,"turns":3},{"damage":14,"enemies":"Lagavulin","floor":14,"turns":6},{"damage":24,"enemies":"Slime Boss","floor":16,"turns":9},{"damage":21,"enemies":"3 Byrds","floor":18,"turns":3},{"damage":10,"enemies":"2 Thieves","floor":19,"turns":4},{"damage":6,"enemies":"Snecko","floor":21,"turns":5},{"damage":4,"enemies":"Slavers","floor":23,"turns":2}],"seed_played":"4403017582278651491","potions_obtained":[{"floor":6,"key":"Block Potion"},{"floor":11,"key":"DuplicationPotion"},{"floor":14,"key":"Explosive Potion"},{"floor":16,"key":"Block Potion"},{"floor":19,"key":"PowerPotion"}],"is_trial":false,"path_per_floor":["M","?","M","T","$","E","R","$","T","R","M","M","M","E","R","B",null,"M","M","?","M","T","E"],"character_chosen":"DEFECT","items_purchased":["Coolheaded","Compile Driver","Lockon"],"campfire_rested":0,"item_purchase_floors":[5,8,8],"current_hp_per_floor":[64,59,59,59,59,59,59,59,59,59,59,56,54,40,40,16,57,36,26,26,20,20,16],"gold":197,"neow_bonus":"THREE_ENEMY_KILL","is_prod":false,"is_daily":false,"chose_seed":false,"campfire_upgraded":3,"win_rate":0,"timestamp":1568796754,"path_taken":["M","?","M","?","$","E","R","?","T","R","?","M","M","E","R","BOSS","M","M","?","?","?","E"],"build_version":"2019-09-17","purchased_purges":1,"victory":false,"max_hp_per_floor":[71,71,71,71,71,71,71,71,71,71,71,71,71,71,71,71,71,71,71,71,71,71,71],"card_choices":[{"not_picked":["Rebound","Loop"],"picked":"Ball Lightning","floor":1},{"not_picked":["BootSequence","Hologram"],"picked":"Double Energy","floor":3},{"not_picked":["Leap","Redo"],"picked":"BootSequence","floor":6},{"not_picked":["Self Repair","Coolheaded"],"picked":"Heatsinks","floor":11},{"not_picked":["Static Discharge","Rebound"],"picked":"Barrage","floor":12},{"not_picked":["Stack","Redo"],"picked":"Heatsinks","floor":13},{"not_picked":["Glacier","Thunder Strike"],"picked":"Defragment","floor":14},{"not_picked":["Rainbow","Reboot"],"picked":"Meteor Strike","floor":16},{"not_picked":["Lockon","Steam","Beam Cell"],"picked":"SKIP","floor":18},{"not_picked":["Steam","Hologram"],"picked":"Turbo","floor":19},{"not_picked":["FTL","Streamline","Melter"],"picked":"SKIP","floor":21}],"player_experience":833104,"relics_obtained":[{"floor":4,"key":"Happy Flower"},{"floor":6,"key":"The Courier"},{"floor":9,"key":"Kunai"},{"floor":14,"key":"Potion Belt"},{"floor":20,"key":"Frozen Egg 2"}],"event_choices":[{"damage_healed":0,"gold_gain":0,"player_choice":"Success","damage_taken":5,"relics_obtained":["Turnip"],"max_hp_gain":0,"max_hp_loss":0,"event_name":"Scrap Ooze","floor":2,"gold_loss":0},{"damage_healed":0,"gold_gain":0,"player_choice":"Relic","damage_taken":0,"max_hp_gain":0,"max_hp_loss":0,"event_name":"Wheel of Change","floor":20,"gold_loss":0}],"is_beta":true,"boss_relics":[{"not_picked":["Runic Dome","SlaversCollar"],"picked":"Coffee Dripper"}],"items_purged_floors":[5],"is_endless":false,"potions_floor_spawned":[6,11,14,16,19],"killed_by":"Slavers","ascension_level":20}