{"gold_per_floor":[110,35,35,35,50,50,75,75,75,75,75,75,94,107,107,181,231,251,266,166,178,228,288,288,288,366,381,401,417,450,550,550,626,626,644,240,255,255,265,300,300,327,374,403,415,432,119,168,168,168,168,168,168,168,199,199],"floor_reached":57,"playtime":2302,"items_purged":["Strike_G","Strike_G","Strike_G","Strike_G"],"score":3260,"play_id":"78de5751-665b-4991-9f05-e5437bb03fe5","local_time":"20190818090119","is_ascension_mode":true,"campfire_choices":[{"data":"Bouncing Flask","floor":6.0,"key":"SMITH"},{"data":"Corpse Explosion","floor":8.0,"key":"SMITH"},{"data":"Acrobatics","floor":10.0,"key":"SMITH"},{"floor":15.0,"key":"RECALL"},{"data":"Prepared","floor":24.0,"key":"SMITH"},{"data":"Tactician","floor":32.0,"key":"SMITH"},{"data":"Acrobatics","floor":41.0,"key":"SMITH"},{"data":"Backflip","floor":49.0,"key":"SMITH"},{"data":"Grand Finale","floor":53.0,"key":"SMITH"}],"neow_cost":"NONE","seed_source_timestamp":276803689148460,"circlet_count":0,"master_deck":["AscendersBane","Defend_G","Defend_G","Defend_G","Defend_G","Survivor+1","Neutralize+1","Acrobatics+1","Corpse Explosion+1","Bouncing Flask+1","Grand Finale+1","Prepared+1","Acrobatics+1","Backflip+1","Tactician+1","Acrobatics+1"],"special_seed":0,"relics":["Ring of the Snake","NeowsBlessing","Lantern","Tiny House","Tiny Chest","Blood Vial","Kunai","Pantograph","Incense Burner","Busted Crown","Medical Kit","PreservedInsect","Strawberry","Centennial Puzzle","Oddly Smooth Stone","Tingsha","Pen Nib"],"potions_floor_usage":[56,56],"damage_taken":[{"damage":0.0,"enemies":"2 Louse","floor":1.0,"turns":2.0},{"damage":0.0,"enemies":"Small Slimes","floor":5.0,"turns":1.0},{"damage":0.0,"enemies":"3 Sentries","floor":7.0,"turns":1.0},{"damage":0.0,"enemies":"Cultist","floor":13.0,"turns":3.0},{"damage":8.0,"enemies":"Exordium Wildlife","floor":14.0,"turns":3.0},{"damage":29.0,"enemies":"The Guardian","floor":16.0,"turns":9.0},{"damage":0.0,"enemies":"Spheric Guardian","floor":18.0,"turns":2.0},{"damage":16.0,"enemies":"Shell Parasite","floor":19.0,"turns":8.0},{"damage":0.0,"enemies":"Centurion and Healer","floor":21.0,"turns":2.0},{"damage":8.0,"enemies":"Gremlin Leader","floor":23.0,"turns":6.0},{"damage":16.0,"enemies":"Snake Plant","floor":27.0,"turns":4.0},{"damage":0.0,"enemies":"3 Cultists","floor":28.0,"turns":2.0},{"damage":0.0,"enemies":"Centurion and Healer","floor":29.0,"turns":1.0},{"damage":0.0,"enemies":"Slavers","floor":30.0,"turns":1.0},{"damage":0.0,"enemies":"Colosseum Slavers","floor":31.0,"turns":1.0},{"damage":0.0,"enemies":"Colosseum Nobs","floor":31.0,"turns":2.0},{"damage":12.0,"enemies":"Champ","floor":33.0,"turns":9.0},{"damage":0.0,"enemies":"Orb Walker","floor":35.0,"turns":2.0},{"damage":0.0,"enemies":"3 Darklings","floor":37.0,"turns":1.0},{"damage":0.0,"enemies":"Transient","floor":39.0,"turns":6.0},{"damage":0.0,"enemies":"Reptomancer","floor":40.0,"turns":2.0},{"damage":0.0,"enemies":"Nemesis","floor":42.0,"turns":3.0},{"damage":0.0,"enemies":"Reptomancer","floor":44.0,"turns":1.0},{"damage":0.0,"enemies":"Sphere and 2 Shapes","floor":45.0,"turns":1.0},{"damage":0.0,"enemies":"Spire Growth","floor":46.0,"turns":2.0},{"damage":0.0,"enemies":"2 Orb Walkers","floor":48.0,"turns":1.0},{"damage":0.0,"enemies":"Time Eater","floor":50.0,"turns":5.0},{"damage":0.0,"enemies":"Donu and Deca","floor":51.0,"turns":1.0},{"damage":0.0,"enemies":"Shield and Spear","floor":55.0,"turns":1.0},{"damage":41,"enemies":"The Heart","floor":56,"turns":8}],"seed_played":"-5323862004515325827","potions_obtained":[{"floor":5.0,"key":"LiquidBronze"},{"floor":16.0,"key":"GamblersBrew"},{"floor":18.0,"key":"Swift Potion"},{"floor":28.0,"key":"SkillPotion"},{"floor":29.0,"key":"SpeedPotion"},{"floor":31.0,"key":"Weak Potion"},{"floor":48.0,"key":"PowerPotion"}],"is_trial":false,"path_per_floor":["M","$","?","?","M","R","E","R","T","R","?","?","M","M","R","B",null,"M","M","$","M","?","E","R","T","T","M","M","M","E","?","R","B",null,"M","$","M","?","M","E","R","E","T","E","M","M","$","?","R","B","B",null,"R","$","E","B",null],"character_chosen":"THE_SILENT","items_purchased":["Medical Kit","Acrobatics","Oddly Smooth Stone"],"campfire_rested":0,"item_purchase_floors":[36,36,47],"current_hp_per_floor":[59,59,59,52,52,52,52,52,52,52,52,52,52,44,44,15,58,58,42,42,42,42,34,34,34,34,20,22,24,26,30,30,45,65,67,67,69,69,71,71,71,78,78,78,78,78,78,78,78,78,78,78,78,78,78,37],"gold":199,"neow_bonus":"THREE_ENEMY_KILL","is_prod":false,"is_daily":false,"chose_seed":false,"campfire_upgraded":8,"win_rate":0,"timestamp":1566086479,"path_taken":["M","$","?","?","M","R","E","R","T","R","?","?","M","?","R","BOSS","M","M","$","M","?","E","R","?","T","M","M","?","E","?","R","BOSS","M","$","M","?","M","E","R","E","T","E","?","M","$","?","R","BOSS","BOSS","R","$","E","BOSS"],"build_version":"2019-07-17","purchased_purges":4,"victory":true,"max_hp_per_floor":[66,66,66,66,66,66,66,66,66,66,66,66,66,66,66,66,71,71,71,71,71,71,71,71,71,71,71,71,71,71,71,71,71,71,71,71,71,71,71,71,71,78,78,78,78,78,78,78,78,78,78,78,78,78,78,78],"card_choices":[{"not_picked":["Flying Knee","Cloak And Dagger"],"picked":"Acrobatics","floor":1.0},{"not_picked":["Blade Dance","Flying Knee"],"picked":"Bouncing Flask","floor":5.0},{"not_picked":["Dagger Throw","Sucker Punch","Dash"],"picked":"SKIP","floor":7.0},{"not_picked":["Dodge and Roll","Outmaneuver"],"picked":"Grand Finale","floor":13.0},{"not_picked":["Blade Dance","Cloak And Dagger","Poisoned Stab"],"picked":"SKIP","floor":14.0},{"not_picked":["Deadly Poison","Crippling Poison"],"picked":"Prepared","floor":18.0},{"not_picked":["Backstab","Bane"],"picked":"Acrobatics","floor":19.0},{"not_picked":["Dagger Throw","Dagger Spray","Dodge and Roll+1"],"picked":"SKIP","floor":21.0},{"not_picked":["Outmaneuver","Poisoned Stab"],"picked":"Backflip","floor":23.0},{"not_picked":["Bane","Flying Knee","Leg Sweep"],"picked":"SKIP","floor":27.0},{"not_picked":["A Thousand Cuts","Sucker Punch+1","Poisoned Stab"],"picked":"SKIP","floor":28.0},{"not_picked":["Underhanded Strike","Backflip"],"picked":"Tactician","floor":29.0},{"not_picked":["Deflect+1","Backstab","Prepared"],"picked":"SKIP","floor":30.0},{"not_picked":["Sucker Punch+1"],"picked":"SKIP","floor":35.0},{"not_picked":["Infinite Blades"],"picked":"SKIP","floor":37.0},{"not_picked":["Flying Knee"],"picked":"SKIP","floor":39.0},{"not_picked":["Deflect+1"],"picked":"SKIP","floor":40.0},{"not_picked":["Bullet Time"],"picked":"SKIP","floor":42.0},{"not_picked":["Slice"],"picked":"SKIP","floor":44.0},{"not_picked":["Noxious Fumes"],"picked":"SKIP","floor":45.0},{"not_picked":["Flying Knee"],"picked":"SKIP","floor":46.0},{"not_picked":["Backflip"],"picked":"SKIP","floor":55.0}],"player_experience":929188,"relics_obtained":[{"floor":7.0,"key":"Lantern"},{"floor":23.0,"key":"Tiny Chest"},{"floor":25.0,"key":"Blood Vial"},{"floor":26.0,"key":"Kunai"},{"floor":30.0,"key":"Pantograph"},{"floor":31.0,"key":"Incense Burner"},{"floor":40.0,"key":"PreservedInsect"},{"floor":42.0,"key":"Strawberry"},{"floor":43.0,"key":"Centennial Puzzle"},{"floor":48.0,"key":"Tingsha"},{"floor":55.0,"key":"Pen Nib"}],"event_choices":[{"damage_healed":0.0,"max_hp_gain":0.0,"max_hp_loss":0.0,"gold_gain":0.0,"cards_transformed":["Strike_G"],"event_name":"Living Wall","player_choice":"Change","floor":3.0,"gold_loss":0.0,"damage_taken":0.0,"cards_obtained":["Corpse Explosion"]},{"cards_removed":["Defend_G"],"damage_healed":0.0,"max_hp_gain":0.0,"max_hp_loss":0.0,"gold_gain":0.0,"event_name":"Golden Wing","player_choice":"Card Removal","floor":4.0,"gold_loss":0.0,"damage_taken":7.0},{"damage_healed":0.0,"max_hp_gain":0.0,"max_hp_loss":0.0,"gold_gain":0.0,"event_name":"Liars Game","player_choice":"Ignored","floor":11.0,"gold_loss":0.0,"damage_taken":0.0},{"damage_healed":0.0,"max_hp_gain":0.0,"max_hp_loss":0.0,"gold_gain":0.0,"event_name":"Accursed Blacksmith","player_choice":"Forge","floor":12.0,"gold_loss":0.0,"damage_taken":0.0,"cards_upgraded":["Neutralize"]},{"damage_healed":0.0,"max_hp_gain":0.0,"max_hp_loss":0.0,"gold_gain":50.0,"event_name":"Nest","player_choice":"Stole From Cult","floor":22.0,"gold_loss":0.0,"damage_taken":0.0},{"damage_healed":0.0,"max_hp_gain":0.0,"max_hp_loss":0.0,"gold_gain":0.0,"event_name":"Colosseum","player_choice":"Fight","floor":31.0,"gold_loss":0.0,"damage_taken":0.0},{"damage_healed":0.0,"max_hp_gain":0.0,"max_hp_loss":0.0,"gold_gain":0.0,"event_name":"Colosseum","player_choice":"Fought Nobs","floor":31.0,"gold_loss":0.0,"damage_taken":0.0},{"damage_healed":0.0,"max_hp_gain":0.0,"max_hp_loss":0.0,"gold_gain":0.0,"event_name":"Upgrade Shrine","player_choice":"Upgraded","floor":38.0,"gold_loss":0.0,"damage_taken":0.0,"cards_upgraded":["Acrobatics"]},{"damage_healed":0.0,"max_hp_gain":0.0,"max_hp_loss":0.0,"gold_gain":0.0,"event_name":"Mysterious Sphere","player_choice":"Fight","floor":48.0,"gold_loss":0.0,"damage_taken":0.0}],"is_beta":false,"boss_relics":[{"not_picked":["HoveringKite","Orrery"],"picked":"Tiny House"},{"not_picked":["Ring of the Serpent","Calling Bell"],"picked":"Busted Crown"}],"items_purged_floors":[2,20,36,47],"is_endless":false,"potions_floor_spawned":[5,16,18,28,29,31,33,35,39,45,48,55],"ascension_level":20}