{"gold_per_floor":[213,288,288,288,288,288,314,325,325,325,51,63,63,24,24,24],"floor_reached":16,"playtime":236,"items_purged":["Strike_B"],"score":192,"play_id":"e7a95e5c-c4ff-45c6-9b5d-72000698b8ff","local_time":"20190909225635","is_ascension_mode":true,"campfire_choices":[{"data":"Zap","floor":6.0,"key":"SMITH"},{"floor":10,"key":"REST"},{"data":"Defragment","floor":13,"key":"SMITH"},{"data":"Dualcast","floor":15,"key":"SMITH"}],"neow_cost":"NONE","seed_source_timestamp":1122433148823981,"circlet_count":0,"master_deck":["AscendersBane","Strike_B","Strike_B","Strike_B","Defend_B","Defend_B","Defend_B+1","Defend_B","Zap+1","Dualcast+1","Beam Cell+1","Machine Learning","Double Energy","Turbo","Compile Driver","Melter","Defragment+1","Skim","Hello World"],"special_seed":0,"relics":["Cracked Core","PreservedInsect","Juzu Bracelet","Dream Catcher"],"potions_floor_usage":[16],"damage_taken":[{"damage":7.0,"enemies":"Small Slimes","floor":1.0,"turns":3.0},{"damage":22,"enemies":"3 Sentries","floor":7,"turns":7},{"damage":1,"enemies":"2 Louse","floor":8,"turns":2},{"damage":7,"enemies":"Jaw Worm","floor":12,"turns":2},{"damage":0,"enemies":"The Guardian","floor":16,"turns":2}],"seed_played":"-4863444691877390634","potions_obtained":[{"floor":12,"key":"Dexterity Potion"}],"is_trial":false,"path_per_floor":["M","?","?","?","?","R","E","M","T","R","$","M","R","$","R","B"],"character_chosen":"DEFECT","items_purchased":["Compile Driver","Melter","Defragment","Hello World"],"campfire_rested":1,"item_purchase_floors":[11,11,11,14],"current_hp_per_floor":[57,46,28,7,30,30,8,7,7,28,28,21,21,21,21,21],"gold":24,"neow_bonus":"HUNDRED_GOLD","is_prod":false,"is_daily":false,"chose_seed":false,"campfire_upgraded":3,"win_rate":0,"timestamp":1568040995,"path_taken":["M","?","?","?","?","R","E","M","T","R","?","M","R","$","R","BOSS"],"build_version":"2019-07-17","purchased_purges":1,"victory":false,"max_hp_per_floor":[71,71,71,71,71,71,71,71,71,71,71,71,71,71,71,71],"card_choices":[{"not_picked":["Streamline","Conserve Battery"],"picked":"Beam Cell","floor":1.0},{"not_picked":["Rebound","Storm"],"picked":"Machine Learning","floor":7},{"not_picked":["Sweeping Beam","Reinforced Body"],"picked":"Double Energy","floor":8},{"not_picked":["Leap","Coolheaded"],"picked":"Turbo","floor":10},{"not_picked":["Static Discharge","Coolheaded"],"picked":"Skim","floor":12}],"player_experience":2277103,"relics_obtained":[{"floor":7,"key":"Juzu Bracelet"},{"floor":9,"key":"Dream Catcher"}],"event_choices":[{"damage_healed":0.0,"max_hp_gain":0.0,"max_hp_loss":0.0,"gold_gain":75.0,"event_name":"World of Goop","player_choice":"Gather Gold","floor":2.0,"gold_loss":0.0,"damage_taken":11.0},{"damage_healed":0.0,"max_hp_gain":0.0,"max_hp_loss":0.0,"gold_gain":0.0,"event_name":"Scrap Ooze","player_choice":"Success","floor":3.0,"gold_loss":0.0,"damage_taken":18.0,"relics_obtained":["PreservedInsect"]},{"damage_healed":0.0,"max_hp_gain":0.0,"max_hp_loss":0.0,"gold_gain":0.0,"event_name":"Shining Light","player_choice":"Entered Light","floor":4.0,"gold_loss":0.0,"damage_taken":21.0,"cards_upgraded":["Defend_B","Beam Cell"]},{"damage_healed":23.0,"max_hp_gain":0.0,"max_hp_loss":0.0,"gold_gain":0.0,"event_name":"Big Fish","player_choice":"Banana","floor":5.0,"gold_loss":0.0,"damage_taken":0.0}],"is_beta":false,"boss_relics":[],"items_purged_floors":[11],"is_endless":false,"potions_floor_spawned":[12],"killed_by":"The Guardian","ascension_level":20}