{"gold_per_floor":[13,28,28,28,52,95,1,1,79,79,114,114,130,130,130,259,259,283,208,0,14,30,66,66,100,125,161,182,182,1,22,22,142,142,156,156,34,34,367,367,396,396,419,444,444,474,5,15,15,15],"floor_reached":51,"playtime":11039,"items_purged":["Writhe","Strike_G","Strike_G"],"score":1196,"play_id":"40bb2c84-fbec-4263-9997-3360cb9e86b8","local_time":"20190921031622","is_ascension_mode":true,"campfire_choices":[{"data":"Cloak And Dagger","floor":8.0,"key":"SMITH"},{"data":"Blade Dance","floor":10.0,"key":"SMITH"},{"data":"Accuracy","floor":15.0,"key":"SMITH"},{"data":"Bullet Time","floor":24.0,"key":"SMITH"},{"floor":32,"key":"REST"},{"data":"Blade Dance","floor":40,"key":"SMITH"},{"data":"Storm of Steel","floor":45,"key":"SMITH"},{"floor":49,"key":"REST"}],"neow_cost":"NO_GOLD","seed_source_timestamp":815863794225200,"circlet_count":0,"master_deck":["Strike_G","Defend_G","Defend_G+1","Defend_G","Defend_G","Defend_G","Survivor","Neutralize","After Image","Leg Sweep+1","Blade Dance+1","Footwork","Footwork","Backflip","Cloak And Dagger+1","Accuracy+1","Backflip","Bullet Time+1","Cloak And Dagger+1","Dodge and Roll","Blade Dance+1","Panache","Crippling Poison+1","Blade Dance+1","A Thousand Cuts","Dash","Blade Dance+1","PiercingWail","Wraith Form v2","Impatience","Acrobatics","Bouncing Flask+1","Cloak And Dagger+1","Storm of Steel+1","Blur","Backflip+1","Heel Hook+1"],"special_seed":0,"relics":["Ring of the Snake","Oddly Smooth Stone","The Courier","Snake Skull","WristBlade","Art of War","Strawberry","Vajra","Bronze Scales","Happy Flower","War Paint","Philosopher\u0027s Stone","Dead Branch","Dream Catcher","Centennial Puzzle","Anchor","Sundial","Pen Nib"],"potions_floor_usage":[33,33,50],"damage_taken":[{"damage":0.0,"enemies":"Cultist","floor":1.0,"turns":5.0},{"damage":0.0,"enemies":"2 Louse","floor":2.0,"turns":5.0},{"damage":0.0,"enemies":"Jaw Worm","floor":5.0,"turns":6.0},{"damage":4.0,"enemies":"Gremlin Nob","floor":6.0,"turns":6.0},{"damage":0.0,"enemies":"3 Sentries","floor":11.0,"turns":11.0},{"damage":0.0,"enemies":"Looter","floor":13.0,"turns":4.0},{"damage":0.0,"enemies":"The Guardian","floor":16.0,"turns":15.0},{"damage":3.0,"enemies":"Chosen","floor":18.0,"turns":7.0},{"damage":0.0,"enemies":"2 Thieves","floor":21.0,"turns":3.0},{"damage":1.0,"enemies":"Snake Plant","floor":22.0,"turns":5.0},{"damage":18.0,"enemies":"Slavers","floor":23.0,"turns":4.0},{"damage":0.0,"enemies":"Gremlin Leader","floor":25.0,"turns":6.0},{"damage":17.0,"enemies":"Book of Stabbing","floor":27.0,"turns":5.0},{"damage":0,"enemies":"3 Cultists","floor":28,"turns":4},{"damage":0,"enemies":"Shelled Parasite and Fungi","floor":31,"turns":5},{"damage":29,"enemies":"Champ","floor":33,"turns":8},{"damage":0,"enemies":"3 Darklings","floor":35,"turns":4},{"damage":13,"enemies":"Nemesis","floor":41,"turns":7},{"damage":0,"enemies":"Giant Head","floor":44,"turns":4},{"damage":0,"enemies":"Nemesis","floor":46,"turns":5},{"damage":0,"enemies":"Orb Walker","floor":48,"turns":2},{"damage":2,"enemies":"Awakened One","floor":50,"turns":11}],"seed_played":"5605459001242055471","potions_obtained":[{"floor":1.0,"key":"SteroidPotion"},{"floor":4.0,"key":"Fire Potion"},{"floor":4.0,"key":"SneckoOil"},{"floor":5.0,"key":"SkillPotion"},{"floor":13.0,"key":"PowerPotion"},{"floor":21.0,"key":"PowerPotion"},{"floor":23.0,"key":"Fire Potion"},{"floor":25.0,"key":"Strength Potion"},{"floor":31,"key":"Regen Potion"},{"floor":33,"key":"GamblersBrew"},{"floor":41,"key":"Weak Potion"}],"is_trial":false,"path_per_floor":["M","M","?","?","M","E","$","R","T","R","E","?","M","?","R","B",null,"M","?","$","M","M","E","R","E","T","E","M","?","$","M","R","B",null,"M","?","$","?","?","R","E","?","T","E","R","E","$","M","R","B",null],"character_chosen":"THE_SILENT","items_purchased":["Backflip","Cloak And Dagger","Dodge and Roll","Blade Dance","Panache","War Paint","Acrobatics","Sundial","Pen Nib","Blur"],"campfire_rested":2,"item_purchase_floors":[7,7,20,20,20,30,37,47,47,47],"current_hp_per_floor":[70,70,53,53,53,49,49,49,49,49,49,42,42,47,47,47,68,65,65,65,65,64,46,46,53,53,36,36,36,36,36,60,46,73,73,68,68,68,68,68,55,55,55,55,55,55,55,55,78,76],"gold":15,"neow_bonus":"THREE_RARE_CARDS","is_prod":false,"is_daily":false,"chose_seed":false,"campfire_upgraded":6,"win_rate":0,"timestamp":1569024982,"path_taken":["M","M","?","?","?","E","$","R","T","R","E","?","M","?","R","BOSS","M","?","$","M","M","E","R","E","T","E","M","?","$","M","R","BOSS","M","?","$","?","?","R","E","?","T","E","R","E","$","M","R","BOSS"],"build_version":"2019-07-17","purchased_purges":3,"victory":true,"max_hp_per_floor":[70,70,70,70,70,70,70,70,70,70,70,70,70,75,75,75,75,75,75,75,75,75,75,75,82,82,82,82,82,82,82,82,82,82,82,82,82,78,78,78,78,78,78,78,78,78,78,78,78,78],"card_choices":[{"not_picked":["A Thousand Cuts","Venomology"],"picked":"After Image","floor":0.0},{"not_picked":["Finisher","Acrobatics"],"picked":"Leg Sweep","floor":1.0},{"not_picked":["Prepared","Deflect"],"picked":"Blade Dance","floor":2.0},{"not_picked":["Acrobatics","Crippling Poison"],"picked":"Footwork","floor":5.0},{"not_picked":["Quick Slash","Catalyst"],"picked":"Footwork","floor":6.0},{"not_picked":["Predator","Flying Knee"],"picked":"Accuracy","floor":11.0},{"not_picked":["Slice","After Image"],"picked":"Backflip","floor":13.0},{"not_picked":["Wraith Form v2","After Image"],"picked":"Bullet Time","floor":16.0},{"not_picked":["Flechettes","Choke+1"],"picked":"Cloak And Dagger+1","floor":18.0},{"not_picked":["Bane+1","Dodge and Roll+1"],"picked":"Crippling Poison+1","floor":21.0},{"not_picked":["Well Laid Plans","Calculated Gamble"],"picked":"Blade Dance+1","floor":22.0},{"not_picked":["Outmaneuver","Distraction","Caltrops+1"],"picked":"SKIP","floor":23.0},{"not_picked":["Reflex+1","Deadly Poison"],"picked":"A Thousand Cuts","floor":25.0},{"not_picked":["Flying Knee","Glass Knife"],"picked":"Dash","floor":27.0},{"not_picked":["Poisoned Stab","Bane+1"],"picked":"Blade Dance+1","floor":28},{"not_picked":["Dagger Throw","Crippling Poison"],"picked":"PiercingWail","floor":31},{"not_picked":["Bullet Time","Night Terror"],"picked":"Wraith Form v2","floor":33},{"not_picked":["Slice","Bane","Quick Slash+1"],"picked":"SKIP","floor":35},{"not_picked":["PanicButton","Magnetism"],"picked":"Impatience","floor":36},{"not_picked":["Escape Plan","All Out Attack"],"picked":"Bouncing Flask+1","floor":41},{"not_picked":["Finisher","Blade Dance"],"picked":"Storm of Steel","floor":44},{"not_picked":["Outmaneuver","Finisher","Underhanded Strike"],"picked":"SKIP","floor":46},{"not_picked":["Dodge and Roll","Skewer"],"picked":"Backflip+1","floor":48},{"not_picked":["Dagger Throw+1","Slice+1"],"picked":"Heel Hook+1","floor":49}],"player_experience":291332,"relics_obtained":[{"floor":6.0,"key":"Oddly Smooth Stone"},{"floor":9.0,"key":"The Courier"},{"floor":11.0,"key":"Snake Skull"},{"floor":23.0,"key":"Art of War"},{"floor":25.0,"key":"Strawberry"},{"floor":26.0,"key":"Vajra"},{"floor":27.0,"key":"Bronze Scales"},{"floor":41,"key":"Dead Branch"},{"floor":43,"key":"Dream Catcher"},{"floor":44,"key":"Centennial Puzzle"},{"floor":46,"key":"Anchor"}],"event_choices":[{"damage_healed":0.0,"max_hp_gain":0.0,"max_hp_loss":0.0,"gold_gain":0.0,"event_name":"Golden Idol","player_choice":"Take Damage","floor":3.0,"gold_loss":0.0,"damage_taken":17.0,"relics_obtained":["Golden Idol"]},{"damage_healed":0.0,"max_hp_gain":0.0,"max_hp_loss":0.0,"gold_gain":0.0,"event_name":"Lab","player_choice":"Got Potions","floor":4.0,"gold_loss":0.0,"damage_taken":0.0},{"cards_removed":["Strike_G"],"damage_healed":0.0,"max_hp_gain":0.0,"max_hp_loss":0.0,"gold_gain":0.0,"event_name":"Golden Wing","player_choice":"Card Removal","floor":12.0,"gold_loss":0.0,"damage_taken":7.0},{"damage_healed":0.0,"max_hp_gain":5.0,"max_hp_loss":0.0,"gold_gain":0.0,"event_name":"Big Fish","player_choice":"Donut","floor":14.0,"gold_loss":0.0,"damage_taken":0.0},{"cards_removed":["Strike_G"],"damage_healed":0.0,"max_hp_gain":0.0,"max_hp_loss":0.0,"gold_gain":0.0,"event_name":"Beggar","player_choice":"Gave Gold","floor":19.0,"gold_loss":75.0,"damage_taken":0.0},{"damage_healed":0,"gold_gain":0,"player_choice":"Opened","damage_taken":0,"relics_obtained":["Happy Flower"],"max_hp_gain":0,"max_hp_loss":0,"event_name":"The Mausoleum","floor":29,"gold_loss":0,"cards_obtained":["Writhe"]},{"damage_healed":0,"gold_gain":0,"player_choice":"Memory 2","damage_taken":5,"max_hp_gain":0,"max_hp_loss":0,"event_name":"SensoryStone","floor":36,"gold_loss":0},{"damage_healed":0,"gold_gain":0,"player_choice":"Max HP","damage_taken":0,"max_hp_gain":0,"max_hp_loss":4,"event_name":"Winding Halls","floor":38,"gold_loss":0},{"damage_healed":0,"gold_gain":333,"player_choice":"Gave Idol","damage_taken":0,"max_hp_gain":0,"max_hp_loss":0,"event_name":"The Moai Head","floor":39,"relics_lost":["Golden Idol"],"gold_loss":0},{"damage_healed":0,"gold_gain":0,"player_choice":"Copied","damage_taken":0,"max_hp_gain":0,"max_hp_loss":0,"event_name":"Duplicator","floor":42,"gold_loss":0,"cards_obtained":["Cloak And Dagger"]}],"is_beta":false,"boss_relics":[{"not_picked":["Black Star","Ectoplasm"],"picked":"WristBlade"},{"not_picked":["Runic Pyramid","Pandora\u0027s Box"],"picked":"Philosopher\u0027s Stone"}],"items_purged_floors":[30,37,47],"is_endless":false,"potions_floor_spawned":[1,5,13,21,23,25,31,33,41],"ascension_level":5}