{"gold_per_floor":[112,162,173,248,248,275,291,326,326,344,423,434,434,449,449,449],"floor_reached":16,"playtime":513,"items_purged":[],"score":274,"play_id":"33d90ef1-2efa-4b05-8dae-19c8ea210f30","local_time":"20190918210535","is_ascension_mode":true,"campfire_choices":[{"data":"Dagger Spray","floor":15,"key":"SMITH"}],"neow_cost":"NONE","seed_source_timestamp":703451970092939,"circlet_count":0,"master_deck":["AscendersBane","Strike_G","Strike_G","Strike_G","Defend_G","Defend_G","Defend_G","Defend_G","Defend_G","Survivor","Neutralize","Well Laid Plans","Catalyst","Catalyst","Dagger Spray+1"],"special_seed":0,"relics":["Ring of the Snake","NeowsBlessing","Orichalcum","TungstenRod","Meat on the Bone"],"potions_floor_usage":[16,16],"damage_taken":[{"damage":0.0,"enemies":"2 Louse","floor":1.0,"turns":1.0},{"damage":0.0,"enemies":"Cultist","floor":3.0,"turns":1.0},{"damage":0.0,"enemies":"Lagavulin","floor":6.0,"turns":1.0},{"damage":2.0,"enemies":"Jaw Worm","floor":7.0,"turns":6.0},{"damage":25.0,"enemies":"Gremlin Nob","floor":8.0,"turns":6.0},{"damage":7.0,"enemies":"3 Louse","floor":10.0,"turns":6.0},{"damage":0.0,"enemies":"Blue Slaver","floor":12.0,"turns":6.0},{"damage":8,"enemies":"Exordium Wildlife","floor":14,"turns":9},{"damage":15,"enemies":"Slime Boss","floor":16,"turns":7}],"seed_played":"8903127707262517423","potions_obtained":[{"floor":6.0,"key":"PowerPotion"},{"floor":7.0,"key":"EssenceOfSteel"},{"floor":12.0,"key":"Strength Potion"},{"floor":14,"key":"Block Potion"}],"is_trial":false,"path_per_floor":["M","?","M","?","?","E","M","E","T","M","T","M","?","M","R","B"],"character_chosen":"THE_SILENT","items_purchased":[],"campfire_rested":0,"item_purchase_floors":[],"current_hp_per_floor":[59,59,59,48,41,41,39,14,14,7,7,19,19,23,23,8],"gold":449,"neow_bonus":"THREE_ENEMY_KILL","is_prod":false,"is_daily":false,"chose_seed":false,"campfire_upgraded":1,"win_rate":0,"timestamp":1568811935,"path_taken":["M","?","?","?","?","E","M","E","T","M","?","?","?","M","R","BOSS"],"build_version":"2019-09-17","purchased_purges":0,"victory":false,"max_hp_per_floor":[66,66,66,66,66,66,66,66,66,66,66,66,66,66,66,66],"card_choices":[{"not_picked":["Dagger Throw","Caltrops","Distraction"],"picked":"SKIP","floor":1.0},{"not_picked":["Riddle With Holes","Blade Dance","Prepared"],"picked":"SKIP","floor":3.0},{"not_picked":["Concentrate","Night Terror","Cloak And Dagger"],"picked":"SKIP","floor":6.0},{"not_picked":["Backflip","Dagger Throw"],"picked":"Well Laid Plans","floor":7.0},{"not_picked":["Footwork","Poisoned Stab"],"picked":"Catalyst","floor":8.0},{"not_picked":["Slice","Setup"],"picked":"Catalyst","floor":10.0},{"not_picked":["Quick Slash","Blade Dance","Flying Knee"],"picked":"SKIP","floor":12.0},{"not_picked":["Sucker Punch","Underhanded Strike"],"picked":"Dagger Spray","floor":14}],"player_experience":844077,"relics_obtained":[{"floor":6.0,"key":"Orichalcum"},{"floor":8.0,"key":"TungstenRod"},{"floor":11.0,"key":"Meat on the Bone"}],"event_choices":[{"damage_healed":0.0,"max_hp_gain":0.0,"max_hp_loss":0.0,"gold_gain":50.0,"event_name":"Golden Shrine","player_choice":"Pray","floor":2.0,"gold_loss":0.0,"damage_taken":0.0},{"damage_healed":0.0,"max_hp_gain":0.0,"max_hp_loss":0.0,"gold_gain":75.0,"event_name":"World of Goop","player_choice":"Gather Gold","floor":4.0,"gold_loss":0.0,"damage_taken":11.0},{"cards_removed":["Strike_G"],"damage_healed":0.0,"max_hp_gain":0.0,"max_hp_loss":0.0,"gold_gain":0.0,"event_name":"Golden Wing","player_choice":"Card Removal","floor":5.0,"gold_loss":0.0,"damage_taken":7.0},{"cards_removed":["Strike_G"],"damage_healed":0,"gold_gain":0,"player_choice":"Offered Basic","damage_taken":0,"max_hp_gain":0,"max_hp_loss":0,"event_name":"Bonfire Elementals","floor":13,"gold_loss":0}],"is_beta":true,"boss_relics":[],"items_purged_floors":[],"is_endless":false,"potions_floor_spawned":[6,7,12,14],"killed_by":"Slime Boss","ascension_level":20}