{"gold_per_floor":[12,12,22,34,44,44,101,114,190,208,208,225,252,271,271,348,348,365,365,379,394,407,438,438,464,489,503,521,551,125,139,139,216,216,227,240,240,250,33,33,62,62,132,132,132,157,157,183,183,183,183,183,183,50,83,83],"floor_reached":58,"playtime":1521,"items_purged":["Strike_G","Acrobatics+1"],"score":3592,"play_id":"547830a5-a3c8-4055-88f6-7ea0aaa43d22","local_time":"20190822091616","is_ascension_mode":true,"campfire_choices":[{"data":"Well Laid Plans","floor":6.0,"key":"SMITH"},{"data":"Grand Finale","floor":11.0,"key":"SMITH"},{"data":"Acrobatics","floor":15.0,"key":"SMITH"},{"data":"Tactician","floor":24.0,"key":"SMITH"},{"data":"Purity","floor":32,"key":"SMITH"},{"data":"Reflex","floor":41,"key":"SMITH"},{"data":"Acrobatics","floor":43,"key":"SMITH"},{"floor":46,"key":"RECALL"},{"data":"1","floor":48,"key":"LIFT"},{"data":"2","floor":50,"key":"LIFT"},{"data":"3","floor":54,"key":"LIFT"}],"neow_cost":"NO_GOLD","seed_source_timestamp":37171175784978,"circlet_count":0,"master_deck":["AscendersBane","Survivor+1","Neutralize+1","Grand Finale+1","Well Laid Plans+1","Terror+1","Backflip+1","Tactician+1","Acrobatics+1","Reflex+1","Purity+1","Escape Plan+1","After Image+1","Calculated Gamble+1","Footwork+1"],"special_seed":0,"relics":["Ring of the Snake","Tiny Chest","Girya","Black Star","Bronze Scales","Question Card","Letter Opener","Kunai","Art of War","Smiling Mask","Molten Egg 2","Paper Crane","Pandora\u0027s Box","Membership Card","Regal Pillow","Ancient Tea Set","Frozen Egg 2","Mark of the Bloom","Orichalcum","Potion Belt","Ginger","Oddly Smooth Stone","Vajra","Boot"],"potions_floor_usage":[33,57,57,57],"damage_taken":[{"damage":6.0,"enemies":"Jaw Worm","floor":1.0,"turns":9.0},{"damage":1.0,"enemies":"Cultist","floor":3.0,"turns":5.0},{"damage":0.0,"enemies":"Small Slimes","floor":4.0,"turns":2.0},{"damage":18.0,"enemies":"Exordium Wildlife","floor":5.0,"turns":8.0},{"damage":2.0,"enemies":"Lagavulin","floor":7.0,"turns":6.0},{"damage":0.0,"enemies":"Looter","floor":8.0,"turns":2.0},{"damage":4.0,"enemies":"Exordium Thugs","floor":10.0,"turns":4.0},{"damage":0.0,"enemies":"2 Fungi Beasts","floor":12.0,"turns":2.0},{"damage":22.0,"enemies":"3 Sentries","floor":13.0,"turns":6.0},{"damage":3.0,"enemies":"Exordium Wildlife","floor":14.0,"turns":4.0},{"damage":0.0,"enemies":"The Guardian","floor":16.0,"turns":4.0},{"damage":19.0,"enemies":"Spheric Guardian","floor":18.0,"turns":4.0},{"damage":1.0,"enemies":"Shell Parasite","floor":20.0,"turns":3.0},{"damage":0.0,"enemies":"3 Cultists","floor":21.0,"turns":3.0},{"damage":0.0,"enemies":"Snake Plant","floor":22.0,"turns":2.0},{"damage":15.0,"enemies":"Slavers","floor":23.0,"turns":2.0},{"damage":0.0,"enemies":"Gremlin Leader","floor":25.0,"turns":3.0},{"damage":6.0,"enemies":"Shelled Parasite and Fungi","floor":27.0,"turns":2.0},{"damage":7.0,"enemies":"Cultist and Chosen","floor":28.0,"turns":2.0},{"damage":2.0,"enemies":"Book of Stabbing","floor":29.0,"turns":4.0},{"damage":6,"enemies":"Snake Plant","floor":31,"turns":3},{"damage":0,"enemies":"Collector","floor":33,"turns":3},{"damage":0,"enemies":"3 Darklings","floor":36,"turns":1},{"damage":0,"enemies":"Orb Walker","floor":37,"turns":1},{"damage":0,"enemies":"Jaw Worm Horde","floor":39,"turns":1},{"damage":0,"enemies":"Nemesis","floor":42,"turns":1},{"damage":0,"enemies":"Reptomancer","floor":47,"turns":1},{"damage":0,"enemies":"Nemesis","floor":49,"turns":1},{"damage":0,"enemies":"Donu and Deca","floor":51,"turns":1},{"damage":0,"enemies":"Awakened One","floor":52,"turns":2},{"damage":0,"enemies":"Shield and Spear","floor":56,"turns":1},{"damage":1,"enemies":"The Heart","floor":57,"turns":4}],"seed_played":"-4040592456633698763","potions_obtained":[{"floor":3.0,"key":"Ancient Potion"},{"floor":8.0,"key":"LiquidBronze"},{"floor":18.0,"key":"Regen Potion"},{"floor":21.0,"key":"Strength Potion"},{"floor":25.0,"key":"GamblersBrew"},{"floor":27.0,"key":"Ancient Potion"},{"floor":31,"key":"AttackPotion"},{"floor":37,"key":"Regen Potion"},{"floor":47,"key":"Swift Potion"}],"is_trial":false,"path_per_floor":["M","?","M","M","M","R","E","M","T","M","R","M","E","M","R","B",null,"M","?","M","M","M","E","R","E","T","M","M","E","$","M","R","B",null,"M","M","?","M","$","R","E","R","T","?","R","E","R","E","R","B","B",null,"R","$","E","B",null],"character_chosen":"THE_SILENT","items_purchased":["Purity","Paper Crane","Membership Card","GamblersBrew","Footwork+1"],"campfire_rested":0,"item_purchase_floors":[30,30,40,55,55],"current_hp_per_floor":[53,53,52,52,34,34,32,32,32,28,28,28,6,3,3,3,50,31,31,39,39,39,24,24,24,24,18,11,9,9,3,3,3,62,62,62,62,62,62,62,62,62,62,62,62,62,62,62,62,62,62,62,62,62,62,61],"gold":83,"neow_bonus":"REMOVE_TWO","is_prod":false,"is_daily":false,"chose_seed":false,"campfire_upgraded":7,"win_rate":0,"timestamp":1566432976,"path_taken":["M","?","M","?","M","R","E","M","T","M","R","M","E","M","R","BOSS","M","?","?","M","M","E","R","E","T","M","?","E","$","M","R","BOSS","M","M","?","M","$","R","E","R","T","?","R","E","R","E","R","BOSS","BOSS","R","$","E","BOSS"],"build_version":"2019-07-17","purchased_purges":2,"victory":true,"max_hp_per_floor":[66,66,66,66,66,66,66,66,66,66,66,66,66,66,66,66,66,66,66,66,66,66,66,66,66,66,66,66,66,66,66,66,66,66,66,66,63,63,63,63,63,63,63,63,63,63,63,63,63,63,63,63,63,63,63,63],"card_choices":[{"not_picked":["Sucker Punch","Dagger Spray","Slice"],"picked":"SKIP","floor":1.0},{"not_picked":["Dodge and Roll","Reflex"],"picked":"Well Laid Plans","floor":3.0},{"not_picked":["Accuracy","Distraction","Terror"],"picked":"SKIP","floor":4.0},{"not_picked":["Accuracy","Distraction"],"picked":"Terror","floor":4.0},{"not_picked":["Blade Dance","Poisoned Stab","Slice"],"picked":"SKIP","floor":5.0},{"not_picked":["Blur","Slice"],"picked":"Backflip","floor":7.0},{"not_picked":["Backflip","Dagger Throw","Underhanded Strike"],"picked":"SKIP","floor":8.0},{"not_picked":["Endless Agony","Noxious Fumes","Skewer"],"picked":"SKIP","floor":10.0},{"not_picked":["Wraith Form v2","Caltrops"],"picked":"Tactician","floor":12.0},{"not_picked":["Riddle With Holes","Finisher","Endless Agony"],"picked":"SKIP","floor":13.0},{"not_picked":["Sucker Punch","Deadly Poison"],"picked":"Acrobatics","floor":14.0},{"not_picked":["Deflect","Bane","Prepared"],"picked":"SKIP","floor":18.0},{"not_picked":["Blade Dance","Prepared","Quick Slash"],"picked":"SKIP","floor":20.0},{"not_picked":["Dash+1","Prepared"],"picked":"Acrobatics","floor":21.0},{"not_picked":["Blade Dance","Backstab+1","Deflect+1"],"picked":"SKIP","floor":22.0},{"not_picked":["Blur","Crippling Poison","Catalyst"],"picked":"SKIP","floor":23.0},{"not_picked":["A Thousand Cuts","Acrobatics","Backflip","Skewer"],"picked":"SKIP","floor":25.0},{"not_picked":["Bane","Expertise","Cloak And Dagger","Flechettes+1"],"picked":"SKIP","floor":27.0},{"not_picked":["Finisher","Dagger Spray","Terror","Bane"],"picked":"SKIP","floor":28.0},{"not_picked":["Underhanded Strike","Outmaneuver","Bane"],"picked":"Reflex","floor":29.0},{"not_picked":["Slice+1","Bane+1","Die Die Die+1"],"picked":"Escape Plan","floor":31},{"not_picked":["Glass Knife+1","Unload+1","Doppelganger"],"picked":"After Image","floor":33},{"not_picked":["Deadly Poison+1","Dodge and Roll","Predator+1","PiercingWail+1"],"picked":"SKIP","floor":36},{"not_picked":["Acrobatics+1","Flying Knee+1","Deadly Poison"],"picked":"Calculated Gamble","floor":37},{"not_picked":["Backflip","Bane+1","Dagger Spray+1","Dash+1"],"picked":"SKIP","floor":39},{"not_picked":["Calculated Gamble","Escape Plan","Sucker Punch+1","Predator+1"],"picked":"SKIP","floor":42},{"not_picked":["Finisher+1","Blur","Bouncing Flask","Tactician+1"],"picked":"SKIP","floor":47},{"not_picked":["Catalyst","Infinite Blades+1","Tactician+1","Dagger Spray+1"],"picked":"SKIP","floor":49},{"not_picked":["Underhanded Strike+1","Prepared","Distraction","Backflip"],"picked":"SKIP","floor":56}],"player_experience":965592,"relics_obtained":[{"floor":7.0,"key":"Tiny Chest"},{"floor":13.0,"key":"Girya"},{"floor":23.0,"key":"Bronze Scales"},{"floor":23.0,"key":"Question Card"},{"floor":25.0,"key":"Letter Opener"},{"floor":25.0,"key":"Kunai"},{"floor":26.0,"key":"Art of War"},{"floor":29.0,"key":"Smiling Mask"},{"floor":29.0,"key":"Molten Egg 2"},{"floor":42,"key":"Regal Pillow"},{"floor":42,"key":"Ancient Tea Set"},{"floor":44,"key":"Frozen Egg 2"},{"floor":47,"key":"Orichalcum"},{"floor":47,"key":"Potion Belt"},{"floor":49,"key":"Ginger"},{"floor":49,"key":"Oddly Smooth Stone"},{"floor":56,"key":"Vajra"},{"floor":56,"key":"Boot"}],"event_choices":[{"damage_healed":0.0,"max_hp_gain":0.0,"max_hp_loss":0.0,"gold_gain":0.0,"cards_transformed":["Strike_G"],"event_name":"Transmorgrifier","player_choice":"Transformed","floor":2.0,"gold_loss":0.0,"damage_taken":0.0,"cards_obtained":["Grand Finale"]},{"damage_healed":0.0,"max_hp_gain":0.0,"max_hp_loss":0.0,"gold_gain":0.0,"event_name":"Lab","player_choice":"Got Potions","floor":19.0,"gold_loss":0.0,"damage_taken":0.0},{"damage_healed":0,"gold_gain":0,"player_choice":"Max HP","damage_taken":0,"max_hp_gain":0,"max_hp_loss":3,"event_name":"Winding Halls","floor":38,"gold_loss":0},{"damage_healed":0,"gold_gain":0,"player_choice":"Upgrade","damage_taken":0,"relics_obtained":["Mark of the Bloom"],"max_hp_gain":0,"max_hp_loss":0,"event_name":"MindBloom","floor":45,"gold_loss":0,"cards_upgraded":["Survivor","Neutralize","Terror","Backflip","Escape Plan","After Image","Calculated Gamble"]}],"is_beta":false,"boss_relics":[{"not_picked":["Cursed Key","Sozu"],"picked":"Black Star"},{"not_picked":["Fusion Hammer","WristBlade"],"picked":"Pandora\u0027s Box"}],"items_purged_floors":[30,55],"is_endless":false,"potions_floor_spawned":[3,8,10,12,18,21,25,27,31,37,39,47],"ascension_level":20}