{"gold_per_floor":[116,216,18,18,35,35,53,53,53,80,80,98,98,116,116,217,217,227,227,45,48,66,92,92,92,92,103,121,134,153,163,163,163],"floor_reached":33,"playtime":5374,"items_purged":[],"score":271,"play_id":"8ce39fdc-e381-48e5-8af9-4d80431ca286","local_time":"20190108154402","is_ascension_mode":false,"campfire_choices":[{"data":"Stack","floor":6,"key":"SMITH"},{"data":"Genetic Algorithm","floor":8,"key":"SMITH"},{"data":"Conserve Battery","floor":11,"key":"SMITH"},{"data":"Fusion","floor":15,"key":"SMITH"},{"floor":25,"key":"REST"},{"floor":32,"key":"REST"}],"neow_cost":"NONE","seed_source_timestamp":237698095053864,"circlet_count":0,"master_deck":["Strike_B","Strike_B","Strike_B","Defend_B","Defend_B","Defend_B","Defend_B","Zap","Dualcast","Coolheaded","Doom and Gloom","Steam","Loop","Stack+1","Genetic Algorithm+1","Conserve Battery+1","Undo","Parasite","Fusion+1","Biased Cognition","Fusion+1","Reinforced Body","Double Energy","Leap+1","Stack+1","Stack","Coolheaded","Glacier","Hologram+1","Barrage+1","Ball Lightning"],"relics":["Cracked Core","Centennial Puzzle","Mercury Hourglass","PreservedInsect","Inserter","Regal Pillow","Bird Faced Urn","Sundial"],"potions_floor_usage":[12,18,21,22,23,27,28,29,30,30,30,30,30,30,33],"damage_taken":[{"damage":0,"enemies":"Jaw Worm","floor":1,"turns":4},{"damage":2,"enemies":"Cultist","floor":5,"turns":4},{"damage":0,"enemies":"2 Louse","floor":7,"turns":3},{"damage":6,"enemies":"3 Sentries","floor":10,"turns":6},{"damage":5,"enemies":"Lots of Slimes","floor":12,"turns":2},{"damage":1,"enemies":"Large Slime","floor":14,"turns":5},{"damage":29,"enemies":"Slime Boss","floor":16,"turns":11},{"damage":0,"enemies":"Chosen","floor":18,"turns":6},{"damage":7,"enemies":"2 Thieves","floor":21,"turns":5},{"damage":1,"enemies":"3 Cultists","floor":22,"turns":8},{"damage":40,"enemies":"Slavers","floor":23,"turns":7},{"damage":9,"enemies":"Snake Plant","floor":27,"turns":8},{"damage":10,"enemies":"Snecko","floor":28,"turns":8},{"damage":0,"enemies":"Cultist and Chosen","floor":29,"turns":5},{"damage":3,"enemies":"Sentry and Sphere","floor":30,"turns":16},{"damage":20,"enemies":"Chosen and Byrds","floor":31,"turns":8},{"damage":79,"enemies":"Collector","floor":33,"turns":12}],"seed_played":"4264308293624156242","potions_obtained":[{"floor":1,"key":"GamblersBrew"},{"floor":10,"key":"LiquidBronze"},{"floor":12,"key":"Fire Potion"},{"floor":16,"key":"Dexterity Potion"},{"floor":18,"key":"EssenceOfSteel"},{"floor":24,"key":"EntropicBrew"},{"floor":24,"key":"GamblersBrew"},{"floor":24,"key":"PowerPotion"},{"floor":27,"key":"AttackPotion"},{"floor":28,"key":"GamblersBrew"}],"is_trial":false,"path_per_floor":["M","?","$","?","M","R","M","R","T","E","R","M","?","M","R","B",null,"M","?","$","M","M","E","?","R","T","M","M","M","M","M","R","B"],"character_chosen":"DEFECT","items_purchased":["Doom and Gloom","Steam","Loop","Regal Pillow","Double Energy"],"campfire_rested":2,"item_purchase_floors":[3,3,3,20,20],"current_hp_per_floor":[75,75,75,75,73,73,73,73,73,67,67,62,75,74,74,45,75,75,75,75,68,67,27,27,64,64,59,53,57,73,55,75,0],"gold":163,"neow_bonus":"RANDOM_COMMON_RELIC","is_prod":false,"is_daily":false,"chose_seed":false,"campfire_upgraded":4,"win_rate":0.0,"timestamp":1546991042,"path_taken":["M","?","?","?","M","R","?","R","T","E","R","M","?","M","R","BOSS","M","?","$","M","M","E","?","R","T","?","M","M","M","M","R","BOSS"],"build_version":"2019-01-03v4","purchased_purges":0,"victory":false,"max_hp_per_floor":[75,75,75,75,75,75,75,75,75,75,75,75,75,75,75,75,75,75,75,75,75,75,75,75,75,75,75,75,75,75,75,75,75],"card_choices":[{"not_picked":["Rip and Tear","Sunder"],"picked":"Coolheaded","floor":1},{"not_picked":["Darkness","Sweeping Beam"],"picked":"Stack","floor":5},{"not_picked":["Gash","Glacier"],"picked":"Genetic Algorithm","floor":7},{"not_picked":["All For One","Barrage"],"picked":"Conserve Battery","floor":10},{"not_picked":["Coolheaded","Conserve Battery"],"picked":"Undo","floor":12},{"not_picked":["Skim","Gash"],"picked":"Fusion","floor":14},{"not_picked":["Meteor Strike","Fission"],"picked":"Biased Cognition","floor":16},{"not_picked":["Steam","Defragment"],"picked":"Fusion+1","floor":18},{"not_picked":["Gash","Lockon"],"picked":"Leap+1","floor":21},{"not_picked":["Reprogram","Coolheaded"],"picked":"Stack+1","floor":22},{"not_picked":["Cold Snap","Redo"],"picked":"Stack","floor":23},{"not_picked":["Lockon","Compile Driver"],"picked":"Coolheaded","floor":27},{"not_picked":["Fusion","Core Surge"],"picked":"Glacier","floor":28},{"not_picked":["Sweeping Beam","Streamline"],"picked":"Hologram+1","floor":29},{"not_picked":["Loop","Conserve Battery"],"picked":"Barrage+1","floor":30},{"not_picked":["Double Energy","Sweeping Beam"],"picked":"Ball Lightning","floor":31}],"player_experience":123691,"relics_obtained":[{"floor":9,"key":"Mercury Hourglass"},{"floor":10,"key":"PreservedInsect"},{"floor":23,"key":"Bird Faced Urn"},{"floor":26,"key":"Sundial"}],"event_choices":[{"damage_healed":0,"gold_gain":100,"player_choice":"Pray","damage_taken":0,"max_hp_gain":0,"max_hp_loss":0,"event_name":"Golden Shrine","floor":2,"gold_loss":0},{"cards_removed":["Strike_B"],"damage_healed":0,"gold_gain":0,"player_choice":"Purged","damage_taken":0,"max_hp_gain":0,"max_hp_loss":0,"event_name":"Purifier","floor":4,"gold_loss":0},{"damage_healed":18,"gold_gain":0,"player_choice":"Healed and dodged fight","damage_taken":0,"max_hp_gain":0,"max_hp_loss":0,"event_name":"Mushrooms","floor":13,"gold_loss":0,"cards_obtained":["Parasite"]},{"damage_healed":0,"gold_gain":0,"player_choice":"Read","damage_taken":0,"max_hp_gain":0,"max_hp_loss":0,"event_name":"The Library","floor":19,"gold_loss":0,"cards_obtained":["Reinforced Body"]},{"damage_healed":0,"gold_gain":0,"player_choice":"Got Potions","damage_taken":0,"max_hp_gain":0,"max_hp_loss":0,"event_name":"Lab","floor":24,"gold_loss":0}],"is_beta":false,"boss_relics":[{"not_picked":["Busted Crown","Ectoplasm"],"picked":"Inserter"}],"items_purged_floors":[],"is_endless":false,"potions_floor_spawned":[1,10,12,16,18,27,28],"killed_by":"Collector","ascension_level":0}