{"gold_per_floor":[113,129,154,154,154,197,39,75,98,142,142,42,42,55,55,55],"floor_reached":16,"playtime":323,"items_purged":["Strike_G","Strike_G"],"score":282,"play_id":"380539b9-e6d7-453a-bee4-836af251b1da","local_time":"20190830094654","is_ascension_mode":true,"campfire_choices":[{"data":"Blade Dance","floor":11.0,"key":"SMITH"},{"data":"Neutralize","floor":13.0,"key":"SMITH"},{"data":"Footwork","floor":15.0,"key":"SMITH"}],"neow_cost":"NONE","seed_source_timestamp":1285680401974700,"circlet_count":0,"master_deck":["AscendersBane","Strike_G","Strike_G","Strike_G","Defend_G","Defend_G","Defend_G","Defend_G","Defend_G","Survivor","Neutralize+1","Die Die Die","Footwork+1","Concentrate","Blade Dance+1","Escape Plan"],"special_seed":0,"relics":["Ring of the Snake","NeowsBlessing","PreservedInsect","Golden Idol","Du-Vu Doll","Kunai","Centennial Puzzle","Omamori"],"potions_floor_usage":[16],"damage_taken":[{"damage":0.0,"enemies":"Cultist","floor":1.0,"turns":1.0},{"damage":0.0,"enemies":"Small Slimes","floor":2.0,"turns":1.0},{"damage":0.0,"enemies":"3 Sentries","floor":6.0,"turns":1.0},{"damage":7.0,"enemies":"Lagavulin","floor":8.0,"turns":4.0},{"damage":32.0,"enemies":"Gremlin Nob","floor":10.0,"turns":4.0},{"damage":0.0,"enemies":"2 Louse","floor":14.0,"turns":2.0},{"damage":19,"enemies":"Hexaghost","floor":16,"turns":11}],"seed_played":"1372103496185433306","potions_obtained":[{"floor":2.0,"key":"SkillPotion"},{"floor":8.0,"key":"GhostInAJar"},{"floor":14.0,"key":"SteroidPotion"}],"is_trial":false,"path_per_floor":["M","M","T","?","?","E","$","E","T","E","R","$","R","M","R","B"],"character_chosen":"THE_SILENT","items_purchased":["Footwork"],"campfire_rested":0,"item_purchase_floors":[7],"current_hp_per_floor":[59,59,59,59,54,54,54,47,47,15,15,15,15,15,15,0],"gold":55,"neow_bonus":"THREE_ENEMY_KILL","is_prod":false,"is_daily":false,"chose_seed":false,"campfire_upgraded":3,"win_rate":0,"timestamp":1567129614,"path_taken":["M","M","?","?","?","E","$","E","T","E","R","$","R","M","R","BOSS"],"build_version":"2019-08-26","purchased_purges":2,"victory":false,"max_hp_per_floor":[66,66,66,60,60,60,60,60,60,60,60,60,60,60,60,60],"card_choices":[{"not_picked":["Backflip","Choke","Sucker Punch"],"picked":"SKIP","floor":1.0},{"not_picked":["Slice","Poisoned Stab"],"picked":"Die Die Die","floor":2.0},{"not_picked":["Backflip","Caltrops","Distraction"],"picked":"SKIP","floor":6.0},{"not_picked":["Endless Agony","Prepared"],"picked":"Concentrate","floor":8.0},{"not_picked":["Cloak And Dagger","Underhanded Strike"],"picked":"Blade Dance","floor":10.0},{"not_picked":["Deflect","Bane"],"picked":"Escape Plan","floor":14.0}],"player_experience":3126951,"relics_obtained":[{"floor":3.0,"key":"PreservedInsect"},{"floor":6.0,"key":"Kunai"},{"floor":8.0,"key":"Centennial Puzzle"},{"floor":10.0,"key":"Omamori"}],"event_choices":[{"damage_healed":0.0,"max_hp_gain":0.0,"max_hp_loss":6.0,"gold_gain":0.0,"event_name":"Golden Idol","player_choice":"Lose Max HP","floor":4.0,"gold_loss":0.0,"damage_taken":0.0,"relics_obtained":["Golden Idol"]},{"damage_healed":0.0,"max_hp_gain":0.0,"max_hp_loss":0.0,"gold_gain":0.0,"event_name":"Scrap Ooze","player_choice":"Success","floor":5.0,"gold_loss":0.0,"damage_taken":5.0,"relics_obtained":["Du-Vu Doll"]}],"is_beta":true,"boss_relics":[],"items_purged_floors":[7,12],"is_endless":false,"potions_floor_spawned":[2,8,14],"killed_by":"Hexaghost","ascension_level":20}