{"gold_per_floor":[366,83,97,97,111,111,145,157,238,250,280,305,120,153,153,273,273,294,206,206,206,206,206,241,254,323,323,342,342,50,66,66,191,191,215,238,238,263,13,13,27,27,27,27,27,58,391,405,405,405],"floor_reached":51,"playtime":3599,"items_purged":["Strike_P","Strike_P","Clarity","Protect","Establishment"],"score":1449,"play_id":"810e9f09-2f36-4328-b95e-646816fb8962","local_time":"20190910231211","is_ascension_mode":true,"campfire_choices":[{"data":"Apotheosis","floor":6.0,"key":"SMITH"},{"data":"FlowState","floor":8.0,"key":"SMITH"},{"data":"EmptyMind","floor":15.0,"key":"SMITH"},{"data":"Vigilance","floor":23.0,"key":"SMITH"},{"data":"Meditate","floor":27.0,"key":"SMITH"},{"data":"PathToVictory","floor":32.0,"key":"SMITH"},{"data":"ClearTheMind","floor":40.0,"key":"SMITH"},{"data":"MentalFortress","floor":44.0,"key":"SMITH"},{"data":"Impatience","floor":49.0,"key":"SMITH"}],"neow_cost":"TEN_PERCENT_HP_LOSS","seed_source_timestamp":2280815455446700,"circlet_count":0,"master_deck":["Eruption","Vigilance+1","Fasting+1","Apotheosis+1","ClearTheMind+1","FlowState+1","Prostrate","Impatience+1","EmptyMind+1","Pray","Meditate+1","PathToVictory+1","MentalFortress+1","Adaptation","Madness+1"],"special_seed":0,"relics":["PureWater","Membership Card","MawBank","Potion Belt","Turnip","Pandora\u0027s Box","Akabeko","The Courier","Toxic Egg 2","OrangePellets","SacredBark","Lee\u0027s Waffle","Sundial","Bottled Tornado","Art of War"],"potions_floor_usage":[50,50,50,50,50],"damage_taken":[{"damage":0.0,"enemies":"Small Slimes","floor":1.0,"turns":3.0},{"damage":0.0,"enemies":"2 Louse","floor":3.0,"turns":3.0},{"damage":0.0,"enemies":"Cultist","floor":5.0,"turns":4.0},{"damage":6.0,"enemies":"3 Sentries","floor":7.0,"turns":9.0},{"damage":20.0,"enemies":"Exordium Wildlife","floor":11.0,"turns":4.0},{"damage":1.0,"enemies":"2 Fungi Beasts","floor":12.0,"turns":4.0},{"damage":4.0,"enemies":"Lagavulin","floor":14.0,"turns":8.0},{"damage":0.0,"enemies":"Slime Boss","floor":16.0,"turns":8.0},{"damage":0.0,"enemies":"Spheric Guardian","floor":18.0,"turns":3.0},{"damage":0.0,"enemies":"Gremlin Leader","floor":24.0,"turns":9.0},{"damage":12.0,"enemies":"2 Thieves","floor":25.0,"turns":3.0},{"damage":0.0,"enemies":"3 Cultists","floor":28.0,"turns":3.0},{"damage":0.0,"enemies":"Snake Plant","floor":31.0,"turns":10.0},{"damage":0.0,"enemies":"Collector","floor":33.0,"turns":2.0},{"damage":11.0,"enemies":"Orb Walker","floor":35.0,"turns":2.0},{"damage":0.0,"enemies":"3 Darklings","floor":36.0,"turns":1.0},{"damage":0.0,"enemies":"Maw","floor":38.0,"turns":2.0},{"damage":0.0,"enemies":"Sphere and 2 Shapes","floor":41.0,"turns":2.0},{"damage":0.0,"enemies":"Nemesis","floor":46.0,"turns":1.0},{"damage":0.0,"enemies":"3 Darklings","floor":48.0,"turns":1.0},{"damage":0,"enemies":"Donu and Deca","floor":50,"turns":1}],"seed_played":"7299344711204434195","potions_obtained":[{"floor":1.0,"key":"Strength Potion"},{"floor":3.0,"key":"Fire Potion"},{"floor":7.0,"key":"Swift Potion"},{"floor":12.0,"key":"PowerPotion"},{"floor":22.0,"key":"GamblersBrew"},{"floor":22.0,"key":"AttackPotion"},{"floor":22.0,"key":"FearPotion"},{"floor":24.0,"key":"LiquidBronze"},{"floor":25.0,"key":"Regen Potion"},{"floor":33.0,"key":"Ancient Potion"},{"floor":38.0,"key":"SteroidPotion"},{"floor":41.0,"key":"Regen Potion"}],"is_trial":false,"path_per_floor":["M","$","M","?","M","R","E","R","T","?","M","M","$","E","R","B",null,"M","$","?","?","?","R","E","M","T","R","M","?","$","M","R","B",null,"M","M","?","M","$","R","M","?","T","R","?","E","?","M","R","B",null],"character_chosen":"WATCHER","items_purchased":["Membership Card","Apotheosis","EmptyBody","Impatience","EmptyMind","Potion Belt","Swift Potion","Toxic Egg 2","OrangePellets","MentalFortress","Adaptation","Lee\u0027s Waffle","Sundial"],"campfire_rested":0,"item_purchase_floors":[2,2,2,13,13,13,19,30,30,30,30,39,39],"current_hp_per_floor":[59,59,59,55,55,55,49,49,49,49,29,28,28,24,24,24,47,47,47,47,47,47,47,47,35,35,35,35,35,35,35,35,35,50,39,39,39,39,62,62,62,62,62,62,62,62,62,62,62,62],"gold":405,"neow_bonus":"TWO_FIFTY_GOLD","is_prod":false,"is_daily":false,"chose_seed":false,"campfire_upgraded":9,"win_rate":1,"timestamp":1568128331,"path_taken":["M","$","M","?","M","R","E","R","T","?","?","M","$","E","R","BOSS","M","$","?","?","?","R","E","M","T","R","?","?","$","M","R","BOSS","M","M","?","M","$","R","M","?","T","R","?","E","?","M","R","BOSS"],"build_version":"2019-09-09v2","purchased_purges":5,"victory":true,"max_hp_per_floor":[59,59,59,55,55,55,55,55,55,55,55,55,55,55,55,55,55,55,55,55,55,55,55,55,55,55,55,55,55,55,55,55,55,55,55,55,55,55,62,62,62,62,62,62,62,62,62,62,62,62],"card_choices":[{"not_picked":["Worship","CrushJoints"],"picked":"Fasting","floor":1.0},{"not_picked":["CrushJoints","Halt"],"picked":"Protect","floor":3.0},{"not_picked":["DeceiveReality","CrushJoints"],"picked":"ClearTheMind","floor":5.0},{"not_picked":["Wireheading","ThirdEye"],"picked":"FlowState","floor":7.0},{"not_picked":["ClearTheMind","Swivel"],"picked":"Prostrate","floor":11.0},{"not_picked":["WreathOfFlame","Sanctity","BowlingBash"],"picked":"SKIP","floor":12.0},{"not_picked":["CrushJoints","Weave"],"picked":"Clarity","floor":14.0},{"not_picked":["Metaphysics","Alpha"],"picked":"Pray","floor":16.0},{"not_picked":["BowlingBash","Prostrate","CrushJoints+1"],"picked":"SKIP","floor":18.0},{"not_picked":["WaveOfTheHand","Weave","CutThroughFate"],"picked":"SKIP","floor":24.0},{"not_picked":["SignatureMove","Crescendo"],"picked":"Meditate","floor":25.0},{"not_picked":["EmptyFist","Sanctity"],"picked":"PathToVictory","floor":28.0},{"not_picked":["DeceiveReality+1","CrushJoints","Wireheading"],"picked":"SKIP","floor":31.0},{"not_picked":["EmptyMind+1","Worship+1","EmptyFist"],"picked":"SKIP","floor":35.0},{"not_picked":["EmptyMind+1","Worship+1","EmptyFist"],"picked":"SKIP","floor":35.0},{"not_picked":["WreathOfFlame+1","WaveOfTheHand+1"],"picked":"JustLucky+1","floor":36.0},{"not_picked":["Jack Of All Trades+1","Finesse+1"],"picked":"Madness+1","floor":37.0},{"not_picked":["FlyingSleeves","CutThroughFate+1","Crescendo+1"],"picked":"SKIP","floor":38.0},{"not_picked":["TalkToTheHand+1","Weave+1","Halt+1"],"picked":"SKIP","floor":41.0},{"not_picked":["FollowUp+1","EmptyBody+1","Evaluate+1"],"picked":"SKIP","floor":46.0},{"not_picked":["EmptyFist+1","EmptyMind+1","Halt+1"],"picked":"SKIP","floor":48.0}],"player_experience":3256258,"relics_obtained":[{"floor":7.0,"key":"MawBank"},{"floor":14.0,"key":"Turnip"},{"floor":24.0,"key":"Akabeko"},{"floor":26.0,"key":"The Courier"},{"floor":43.0,"key":"Bottled Tornado"},{"floor":46.0,"key":"Art of War"}],"event_choices":[{"damage_healed":0.0,"max_hp_gain":0.0,"max_hp_loss":4.0,"gold_gain":0.0,"event_name":"Golden Idol","player_choice":"Lose Max HP","floor":4.0,"gold_loss":0.0,"damage_taken":0.0,"relics_obtained":["Golden Idol"]},{"damage_healed":0.0,"max_hp_gain":0.0,"max_hp_loss":0.0,"gold_gain":0.0,"event_name":"Upgrade Shrine","player_choice":"Upgraded","floor":10.0,"gold_loss":0.0,"damage_taken":0.0,"cards_upgraded":["Fasting"]},{"damage_healed":0.0,"max_hp_gain":0.0,"max_hp_loss":0.0,"gold_gain":0.0,"event_name":"Ghosts","player_choice":"Ignored","floor":20.0,"gold_loss":0.0,"damage_taken":0.0},{"damage_healed":0.0,"max_hp_gain":0.0,"max_hp_loss":0.0,"gold_gain":0.0,"event_name":"The Library","player_choice":"Read","floor":21.0,"gold_loss":0.0,"damage_taken":0.0,"cards_obtained":["Establishment"]},{"damage_healed":0.0,"max_hp_gain":0.0,"max_hp_loss":0.0,"gold_gain":0.0,"event_name":"Lab","player_choice":"Got Potions","floor":22.0,"gold_loss":0.0,"damage_taken":0.0},{"cards_removed":["EmptyBody"],"damage_healed":0.0,"max_hp_gain":0.0,"max_hp_loss":0.0,"gold_gain":0.0,"event_name":"Purifier","player_choice":"Purged","floor":29.0,"gold_loss":0.0,"damage_taken":0.0},{"damage_healed":0.0,"max_hp_gain":0.0,"max_hp_loss":0.0,"gold_gain":0.0,"event_name":"SensoryStone","player_choice":"Memory 1","floor":37.0,"gold_loss":0.0,"damage_taken":0.0},{"damage_healed":0.0,"max_hp_gain":0.0,"max_hp_loss":0.0,"gold_gain":0.0,"event_name":"Mysterious Sphere","player_choice":"Ignored","floor":42.0,"gold_loss":0.0,"damage_taken":0.0},{"cards_removed":["JustLucky"],"damage_healed":0.0,"max_hp_gain":0.0,"max_hp_loss":0.0,"gold_gain":0.0,"event_name":"Falling","player_choice":"Removed Attack","floor":45.0,"gold_loss":0.0,"damage_taken":0.0},{"damage_healed":0.0,"max_hp_gain":0.0,"max_hp_loss":0.0,"gold_gain":333.0,"event_name":"The Moai Head","player_choice":"Gave Idol","floor":47.0,"relics_lost":["Golden Idol"],"gold_loss":0.0,"damage_taken":0.0}],"is_beta":true,"boss_relics":[{"not_picked":["Busted Crown","Fusion Hammer"],"picked":"Pandora\u0027s Box"},{"not_picked":["Black Star","Astrolabe"],"picked":"SacredBark"}],"items_purged_floors":[2,13,19,30,39],"is_endless":false,"potions_floor_spawned":[1,3,7,12,24,25,33,38,41],"ascension_level":8}