{"gold_per_floor":[110,110,120,45,45,74,74,107,107,133,149,149,169,184,184,261,261,274,324,344,269,279,279,292,292,292,309,309],"floor_reached":28,"playtime":911,"items_purged":["Storm of Steel"],"score":630,"play_id":"81d5d6d0-030a-4b5d-ba28-73c7f9ca91f0","local_time":"20190530163214","is_ascension_mode":true,"campfire_choices":[{"data":"Noxious Fumes","floor":7.0,"key":"SMITH"},{"data":"Neutralize","floor":12.0,"key":"SMITH"},{"data":"Deadly Poison","floor":15.0,"key":"SMITH"},{"data":"Tactician","floor":23.0,"key":"SMITH"},{"floor":25.0,"key":"RECALL"}],"neow_cost":"NONE","seed_source_timestamp":1060681041241013,"circlet_count":0,"master_deck":["AscendersBane","Survivor","Neutralize+1","Noxious Fumes+1","Tactician+1","Dash","Deadly Poison+1","Escape Plan","Night Terror","Malaise","Dodge and Roll","Grand Finale","Dodge and Roll","Bane","Corpse Explosion","PiercingWail"],"special_seed":0,"relics":["Ring of the Snake","NeowsBlessing","Letter Opener","Pen Nib","Ancient Tea Set","Omamori","Pandora\u0027s Box"],"potions_floor_usage":[28,28],"damage_taken":[{"damage":0.0,"enemies":"Small Slimes","floor":1.0,"turns":1.0},{"damage":0.0,"enemies":"Cultist","floor":3.0,"turns":1.0},{"damage":0.0,"enemies":"Lagavulin","floor":6.0,"turns":1.0},{"damage":17.0,"enemies":"3 Sentries","floor":8.0,"turns":8.0},{"damage":40.0,"enemies":"Gremlin Nob","floor":10.0,"turns":5.0},{"damage":0.0,"enemies":"2 Louse","floor":11.0,"turns":3.0},{"damage":0.0,"enemies":"Blue Slaver","floor":13.0,"turns":4.0},{"damage":0.0,"enemies":"Gremlin Gang","floor":14.0,"turns":5.0},{"damage":0.0,"enemies":"Hexaghost","floor":16.0,"turns":9.0},{"damage":7.0,"enemies":"Shell Parasite","floor":18.0,"turns":7.0},{"damage":2.0,"enemies":"3 Byrds","floor":20.0,"turns":3.0},{"damage":17.0,"enemies":"Cultist and Chosen","floor":22.0,"turns":6.0},{"damage":1.0,"enemies":"Centurion and Healer","floor":24.0,"turns":6.0},{"damage":9.0,"enemies":"Sentry and Sphere","floor":27.0,"turns":3.0},{"damage":17,"enemies":"Chosen and Byrds","floor":28,"turns":5}],"seed_played":"-4905603215064652854","potions_obtained":[{"floor":2.0,"key":"Energy Potion"},{"floor":2.0,"key":"Fire Potion"},{"floor":8.0,"key":"FearPotion"},{"floor":14.0,"key":"EssenceOfSteel"},{"floor":16.0,"key":"Fire Potion"},{"floor":22.0,"key":"Poison Potion"},{"floor":24.0,"key":"Swift Potion"}],"is_trial":false,"path_per_floor":["M","?","M","?","?","E","R","E","T","E","M","R","M","M","R","B",null,"M","?","M","$","M","R","M","R","T","M","M"],"character_chosen":"THE_SILENT","items_purchased":[],"campfire_rested":0,"item_purchase_floors":[],"current_hp_per_floor":[59,59,59,59,59,59,59,42,42,2,2,2,2,2,2,2,50,43,43,41,41,24,24,23,23,23,14,0],"gold":309,"neow_bonus":"THREE_ENEMY_KILL","is_prod":false,"is_daily":false,"chose_seed":false,"campfire_upgraded":4,"win_rate":0,"timestamp":1559205134,"path_taken":["M","?","?","?","?","E","R","E","T","E","?","R","M","M","R","BOSS","M","?","M","$","M","R","?","R","T","M","M"],"build_version":"2019-05-28","purchased_purges":1,"victory":false,"max_hp_per_floor":[66,66,66,66,66,66,66,66,66,66,66,66,66,66,66,66,66,66,66,66,66,66,66,66,66,66,66,66],"card_choices":[{"not_picked":["Dagger Spray","Backflip"],"picked":"Noxious Fumes","floor":1.0},{"not_picked":["PiercingWail","Dagger Throw"],"picked":"Tactician","floor":3.0},{"not_picked":["Quick Slash","Finisher","Sucker Punch"],"picked":"SKIP","floor":6.0},{"not_picked":["Setup","Bane","Flying Knee"],"picked":"SKIP","floor":8.0},{"not_picked":["Sucker Punch","Blur","Blade Dance"],"picked":"SKIP","floor":10.0},{"not_picked":["Finisher","Blade Dance","Dodge and Roll"],"picked":"SKIP","floor":11.0},{"not_picked":["Flying Knee","Cloak And Dagger"],"picked":"Deadly Poison","floor":13.0},{"not_picked":["A Thousand Cuts","Distraction"],"picked":"Escape Plan","floor":14.0},{"not_picked":["All Out Attack","Accuracy","Terror"],"picked":"SKIP","floor":18.0},{"not_picked":["Infinite Blades","Slice"],"picked":"PiercingWail","floor":20.0},{"not_picked":["Dodge and Roll","Deadly Poison","Deflect"],"picked":"SKIP","floor":22.0},{"not_picked":["Cloak And Dagger","Distraction","Dagger Spray"],"picked":"SKIP","floor":24.0},{"not_picked":["PiercingWail","Dagger Throw","Poisoned Stab"],"picked":"SKIP","floor":27.0}],"player_experience":3053515,"relics_obtained":[{"floor":6.0,"key":"Letter Opener"},{"floor":8.0,"key":"Pen Nib"},{"floor":9.0,"key":"Ancient Tea Set"},{"floor":10.0,"key":"Omamori"}],"event_choices":[{"damage_healed":0.0,"max_hp_gain":0.0,"max_hp_loss":0.0,"gold_gain":0.0,"event_name":"Lab","player_choice":"Got Potions","floor":2.0,"gold_loss":0.0,"damage_taken":0.0},{"cards_removed":["Strike_G"],"damage_healed":0.0,"max_hp_gain":0.0,"max_hp_loss":0.0,"gold_gain":0.0,"event_name":"The Cleric","player_choice":"Card Removal","floor":4.0,"gold_loss":75.0,"damage_taken":0.0},{"damage_healed":0.0,"max_hp_gain":0.0,"max_hp_loss":0.0,"gold_gain":0.0,"cards_transformed":["Strike_G"],"event_name":"Transmorgrifier","player_choice":"Transformed","floor":5.0,"gold_loss":0.0,"damage_taken":0.0,"cards_obtained":["Dash"]},{"damage_healed":0.0,"max_hp_gain":0.0,"max_hp_loss":0.0,"gold_gain":100.0,"event_name":"The Joust","player_choice":"Bet on Murderer","floor":19.0,"gold_loss":50.0,"damage_taken":0.0}],"is_beta":true,"boss_relics":[{"not_picked":["Ring of the Serpent","Snecko Eye"],"picked":"Pandora\u0027s Box"}],"items_purged_floors":[21],"is_endless":false,"potions_floor_spawned":[6,8,14,16,22,24],"killed_by":"Chosen and Byrds","ascension_level":20}