{"gold_per_floor":[109,109,184,184,184,184,184,184,239,264,297,322,342,47,47,137,137,150,171,196,121,44,44,84,84,108,144,144,144],"floor_reached":29,"playtime":778,"items_purged":["Strike_B"],"score":568,"play_id":"03bcd85d-707f-4c94-b19a-9c3ef94e972b","local_time":"20190906175507","is_ascension_mode":true,"campfire_choices":[{"data":"Zap","floor":6.0,"key":"SMITH"},{"data":"Dualcast","floor":8.0,"key":"SMITH"},{"data":"Defragment","floor":15.0,"key":"SMITH"},{"floor":23.0,"key":"REST"},{"floor":25.0,"key":"REST"},{"data":"Heatsinks","floor":28.0,"key":"SMITH"}],"neow_cost":"NONE","seed_source_timestamp":844052694482462,"circlet_count":0,"master_deck":["AscendersBane","Strike_B+1","Defend_B","Defend_B","Defend_B","Defend_B+1","Zap+1","Dualcast+1","Heatsinks+1","Amplify","Defragment+1","Glacier","Storm","Machine Learning","Echo Form","Turbo","Compile Driver","Defragment"],"special_seed":0,"relics":["Cracked Core","NeowsBlessing","Golden Idol","Omamori","DataDisk","ClockworkSouvenir","Eternal Feather","Pear","Juzu Bracelet","Sundial"],"potions_floor_usage":[],"damage_taken":[{"damage":0.0,"enemies":"Cultist","floor":1.0,"turns":1.0},{"damage":0.0,"enemies":"2 Louse","floor":10.0,"turns":1.0},{"damage":0.0,"enemies":"Lagavulin","floor":11.0,"turns":1.0},{"damage":3.0,"enemies":"Small Slimes","floor":12.0,"turns":3.0},{"damage":2.0,"enemies":"3 Louse","floor":13.0,"turns":3.0},{"damage":28.0,"enemies":"Slime Boss","floor":16.0,"turns":16.0},{"damage":21.0,"enemies":"Shell Parasite","floor":18.0,"turns":5.0},{"damage":6.0,"enemies":"Spheric Guardian","floor":19.0,"turns":4.0},{"damage":26.0,"enemies":"Centurion and Healer","floor":20.0,"turns":11.0},{"damage":28.0,"enemies":"Book of Stabbing","floor":24.0,"turns":4.0},{"damage":45.0,"enemies":"Slavers","floor":27.0,"turns":5.0},{"damage":24,"enemies":"3 Cultists","floor":29,"turns":4}],"seed_played":"4967037413247173627","potions_obtained":[{"floor":1.0,"key":"Regen Potion"},{"floor":16.0,"key":"GamblersBrew"},{"floor":19.0,"key":"FocusPotion"},{"floor":20.0,"key":"LiquidBronze"}],"is_trial":false,"path_per_floor":["M","?","?","?","?","R","?","R","T","M","E","M","M","$","R","B",null,"M","M","M","?","$","R","E","R","T","E","R","M"],"character_chosen":"DEFECT","items_purchased":["ClockworkSouvenir","Defragment"],"campfire_rested":2,"item_purchase_floors":[14,22],"current_hp_per_floor":[64,64,53,58,37,37,37,37,37,37,37,34,32,32,32,19,57,36,30,4,4,4,33,15,47,47,2,11,0],"gold":144,"neow_bonus":"THREE_ENEMY_KILL","is_prod":false,"is_daily":false,"chose_seed":false,"campfire_upgraded":4,"win_rate":0,"timestamp":1567763707,"path_taken":["M","?","?","?","?","R","?","R","T","M","E","?","M","$","R","BOSS","M","M","M","?","$","R","E","R","T","E","R","M"],"build_version":"2019-07-17","purchased_purges":1,"victory":false,"max_hp_per_floor":[71,64,64,69,69,69,69,69,69,69,69,69,69,69,69,69,69,69,69,69,69,69,69,79,79,79,79,79,79],"card_choices":[{"not_picked":["Steam Power","Undo"],"picked":"Heatsinks","floor":1.0},{"not_picked":["Gash","Sunder"],"picked":"Defragment","floor":10.0},{"not_picked":["Sweeping Beam","Beam Cell"],"picked":"Glacier","floor":11.0},{"not_picked":["Redo","Reprogram"],"picked":"Storm","floor":12.0},{"not_picked":["Gash","Redo"],"picked":"Machine Learning","floor":13.0},{"not_picked":["Thunder Strike","All For One"],"picked":"Echo Form","floor":16.0},{"not_picked":["Doom and Gloom","Ball Lightning"],"picked":"Turbo","floor":18.0},{"not_picked":["Doom and Gloom","Ball Lightning"],"picked":"Compile Driver","floor":19.0},{"not_picked":["Scrape","Sweeping Beam","Steam"],"picked":"SKIP","floor":20.0},{"not_picked":["Scrape","Go for the Eyes","Barrage"],"picked":"SKIP","floor":24.0},{"not_picked":["Steam","Melter","Redo"],"picked":"SKIP","floor":27.0}],"player_experience":2266545,"relics_obtained":[{"floor":9.0,"key":"Omamori"},{"floor":11.0,"key":"DataDisk"},{"floor":24.0,"key":"Pear"},{"floor":26.0,"key":"Juzu Bracelet"},{"floor":27.0,"key":"Sundial"}],"event_choices":[{"damage_healed":0.0,"max_hp_gain":0.0,"max_hp_loss":7.0,"gold_gain":0.0,"event_name":"Golden Idol","player_choice":"Lose Max HP","floor":2.0,"gold_loss":0.0,"damage_taken":0.0,"relics_obtained":["Golden Idol"]},{"damage_healed":0.0,"max_hp_gain":0.0,"max_hp_loss":0.0,"gold_gain":75.0,"event_name":"World of Goop","player_choice":"Gather Gold","floor":3.0,"gold_loss":0.0,"damage_taken":11.0},{"damage_healed":0.0,"max_hp_gain":5.0,"max_hp_loss":0.0,"gold_gain":0.0,"event_name":"Big Fish","player_choice":"Donut","floor":4.0,"gold_loss":0.0,"damage_taken":0.0},{"damage_healed":0.0,"max_hp_gain":0.0,"max_hp_loss":0.0,"gold_gain":0.0,"event_name":"Shining Light","player_choice":"Entered Light","floor":5.0,"gold_loss":0.0,"damage_taken":21.0,"cards_upgraded":["Strike_B","Defend_B"]},{"damage_healed":0.0,"max_hp_gain":0.0,"max_hp_loss":0.0,"gold_gain":0.0,"cards_transformed":["Strike_B"],"event_name":"Living Wall","player_choice":"Change","floor":7.0,"gold_loss":0.0,"damage_taken":0.0,"cards_obtained":["Amplify"]},{"cards_removed":["Strike_B"],"damage_healed":0.0,"max_hp_gain":0.0,"max_hp_loss":0.0,"gold_gain":0.0,"event_name":"Beggar","player_choice":"Gave Gold","floor":21.0,"gold_loss":75.0,"damage_taken":0.0}],"is_beta":false,"boss_relics":[{"not_picked":["Tiny House","Snecko Eye"],"picked":"Eternal Feather"}],"items_purged_floors":[14],"is_endless":false,"potions_floor_spawned":[1,16,19,20],"killed_by":"3 Cultists","ascension_level":20}