{"gold_per_floor":[117,131,143,156,38,38,38,69,69,69],"floor_reached":10,"playtime":280,"items_purged":["Strike_G"],"score":136,"play_id":"a7d00527-ca65-449a-86c7-6acef0083086","local_time":"20190813094137","is_ascension_mode":true,"campfire_choices":[{"data":"A Thousand Cuts","floor":6.0,"key":"SMITH"}],"neow_cost":"PERCENT_DAMAGE","seed_source_timestamp":595616848784623,"circlet_count":0,"master_deck":["AscendersBane","Strike_G","Strike_G","Strike_G","Strike_G","Defend_G","Defend_G","Defend_G","Defend_G","Defend_G","Survivor","Neutralize","A Thousand Cuts+1","Tactician","Heel Hook","Noxious Fumes","Malaise"],"special_seed":0,"relics":["Ring of the Snake","Sundial","Meat on the Bone"],"potions_floor_usage":[],"damage_taken":[{"damage":1.0,"enemies":"Small Slimes","floor":1.0,"turns":4.0},{"damage":3.0,"enemies":"2 Louse","floor":2.0,"turns":5.0},{"damage":0.0,"enemies":"Jaw Worm","floor":3.0,"turns":5.0},{"damage":4.0,"enemies":"Large Slime","floor":4.0,"turns":5.0},{"damage":34.0,"enemies":"Lagavulin","floor":8.0,"turns":8.0},{"damage":0,"enemies":"3 Louse","floor":10,"turns":2}],"seed_played":"-8252814124953730241","potions_obtained":[{"floor":2.0,"key":"AttackPotion"}],"is_trial":false,"path_per_floor":["M","M","M","M","$","R","?","E","T","M"],"character_chosen":"THE_SILENT","items_purchased":["Noxious Fumes"],"campfire_rested":0,"item_purchase_floors":[5],"current_hp_per_floor":[43,40,40,36,36,36,36,2,2,2],"gold":69,"neow_bonus":"THREE_RARE_CARDS","is_prod":false,"is_daily":false,"chose_seed":false,"campfire_upgraded":1,"win_rate":0,"timestamp":1565656897,"path_taken":["M","M","M","M","$","R","?","E","T","M"],"build_version":"2019-07-17","purchased_purges":1,"victory":false,"max_hp_per_floor":[66,66,66,66,66,66,66,66,66,66],"card_choices":[{"not_picked":["Tools of the Trade","Malaise"],"picked":"A Thousand Cuts","floor":0.0},{"not_picked":["Bane","Cloak And Dagger"],"picked":"Tactician","floor":1.0},{"not_picked":["Sucker Punch","Backflip","Poisoned Stab"],"picked":"SKIP","floor":2.0},{"not_picked":["Underhanded Strike","Backflip"],"picked":"Heel Hook","floor":3.0},{"not_picked":["Finisher","Quick Slash","Phantasmal Killer"],"picked":"SKIP","floor":4.0},{"not_picked":["Leg Sweep","Underhanded Strike"],"picked":"Malaise","floor":8.0}],"player_experience":875667,"relics_obtained":[{"floor":8.0,"key":"Sundial"},{"floor":9.0,"key":"Meat on the Bone"}],"event_choices":[{"damage_healed":0.0,"max_hp_gain":0.0,"max_hp_loss":0.0,"gold_gain":0.0,"event_name":"Dead Adventurer","player_choice":"Searched \u00270\u0027 times","floor":7.0,"gold_loss":0.0,"damage_taken":0.0}],"is_beta":false,"boss_relics":[],"items_purged_floors":[5],"is_endless":false,"potions_floor_spawned":[2],"killed_by":"3 Louse","ascension_level":20}