{"gold_per_floor":[16,91,105,71,89,89,102,102,154,154,182,107,119,154,154,257,257,269,286,286,286,186,186,221,238,292,322,342,342,133,149,149,252,252,272,292,292,292,311,311,7,19,69,98,98,143,162,262,262,262],"floor_reached":51,"playtime":2633,"items_purged":["Strike_P","CleanseEvil","Defend_P","Judgement"],"score":1290,"play_id":"8c8d378c-d41b-48ef-ac00-019fb980ef7b","local_time":"20190910214731","is_ascension_mode":true,"campfire_choices":[{"data":"PathToVictory","floor":6.0,"key":"SMITH"},{"data":"Vigilance","floor":8.0,"key":"SMITH"},{"data":"MentalFortress","floor":10.0,"key":"SMITH"},{"data":"PathToVictory","floor":15.0,"key":"SMITH"},{"data":"Meditate","floor":23.0,"key":"SMITH"},{"data":"EmptyMind","floor":29.0,"key":"SMITH"},{"data":"Impatience","floor":32.0,"key":"SMITH"},{"data":"Eruption","floor":40.0,"key":"SMITH"},{"data":"Blasphemy","floor":49,"key":"SMITH"}],"neow_cost":"NO_GOLD","seed_source_timestamp":2276490264825600,"circlet_count":0,"master_deck":["Defend_P","Eruption+1","Vigilance+1","BattleHymn","MentalFortress+1","PathToVictory+1","EmptyBody","PathToVictory+1","Meditate+1","EmptyMind+1","Impatience+1","Blasphemy+1"],"special_seed":0,"relics":["PureWater","Bag of Preparation","Strawberry","Thread and Needle","Empty Cage","Pen Nib","Bag of Marbles","Lantern","VioletLotus","InkBottle","Juzu Bracelet","Centennial Puzzle","Ginger","Calipers"],"potions_floor_usage":[],"damage_taken":[{"damage":0.0,"enemies":"2 Louse","floor":1.0,"turns":3.0},{"damage":0.0,"enemies":"Cultist","floor":3.0,"turns":2.0},{"damage":4.0,"enemies":"Jaw Worm","floor":5.0,"turns":5.0},{"damage":3.0,"enemies":"2 Fungi Beasts","floor":7.0,"turns":3.0},{"damage":0.0,"enemies":"Lagavulin","floor":11.0,"turns":5.0},{"damage":6.0,"enemies":"Lots of Slimes","floor":13.0,"turns":7.0},{"damage":21.0,"enemies":"Gremlin Nob","floor":14.0,"turns":4.0},{"damage":5.0,"enemies":"Hexaghost","floor":16.0,"turns":8.0},{"damage":5.0,"enemies":"2 Thieves","floor":18.0,"turns":4.0},{"damage":0.0,"enemies":"Shell Parasite","floor":19.0,"turns":5.0},{"damage":18.0,"enemies":"Slavers","floor":24.0,"turns":6.0},{"damage":0.0,"enemies":"Snake Plant","floor":25.0,"turns":3.0},{"damage":0.0,"enemies":"Book of Stabbing","floor":27.0,"turns":2.0},{"damage":0.0,"enemies":"3 Cultists","floor":28.0,"turns":2.0},{"damage":0.0,"enemies":"Centurion and Healer","floor":31.0,"turns":1.0},{"damage":0.0,"enemies":"Champ","floor":33.0,"turns":7.0},{"damage":0.0,"enemies":"3 Darklings","floor":35.0,"turns":1.0},{"damage":0.0,"enemies":"Orb Walker","floor":36.0,"turns":1.0},{"damage":0.0,"enemies":"Sphere and 2 Shapes","floor":39.0,"turns":1.0},{"damage":0.0,"enemies":"Transient","floor":42.0,"turns":5.0},{"damage":0.0,"enemies":"Reptomancer","floor":44.0,"turns":1.0},{"damage":0,"enemies":"2 Orb Walkers","floor":46,"turns":1},{"damage":0,"enemies":"Writhing Mass","floor":47,"turns":1},{"damage":0,"enemies":"Mind Bloom Boss Battle","floor":48,"turns":1},{"damage":0,"enemies":"Donu and Deca","floor":50,"turns":1}],"seed_played":"-8901937229896561813","potions_obtained":[{"floor":5.0,"key":"Weak Potion"},{"floor":7.0,"key":"AttackPotion"},{"floor":11.0,"key":"StancePotion"},{"floor":14.0,"key":"LiquidBronze"},{"floor":27.0,"key":"Energy Potion"},{"floor":31.0,"key":"Regen Potion"},{"floor":33.0,"key":"SkillPotion"},{"floor":35.0,"key":"Ancient Potion"}],"is_trial":false,"path_per_floor":["M","?","M","$","M","R","M","R","T","R","E","$","M","E","R","B",null,"M","M","?","?","$","R","E","M","T","E","M","R","$","M","R","B",null,"M","M","?","?","M","R","$","M","T","E","?","?","M","?","R","B",null],"character_chosen":"WATCHER","items_purchased":["MentalFortress","Impatience","InkBottle"],"campfire_rested":0,"item_purchase_floors":[4,30,41],"current_hp_per_floor":[59,53,53,53,49,49,46,46,46,46,53,53,47,26,26,21,59,54,54,54,54,54,54,36,36,36,36,36,36,36,36,36,51,67,67,67,67,67,67,67,67,67,67,67,67,67,67,67,67,67],"gold":262,"neow_bonus":"TRANSFORM_TWO_CARDS","is_prod":false,"is_daily":false,"chose_seed":false,"campfire_upgraded":9,"win_rate":1,"timestamp":1568123251,"path_taken":["M","?","M","$","?","R","M","R","T","R","E","$","M","E","R","BOSS","M","M","?","?","$","R","E","M","T","E","?","R","$","M","R","BOSS","M","M","?","?","M","R","$","?","T","E","?","?","M","?","R","BOSS"],"build_version":"2019-09-09v2","purchased_purges":4,"victory":true,"max_hp_per_floor":[65,65,65,65,65,65,65,65,65,65,72,72,72,72,72,72,72,72,72,72,72,72,72,72,72,72,72,72,72,72,72,72,72,72,72,72,68,68,68,68,68,68,68,68,68,68,68,68,68,68],"card_choices":[{"not_picked":["Consecrate","JustLucky","Weave"],"picked":"SKIP","floor":1.0},{"not_picked":["FlyingSleeves","ForeignInfluence"],"picked":"CleanseEvil","floor":3.0},{"not_picked":["Weave","SandsOfTime"],"picked":"PathToVictory","floor":5.0},{"not_picked":["BowlingBash","Tantrum"],"picked":"EmptyBody","floor":7.0},{"not_picked":["Protect","Worship"],"picked":"PathToVictory","floor":11.0},{"not_picked":["CarveReality","Consecrate","Conclude"],"picked":"SKIP","floor":13.0},{"not_picked":["Unraveling","Consecrate","SpiritShield"],"picked":"SKIP","floor":14.0},{"not_picked":["Metaphysics","MasterReality"],"picked":"Judgement","floor":16.0},{"not_picked":["DeceiveReality+1","ClearTheMind"],"picked":"Meditate","floor":18.0},{"not_picked":["CutThroughFate","CrushJoints","WreathOfFlame"],"picked":"SKIP","floor":19.0},{"not_picked":["DeusExMachina","Tantrum+1","ClearTheMind"],"picked":"SKIP","floor":24.0},{"not_picked":["Crescendo","BowlingBash","Protect"],"picked":"SKIP","floor":25.0},{"not_picked":["Brilliance","Sanctity+1"],"picked":"EmptyMind","floor":27.0},{"not_picked":["DeceiveReality","Weave"],"picked":"SandsOfTime","floor":28.0},{"not_picked":["FollowUp","Swivel","JustLucky"],"picked":"SKIP","floor":31.0},{"not_picked":["Wallop","DevaForm"],"picked":"Blasphemy","floor":33.0},{"not_picked":["FollowUp+1","JustLucky+1","Sanctity"],"picked":"SKIP","floor":35.0},{"not_picked":["EmptyMind+1","SandsOfTime","WindmillStrike+1"],"picked":"SKIP","floor":36.0},{"not_picked":["FlyingSleeves","EmptyBody+1","Sanctity+1"],"picked":"SKIP","floor":39.0},{"not_picked":["Sanctity","Weave","MentalFortress"],"picked":"SKIP","floor":42.0},{"not_picked":["Fasting+1","Swivel+1","FlurryOfBlows"],"picked":"SKIP","floor":44.0},{"not_picked":["Protect","FlyingSleeves+1","TalkToTheHand"],"picked":"SKIP","floor":47}],"player_experience":3253625,"relics_obtained":[{"floor":9.0,"key":"Bag of Preparation"},{"floor":11.0,"key":"Strawberry"},{"floor":14.0,"key":"Thread and Needle"},{"floor":24.0,"key":"Pen Nib"},{"floor":26.0,"key":"Bag of Marbles"},{"floor":27.0,"key":"Lantern"},{"floor":43.0,"key":"Juzu Bracelet"},{"floor":44.0,"key":"Centennial Puzzle"},{"floor":46,"key":"Ginger"},{"floor":48,"key":"Calipers"}],"event_choices":[{"damage_healed":0.0,"max_hp_gain":0.0,"max_hp_loss":0.0,"gold_gain":75.0,"event_name":"FaceTrader","player_choice":"Touch","floor":2.0,"gold_loss":0.0,"damage_taken":6.0},{"damage_healed":0.0,"max_hp_gain":0.0,"max_hp_loss":0.0,"gold_gain":0.0,"event_name":"Vampires","player_choice":"Ignored","floor":20.0,"gold_loss":0.0,"damage_taken":0.0},{"cards_removed":["Wallop"],"damage_healed":0.0,"max_hp_gain":0.0,"max_hp_loss":0.0,"gold_gain":0.0,"event_name":"Wheel of Change","player_choice":"Card Removal","floor":21.0,"gold_loss":0.0,"damage_taken":0.0},{"damage_healed":0.0,"max_hp_gain":0.0,"max_hp_loss":4.0,"gold_gain":0.0,"event_name":"Winding Halls","player_choice":"Max HP","floor":37.0,"gold_loss":0.0,"damage_taken":0.0},{"cards_removed":["SandsOfTime"],"damage_healed":0.0,"max_hp_gain":0.0,"max_hp_loss":0.0,"gold_gain":0.0,"event_name":"Purifier","player_choice":"Purged","floor":38.0,"gold_loss":0.0,"damage_taken":0.0},{"cards_removed":["Defend_P"],"damage_healed":0.0,"max_hp_gain":0.0,"max_hp_loss":0.0,"gold_gain":0.0,"event_name":"Falling","player_choice":"Removed Skill","floor":45.0,"gold_loss":0.0,"damage_taken":0.0},{"damage_healed":0,"gold_gain":0,"player_choice":"Fight","damage_taken":0,"max_hp_gain":0,"max_hp_loss":0,"event_name":"Mysterious Sphere","floor":46,"gold_loss":0},{"damage_healed":0,"gold_gain":0,"player_choice":"Fight","damage_taken":0,"max_hp_gain":0,"max_hp_loss":0,"event_name":"MindBloom","floor":48,"gold_loss":0}],"is_beta":true,"boss_relics":[{"not_picked":["SacredBark","Fusion Hammer"],"picked":"Empty Cage"},{"not_picked":["Runic Pyramid","SlaversCollar"],"picked":"VioletLotus"}],"items_purged_floors":[12,22,30,41],"is_endless":false,"potions_floor_spawned":[5,7,11,14,27,31,33,35,42,46,47],"ascension_level":7}