{"gold_per_floor":[114,124,274,274,292,292,310,339,339,339,77,95,122,47,47,121,121,121,121,121,121,121,121,121,121,121,121,121,121,121,121,121,121,121,121,121,121,121,121,121,121],"floor_reached":41,"playtime":2586,"items_purged":["Doubt"],"score":839,"play_id":"c45294f6-5d65-4ba5-9090-77b8554c1084","local_time":"20190209040856","is_ascension_mode":true,"campfire_choices":[{"data":"Zap","floor":6.0,"key":"SMITH"},{"data":"Fission","floor":10.0,"key":"SMITH"},{"data":"Coolheaded","floor":15.0,"key":"SMITH"},{"data":"Steam Power","floor":23.0,"key":"SMITH"},{"data":"Rainbow","floor":30.0,"key":"SMITH"},{"data":"Dualcast","floor":32.0,"key":"SMITH"},{"data":"Buffer","floor":40.0,"key":"SMITH"}],"neow_cost":"TEN_PERCENT_HP_LOSS","seed_source_timestamp":0,"circlet_count":0,"master_deck":["AscendersBane","Strike_B","Strike_B","Strike_B","Defend_B","Defend_B","Defend_B","Zap+1","Dualcast+1","Biased Cognition+1","Chill","Cold Snap","Coolheaded+1","Fission+1","Compile Driver","Fission+1","Doom and Gloom+1","Rainbow+1","Melter","Conserve Battery","Steam Power+1","Glacier","Compile Driver","Buffer+1"],"special_seed":0,"relics":["Cracked Core","Anchor","Meat on the Bone","Cables","Unceasing Top","Ectoplasm","Torii","Pear","Orichalcum","Black Star"],"potions_floor_usage":[41],"damage_taken":[{"damage":1.0,"enemies":"Cultist","floor":1.0,"turns":3.0},{"damage":5.0,"enemies":"Jaw Worm","floor":2.0,"turns":4.0},{"damage":1.0,"enemies":"Small Slimes","floor":5.0,"turns":3.0},{"damage":9.0,"enemies":"Looter","floor":7.0,"turns":3.0},{"damage":2.0,"enemies":"Gremlin Nob","floor":8.0,"turns":5.0},{"damage":1.0,"enemies":"Lots of Slimes","floor":12.0,"turns":4.0},{"damage":0.0,"enemies":"Lagavulin","floor":13.0,"turns":6.0},{"damage":20.0,"enemies":"The Guardian","floor":16.0,"turns":9.0},{"damage":4.0,"enemies":"Shell Parasite","floor":18.0,"turns":6.0},{"damage":3.0,"enemies":"3 Byrds","floor":21.0,"turns":3.0},{"damage":0.0,"enemies":"3 Cultists","floor":22.0,"turns":4.0},{"damage":0.0,"enemies":"Cultist and Chosen","floor":24.0,"turns":4.0},{"damage":2.0,"enemies":"Colosseum Slavers","floor":25.0,"turns":3.0},{"damage":0.0,"enemies":"Colosseum Nobs","floor":25.0,"turns":3.0},{"damage":0.0,"enemies":"Centurion and Healer","floor":28.0,"turns":4.0},{"damage":0.0,"enemies":"3 Cultists","floor":29.0,"turns":4.0},{"damage":0.0,"enemies":"Snake Plant","floor":31.0,"turns":3.0},{"damage":28.0,"enemies":"Collector","floor":33.0,"turns":8.0},{"damage":1.0,"enemies":"Orb Walker","floor":35.0,"turns":3.0},{"damage":0.0,"enemies":"3 Shapes","floor":36.0,"turns":3.0},{"damage":0.0,"enemies":"Sphere and 2 Shapes","floor":38.0,"turns":3.0},{"damage":95,"enemies":"Giant Head","floor":41,"turns":8}],"seed_played":"3385696338727966639","potions_obtained":[{"floor":2.0,"key":"AttackPotion"},{"floor":7.0,"key":"Ancient Potion"},{"floor":25.0,"key":"Block Potion"},{"floor":28.0,"key":"Strength Potion"},{"floor":33.0,"key":"Energy Potion"}],"is_trial":false,"path_per_floor":["M","M","?","?","M","R","M","E","T","R","$","M","E","$","R","B",null,"M","?","?","M","M","R","M","?","T","?","M","M","R","M","R","B",null,"M","M","$","M","$","R","E"],"character_chosen":"DEFECT","items_purchased":["Cables"],"campfire_rested":0,"item_purchase_floors":[11],"current_hp_per_floor":[63,58,58,58,57,57,48,46,46,46,46,45,45,45,45,37,57,53,53,53,50,50,50,50,58,58,51,51,51,51,51,51,35,64,63,63,63,63,63,63,0],"gold":121,"neow_bonus":"THREE_RARE_CARDS","is_prod":false,"is_daily":false,"chose_seed":false,"campfire_upgraded":7,"win_rate":0,"timestamp":1549681736,"path_taken":["M","?","?","?","?","R","M","E","T","R","$","M","E","$","R","BOSS","M","?","?","?","M","R","M","?","T","?","M","M","R","M","R","BOSS","M","M","$","M","$","R","E"],"build_version":"2019-01-17v2","purchased_purges":1,"victory":false,"max_hp_per_floor":[64,64,64,64,64,64,64,64,64,64,64,64,64,64,64,64,64,64,64,64,64,64,64,64,74,74,74,74,74,74,74,74,74,74,74,74,74,74,74,74,74],"card_choices":[{"not_picked":["Echo Form","All For One"],"picked":"Biased Cognition","floor":0.0},{"not_picked":["Stack","Steam"],"picked":"Chill","floor":1.0},{"not_picked":["Stack","Redo","Gash"],"picked":"SKIP","floor":2.0},{"not_picked":["Stack","Conserve Battery"],"picked":"Cold Snap","floor":5.0},{"not_picked":["Cold Snap","Gash"],"picked":"Coolheaded","floor":7.0},{"not_picked":["Redo","Lockon"],"picked":"Fission","floor":8.0},{"not_picked":["Cold Snap","Genetic Algorithm"],"picked":"Compile Driver","floor":12.0},{"not_picked":["Turbo","Reprogram","Heatsinks"],"picked":"SKIP","floor":13.0},{"not_picked":["Creative AI","Rainbow"],"picked":"Fission","floor":16.0},{"not_picked":["Sweeping Beam","Double Energy+1"],"picked":"Doom and Gloom+1","floor":18.0},{"not_picked":["Sweeping Beam","Redo"],"picked":"Conserve Battery","floor":21.0},{"not_picked":["Chill","Turbo"],"picked":"Steam Power","floor":22.0},{"not_picked":["Gash","Leap+1"],"picked":"Glacier","floor":24.0},{"not_picked":["Steam","Hyperbeam","Cold Snap+1"],"picked":"SKIP","floor":28.0},{"not_picked":["Cold Snap","Hello World","Steam Power"],"picked":"SKIP","floor":29.0},{"not_picked":["Stack","Compile Driver","Chill"],"picked":"SKIP","floor":31.0},{"not_picked":["Stack","Chill"],"picked":"Compile Driver","floor":31.0},{"not_picked":["Amplify","Thunder Strike"],"picked":"Buffer","floor":33.0},{"not_picked":["Beam Cell+1","Ball Lightning","Turbo+1"],"picked":"SKIP","floor":35.0},{"not_picked":["Compile Driver+1","Ball Lightning","Streamline"],"picked":"SKIP","floor":36.0},{"not_picked":["White Noise","Steam","Reinforced Body"],"picked":"SKIP","floor":38.0}],"player_experience":1275759,"relics_obtained":[{"floor":8.0,"key":"Anchor"},{"floor":9.0,"key":"Meat on the Bone"},{"floor":13.0,"key":"Unceasing Top"},{"floor":25.0,"key":"Torii"},{"floor":25.0,"key":"Pear"},{"floor":26.0,"key":"Orichalcum"}],"event_choices":[{"damage_healed":0.0,"max_hp_gain":0.0,"max_hp_loss":0.0,"gold_gain":150.0,"event_name":"Liars Game","player_choice":"AGREE","floor":3.0,"gold_loss":0.0,"damage_taken":0.0,"cards_obtained":["Doubt"]},{"damage_healed":0.0,"max_hp_gain":0.0,"max_hp_loss":0.0,"gold_gain":0.0,"event_name":"Upgrade Shrine","player_choice":"Upgraded","floor":4.0,"gold_loss":0.0,"damage_taken":0.0,"cards_upgraded":["Biased Cognition"]},{"damage_healed":0.0,"max_hp_gain":0.0,"max_hp_loss":0.0,"gold_gain":0.0,"cards_transformed":["Defend_B","Strike_B"],"event_name":"Drug Dealer","player_choice":"Became Test Subject","floor":19.0,"gold_loss":0.0,"damage_taken":0.0,"cards_obtained":["Rainbow","Melter"]},{"damage_healed":0.0,"max_hp_gain":0.0,"max_hp_loss":0.0,"gold_gain":0.0,"event_name":"Upgrade Shrine","player_choice":"Upgraded","floor":20.0,"gold_loss":0.0,"damage_taken":0.0,"cards_upgraded":["Fission"]},{"damage_healed":0.0,"max_hp_gain":0.0,"max_hp_loss":0.0,"gold_gain":0.0,"event_name":"Colosseum","player_choice":"Fight","floor":25.0,"gold_loss":0.0,"damage_taken":0.0},{"damage_healed":0.0,"max_hp_gain":0.0,"max_hp_loss":0.0,"gold_gain":0.0,"event_name":"Colosseum","player_choice":"Fought Nobs","floor":25.0,"gold_loss":0.0,"damage_taken":0.0},{"damage_healed":0.0,"max_hp_gain":0.0,"max_hp_loss":0.0,"gold_gain":0.0,"event_name":"Knowing Skull","player_choice":"","floor":27.0,"potions_obtained":[],"gold_loss":0.0,"damage_taken":7.0,"cards_obtained":[]}],"is_beta":false,"boss_relics":[{"not_picked":["Nuclear Battery","Busted Crown"],"picked":"Ectoplasm"},{"not_picked":["Runic Dome","Coffee Dripper"],"picked":"Black Star"}],"items_purged_floors":[14],"is_endless":false,"potions_floor_spawned":[2,7,25,25,28,29,33],"killed_by":"Giant Head","ascension_level":19}