{"gold_per_floor":[116,128,141,216,88,88,117,131,161,179,194,194,208,220,220,316,316,326,326,339,145,145,145,170,170,170,170,170,120,45,57,57,57],"floor_reached":33,"playtime":2684,"items_purged":["Strike_G","Strike_G"],"score":247,"play_id":"c21ee027-502e-4558-a25f-50a2e80a697d","local_time":"20190918072036","is_ascension_mode":false,"campfire_choices":[{"data":"Blade Dance","floor":6,"key":"SMITH"},{"floor":12,"key":"REST"},{"data":"Storm of Steel","floor":15,"key":"SMITH"},{"floor":23,"key":"REST"},{"floor":25,"key":"REST"},{"data":"Cloak And Dagger","floor":27,"key":"SMITH"},{"floor":32,"key":"REST"}],"neow_cost":"NONE","seed_source_timestamp":1863749841818300,"circlet_count":0,"master_deck":["Strike_G+1","Strike_G+1","Defend_G","Defend_G","Defend_G","Defend_G","Survivor","Neutralize","Storm of Steel+1","Dodge and Roll","Blade Dance+1","Predator","Cloak And Dagger+1","Infinite Blades","Blade Dance","Backflip","Well Laid Plans+1","Cloak And Dagger"],"relics":["Ring of the Snake","Smiling Mask","Tiny Chest","Sozu","Whetstone","Juzu Bracelet","Gremlin Horn"],"potions_floor_usage":[7,11,14,16,16,16,33],"damage_taken":[{"damage":0,"enemies":"2 Louse","floor":1,"turns":5},{"damage":2,"enemies":"Cultist","floor":2,"turns":5},{"damage":0,"enemies":"Small Slimes","floor":3,"turns":3},{"damage":29,"enemies":"Lagavulin","floor":7,"turns":8},{"damage":3,"enemies":"Red Slaver","floor":8,"turns":5},{"damage":1,"enemies":"2 Fungi Beasts","floor":10,"turns":3},{"damage":1,"enemies":"Blue Slaver","floor":11,"turns":3},{"damage":5,"enemies":"Looter","floor":13,"turns":4},{"damage":1,"enemies":"2 Fungi Beasts","floor":14,"turns":5},{"damage":25,"enemies":"Slime Boss","floor":16,"turns":12},{"damage":6,"enemies":"3 Byrds","floor":18,"turns":4},{"damage":9,"enemies":"Chosen","floor":20,"turns":5},{"damage":32,"enemies":"Masked Bandits","floor":22,"turns":6},{"damage":20,"enemies":"Snecko","floor":31,"turns":6},{"damage":70,"enemies":"Automaton","floor":33,"turns":6}],"seed_played":"-6634127854176088678","potions_obtained":[{"floor":1,"key":"Swift Potion"},{"floor":3,"key":"Regen Potion"},{"floor":7,"key":"EntropicBrew"},{"floor":11,"key":"GhostInAJar"},{"floor":14,"key":"AttackPotion"}],"is_trial":false,"path_per_floor":["M","M","M","?","$","R","E","M","T","M","M","R","M","M","R","B",null,"M","?","M","$","?","R","T","R","T","R","?","$","?","M","R","B"],"character_chosen":"THE_SILENT","items_purchased":["Cloak And Dagger","Infinite Blades","Whetstone"],"campfire_rested":4,"item_purchase_floors":[5,5,21],"current_hp_per_floor":[70,68,68,61,61,61,47,44,44,43,42,63,58,57,57,32,70,64,64,55,55,23,44,44,65,65,65,65,65,65,45,66,0],"gold":57,"neow_bonus":"ONE_RANDOM_RARE_CARD","is_prod":false,"is_daily":false,"chose_seed":false,"campfire_upgraded":3,"win_rate":0,"timestamp":1568805636,"path_taken":["M","M","M","?","$","R","E","M","T","M","M","R","?","M","R","BOSS","M","?","?","$","?","R","?","R","T","R","?","?","?","M","R","BOSS"],"build_version":"2019-07-17","purchased_purges":2,"victory":false,"max_hp_per_floor":[70,70,70,70,70,70,70,70,70,70,70,70,70,70,70,70,70,70,70,70,70,70,70,70,70,70,70,70,70,70,70,70,70],"card_choices":[{"not_picked":["Acrobatics","Slice"],"picked":"Dodge and Roll","floor":1},{"not_picked":["Terror","Heel Hook"],"picked":"Blade Dance","floor":2},{"not_picked":["Reflex","Sucker Punch"],"picked":"Predator","floor":3},{"not_picked":["Flying Knee","Glass Knife"],"picked":"Blade Dance","floor":7},{"not_picked":["Poisoned Stab","Underhanded Strike","Acrobatics"],"picked":"SKIP","floor":8},{"not_picked":["Underhanded Strike","Distraction","Dagger Throw"],"picked":"SKIP","floor":10},{"not_picked":["Dagger Spray","Well Laid Plans"],"picked":"Backflip","floor":11},{"not_picked":["Poisoned Stab","Reflex","Dagger Spray"],"picked":"SKIP","floor":13},{"not_picked":["Finisher","Dodge and Roll","Doppelganger"],"picked":"SKIP","floor":14},{"not_picked":["Flying Knee","Expertise","Bane"],"picked":"SKIP","floor":18},{"not_picked":["Skewer","All Out Attack"],"picked":"Well Laid Plans+1","floor":20},{"not_picked":["Deflect","PiercingWail+1","Blade Dance"],"picked":"SKIP","floor":31}],"player_experience":71319,"relics_obtained":[{"floor":7,"key":"Smiling Mask"},{"floor":9,"key":"Tiny Chest"},{"floor":24,"key":"Juzu Bracelet"},{"floor":26,"key":"Gremlin Horn"}],"event_choices":[{"damage_healed":0,"gold_gain":75,"player_choice":"Touch","damage_taken":7,"max_hp_gain":0,"max_hp_loss":0,"event_name":"FaceTrader","floor":4,"gold_loss":0},{"cards_removed":["Strike_G"],"damage_healed":0,"gold_gain":0,"player_choice":"Purged","damage_taken":0,"max_hp_gain":0,"max_hp_loss":0,"event_name":"Purifier","floor":19,"gold_loss":0},{"damage_healed":0,"gold_gain":0,"player_choice":"Fought Bandits","damage_taken":0,"max_hp_gain":0,"max_hp_loss":0,"event_name":"Masked Bandits","floor":22,"gold_loss":0},{"damage_healed":0,"gold_gain":0,"player_choice":"Read","damage_taken":0,"max_hp_gain":0,"max_hp_loss":0,"event_name":"The Library","floor":28,"gold_loss":0,"cards_obtained":["Cloak And Dagger"]},{"cards_removed":["Defend_G"],"damage_healed":0,"gold_gain":0,"player_choice":"Gave Gold","damage_taken":0,"max_hp_gain":0,"max_hp_loss":0,"event_name":"Beggar","floor":30,"gold_loss":75}],"is_beta":false,"boss_relics":[{"not_picked":["Astrolabe","Calling Bell"],"picked":"Sozu"}],"items_purged_floors":[21,29],"is_endless":false,"potions_floor_spawned":[1,3,7,11,14,18,20,22],"killed_by":"Automaton","ascension_level":0}