{"gold_per_floor":[118,135,135,154,170,170,185,185,185,210,18,18,18,50,50,155,155,167,167,30,30,45,75,75,75,75,75,106,106,106,125,125,226,226,244,67,83,83,98,126,126,145,145,145,145,157,175,194,194,194],"floor_reached":50,"playtime":3986,"items_purged":[],"score":570,"play_id":"7f4584b1-a626-442d-866a-da99bcd1af1f","local_time":"20190810092100","is_ascension_mode":false,"campfire_choices":[{"data":"Streamline","floor":6.0,"key":"SMITH"},{"data":"Rip and Tear","floor":8.0,"key":"SMITH"},{"data":"Streamline","floor":12.0,"key":"SMITH"},{"floor":15.0,"key":"REST"},{"floor":25.0,"key":"REST"},{"floor":29.0,"key":"REST"},{"floor":32.0,"key":"REST"},{"floor":41,"key":"REST"},{"floor":45,"key":"REST"},{"floor":49,"key":"REST"}],"neow_cost":"NONE","seed_source_timestamp":0,"circlet_count":0,"master_deck":["Defend_B","Defend_B","Defend_B","Defend_B","Zap","Dualcast","Rip and Tear+1","Streamline+1","Beam Cell","Streamline+1","Cold Snap","Ball Lightning","Redo+1","Blind+1","Leap+1","Echo Form","Core Surge+1","Steam+1","Glacier+1","Redo+1","Trip+1","Redo+1","Electrodynamics","Ball Lightning","Sweeping Beam","Melter","Leap+1","Buffer","Auto Shields+1","Undo+1","Self Repair","Cold Snap","Conserve Battery+1","Doom and Gloom+1","Tempest+1","Go for the Eyes+1","Streamline+1","Doubt","Redo+1","Beam Cell","Conserve Battery+1","Parasite","Stack+1","Conserve Battery+1"],"special_seed":0,"relics":["Cracked Core","Art of War","Gremlin Horn","Toxic Egg 2","Symbiotic Virus","Astrolabe","Dream Catcher","Bottled Flame","Nunchaku","Shuriken","Philosopher\u0027s Stone","Thread and Needle","The Courier"],"potions_floor_usage":[39,40,46,50,50],"damage_taken":[{"damage":0.0,"enemies":"Cultist","floor":1.0,"turns":4.0},{"damage":0.0,"enemies":"2 Louse","floor":2.0,"turns":2.0},{"damage":1.0,"enemies":"Jaw Worm","floor":4.0,"turns":2.0},{"damage":2.0,"enemies":"Blue Slaver","floor":5.0,"turns":2.0},{"damage":0.0,"enemies":"Large Slime","floor":7.0,"turns":4.0},{"damage":4.0,"enemies":"Gremlin Nob","floor":10.0,"turns":3.0},{"damage":17.0,"enemies":"Lagavulin","floor":14.0,"turns":4.0},{"damage":28.0,"enemies":"The Guardian","floor":16.0,"turns":7.0},{"damage":0.0,"enemies":"Spheric Guardian","floor":18.0,"turns":2.0},{"damage":24.0,"enemies":"2 Thieves","floor":22.0,"turns":4.0},{"damage":55.0,"enemies":"Gremlin Leader","floor":23.0,"turns":6.0},{"damage":21.0,"enemies":"Book of Stabbing","floor":28.0,"turns":5.0},{"damage":16.0,"enemies":"Snake Plant","floor":31.0,"turns":4.0},{"damage":34.0,"enemies":"Champ","floor":33.0,"turns":9.0},{"damage":10,"enemies":"3 Shapes","floor":35,"turns":2},{"damage":3,"enemies":"Orb Walker","floor":37,"turns":3},{"damage":18,"enemies":"3 Darklings","floor":39,"turns":4},{"damage":47,"enemies":"Giant Head","floor":40,"turns":11},{"damage":24,"enemies":"Transient","floor":42,"turns":5},{"damage":21,"enemies":"4 Shapes","floor":46,"turns":4},{"damage":0,"enemies":"Maw","floor":47,"turns":8},{"damage":10,"enemies":"Writhing Mass","floor":48,"turns":5},{"damage":91,"enemies":"Awakened One","floor":50,"turns":12}],"seed_played":"5164800324337976","potions_obtained":[{"floor":2.0,"key":"Energy Potion"},{"floor":4.0,"key":"Dexterity Potion"},{"floor":14.0,"key":"FearPotion"},{"floor":22.0,"key":"Poison Potion"},{"floor":23.0,"key":"FocusPotion"},{"floor":28.0,"key":"Fire Potion"},{"floor":33.0,"key":"SneckoOil"},{"floor":37,"key":"Swift Potion"},{"floor":39,"key":"Weak Potion"},{"floor":47,"key":"SpeedPotion"},{"floor":48,"key":"EssenceOfSteel"}],"is_trial":false,"path_per_floor":["M","M","?","M","M","R","M","R","T","E","$","R","?","E","R","B",null,"M","?","$","?","M","E","T","R","T","$","E","R","?","M","R","B",null,"M","$","M","$","M","E","R","M","T","?","R","M","M","M","R","B"],"character_chosen":"DEFECT","items_purchased":["Blind+1","Fruit Juice","Redo+1","Trip+1","Undo+1","Self Repair","Cold Snap"],"campfire_rested":7,"item_purchase_floors":[11,11,20,20,36,36,36],"current_hp_per_floor":[75,75,75,74,72,72,72,72,72,68,73,73,73,56,80,52,80,80,80,80,80,56,1,1,25,25,25,4,28,80,64,80,46,80,70,70,67,67,56,16,40,16,16,80,80,66,73,63,80,0],"gold":194,"neow_bonus":"RANDOM_COMMON_RELIC","is_prod":false,"is_daily":false,"chose_seed":false,"campfire_upgraded":3,"win_rate":0,"timestamp":1565454060,"path_taken":["M","M","?","M","?","R","M","R","T","E","$","R","?","E","R","BOSS","M","?","$","?","M","E","?","R","T","$","E","R","?","?","R","BOSS","M","$","M","$","M","E","R","M","T","?","R","M","M","M","R","BOSS"],"build_version":"2019-07-17","purchased_purges":0,"victory":false,"max_hp_per_floor":[75,75,75,75,75,75,75,75,75,75,80,80,80,80,80,80,80,80,80,80,80,80,80,80,80,80,80,80,80,80,80,80,80,80,80,80,80,80,80,80,80,80,80,80,80,80,80,80,80,80],"card_choices":[{"not_picked":["Sweeping Beam","Rebound"],"picked":"Rip and Tear","floor":1.0},{"not_picked":["Go for the Eyes","Ball Lightning"],"picked":"Streamline","floor":2.0},{"not_picked":["Scrape","Heatsinks"],"picked":"Streamline","floor":4.0},{"not_picked":["Force Field","Core Surge"],"picked":"Cold Snap","floor":5.0},{"not_picked":["Blizzard","Cold Snap"],"picked":"Ball Lightning","floor":7.0},{"not_picked":["Consume","Go for the Eyes"],"picked":"Redo","floor":10.0},{"not_picked":["Hyperbeam","Gash"],"picked":"Leap+1","floor":14.0},{"not_picked":["All For One","Reboot+1"],"picked":"Echo Form","floor":16.0},{"not_picked":["Coolheaded+1","Streamline"],"picked":"Glacier+1","floor":18.0},{"not_picked":["Darkness+1","White Noise+1"],"picked":"Redo+1","floor":22.0},{"not_picked":["Redo+1","Streamline"],"picked":"Electrodynamics","floor":23.0},{"not_picked":["Blizzard","Gash"],"picked":"Ball Lightning","floor":25.0},{"not_picked":["Biased Cognition","Gash"],"picked":"Sweeping Beam","floor":28.0},{"not_picked":["Hello World+1","Force Field+1"],"picked":"Melter","floor":31.0},{"not_picked":["Turbo+1","Coolheaded+1"],"picked":"Leap+1","floor":32.0},{"not_picked":["Amplify+1","Machine Learning"],"picked":"Buffer","floor":33.0},{"not_picked":["Scrape+1","Leap+1"],"picked":"Auto Shields+1","floor":35},{"not_picked":["Streamline+1","Go for the Eyes"],"picked":"Conserve Battery+1","floor":37},{"not_picked":["Consume+1","Compile Driver"],"picked":"Doom and Gloom+1","floor":39},{"not_picked":["Redo+1","Gash"],"picked":"Tempest+1","floor":40},{"not_picked":["Coolheaded+1","Creative AI"],"picked":"Go for the Eyes+1","floor":41},{"not_picked":["Darkness+1","Redo+1"],"picked":"Streamline+1","floor":42},{"not_picked":["Cold Snap+1","Barrage"],"picked":"Redo+1","floor":45},{"not_picked":["Loop+1","Steam Power+1"],"picked":"Beam Cell","floor":46},{"not_picked":["Blizzard+1","Redo+1"],"picked":"Conserve Battery+1","floor":47},{"not_picked":["Gash+1","Barrage"],"picked":"Stack+1","floor":48},{"not_picked":["Multi-Cast+1","Hello World"],"picked":"Conserve Battery+1","floor":49}],"player_experience":376346,"relics_obtained":[{"floor":9.0,"key":"Gremlin Horn"},{"floor":10.0,"key":"Toxic Egg 2"},{"floor":14.0,"key":"Symbiotic Virus"},{"floor":23.0,"key":"Dream Catcher"},{"floor":24.0,"key":"Bottled Flame"},{"floor":26.0,"key":"Nunchaku"},{"floor":28.0,"key":"Shuriken"},{"floor":40,"key":"Thread and Needle"},{"floor":43,"key":"The Courier"}],"event_choices":[{"damage_healed":0.0,"max_hp_gain":0.0,"max_hp_loss":0.0,"gold_gain":0.0,"cards_transformed":["Strike_B"],"event_name":"Transmorgrifier","player_choice":"Transformed","floor":3.0,"gold_loss":0.0,"damage_taken":0.0,"cards_obtained":["Beam Cell"]},{"damage_healed":0.0,"max_hp_gain":0.0,"max_hp_loss":0.0,"gold_gain":0.0,"event_name":"Liars Game","player_choice":"Ignored","floor":13.0,"gold_loss":0.0,"damage_taken":0.0},{"damage_healed":0.0,"max_hp_gain":0.0,"max_hp_loss":0.0,"gold_gain":0.0,"event_name":"The Mausoleum","player_choice":"Ignored","floor":19.0,"gold_loss":0.0,"damage_taken":0.0},{"damage_healed":0.0,"max_hp_gain":0.0,"max_hp_loss":0.0,"gold_gain":0.0,"event_name":"Vampires","player_choice":"Ignored","floor":21.0,"gold_loss":0.0,"damage_taken":0.0},{"cards_removed":["Steam Power"],"damage_healed":52.0,"max_hp_gain":0.0,"max_hp_loss":0.0,"gold_gain":0.0,"event_name":"Bonfire Elementals","player_choice":"Offered Uncommon","floor":30.0,"gold_loss":0.0,"damage_taken":0.0},{"damage_healed":64,"gold_gain":0,"player_choice":"Heal","damage_taken":0,"max_hp_gain":0,"max_hp_loss":0,"event_name":"MindBloom","floor":44,"gold_loss":0,"cards_obtained":["Doubt"]}],"is_beta":false,"boss_relics":[{"not_picked":["Runic Dome","Fusion Hammer"],"picked":"Astrolabe"},{"not_picked":["Lizard Tail","Snecko Eye"],"picked":"Philosopher\u0027s Stone"}],"items_purged_floors":[],"is_endless":false,"potions_floor_spawned":[2,4,14,22,23,28,33,37,39,47,48],"killed_by":"Awakened One","ascension_level":0}