{"gold_per_floor":[363,363,383,233,243,243,253,268,292,11,28,28,44,44,44,120,120,136,156,17,17,27,27,53,53,53,53,71,87,119,133,133,211,211,224,224,224,87,102,102],"floor_reached":40,"playtime":1869,"items_purged":["Strike_G","Strike_G"],"score":940,"play_id":"ad2b1304-a515-4343-bca3-63d477d65c2e","local_time":"20190913174340","is_ascension_mode":true,"campfire_choices":[{"data":"Choke","floor":6.0,"key":"SMITH"},{"data":"Neutralize","floor":15.0,"key":"SMITH"},{"data":"Noxious Fumes","floor":23.0,"key":"SMITH"},{"floor":27.0,"key":"REST"},{"data":"Acrobatics","floor":32.0,"key":"SMITH"}],"neow_cost":"CURSE","seed_source_timestamp":114063490261591,"circlet_count":0,"master_deck":["AscendersBane","Defend_G","Defend_G","Defend_G","Defend_G","Defend_G","Survivor","Neutralize+1","Backflip","Noxious Fumes+1","Acrobatics","Venomology","Doppelganger+1","Backflip+1","Phantasmal Killer+1","Well Laid Plans+1","Escape Plan","Well Laid Plans+1","Concentrate","Acrobatics+1"],"special_seed":0,"relics":["Ring of the Snake","Bronze Scales","Membership Card","Bag of Preparation","Astrolabe","Sundial","Bag of Marbles","Paper Crane","Centennial Puzzle","HoveringKite","TheAbacus"],"potions_floor_usage":[],"damage_taken":[{"damage":18.0,"enemies":"Jaw Worm","floor":1.0,"turns":7.0},{"damage":1.0,"enemies":"Cultist","floor":3.0,"turns":4.0},{"damage":3.0,"enemies":"2 Louse","floor":5.0,"turns":5.0},{"damage":1.0,"enemies":"Looter","floor":7.0,"turns":4.0},{"damage":23.0,"enemies":"Gremlin Gang","floor":8.0,"turns":8.0},{"damage":1.0,"enemies":"2 Fungi Beasts","floor":11.0,"turns":3.0},{"damage":0.0,"enemies":"Exordium Wildlife","floor":13.0,"turns":4.0},{"damage":28.0,"enemies":"The Guardian","floor":16.0,"turns":12.0},{"damage":4.0,"enemies":"Shell Parasite","floor":18.0,"turns":8.0},{"damage":0.0,"enemies":"Spheric Guardian","floor":19.0,"turns":3.0},{"damage":21.0,"enemies":"Cultist and Chosen","floor":22.0,"turns":7.0},{"damage":22.0,"enemies":"Gremlin Leader","floor":24.0,"turns":7.0},{"damage":0.0,"enemies":"Snake Plant","floor":28.0,"turns":4.0},{"damage":2.0,"enemies":"Shelled Parasite and Fungi","floor":29.0,"turns":4.0},{"damage":0.0,"enemies":"Book of Stabbing","floor":30.0,"turns":4.0},{"damage":2.0,"enemies":"Snecko","floor":31.0,"turns":4.0},{"damage":3.0,"enemies":"Collector","floor":33.0,"turns":10.0},{"damage":0.0,"enemies":"Orb Walker","floor":35.0,"turns":2.0},{"damage":0.0,"enemies":"3 Shapes","floor":39.0,"turns":7.0},{"damage":0,"enemies":"Reptomancer","floor":40,"turns":1}],"seed_played":"-2715150590155947115","potions_obtained":[{"floor":7.0,"key":"Regen Potion"},{"floor":11.0,"key":"Swift Potion"},{"floor":13.0,"key":"GamblersBrew"},{"floor":19.0,"key":"LiquidBronze"},{"floor":29.0,"key":"GhostInAJar"},{"floor":30.0,"key":"Poison Potion"},{"floor":33.0,"key":"PowerPotion"},{"floor":39.0,"key":"FearPotion"}],"is_trial":false,"path_per_floor":["M","?","M","$","M","R","M","M","T","$","M","?","M","?","R","B",null,"M","M","$","?","M","R","E","?","T","R","M","M","E","M","R","B",null,"M","?","?","$","M","E"],"character_chosen":"THE_SILENT","items_purchased":["Infinite Blades","Membership Card","Noxious Fumes","Bag of Preparation","Sundial","TheAbacus"],"campfire_rested":1,"item_purchase_floors":[4,10,10,10,20,38],"current_hp_per_floor":[41,41,40,40,37,37,36,28,28,28,27,49,49,49,49,21,55,51,51,51,51,30,30,8,8,8,27,27,25,25,23,23,20,55,55,55,55,55,55,55],"gold":102,"neow_bonus":"TWO_FIFTY_GOLD","is_prod":false,"is_daily":false,"chose_seed":false,"campfire_upgraded":4,"win_rate":0,"timestamp":1568364220,"path_taken":["M","?","M","$","M","R","M","M","T","$","?","?","M","?","R","BOSS","M","?","$","?","M","R","E","?","T","R","?","M","E","?","R","BOSS","M","?","?","$","M","E"],"build_version":"2019-09-11v2","purchased_purges":2,"victory":false,"max_hp_per_floor":[66,66,66,66,66,66,66,66,66,66,66,66,66,66,66,66,66,66,66,66,66,66,66,66,66,66,66,66,66,66,66,66,66,66,66,66,66,66,66,66],"card_choices":[{"not_picked":["Underhanded Strike","Backstab"],"picked":"Choke","floor":1.0},{"not_picked":["Poisoned Stab","Backstab","Prepared"],"picked":"SKIP","floor":3.0},{"not_picked":["Dagger Throw","Leg Sweep","Cloak And Dagger"],"picked":"SKIP","floor":5.0},{"not_picked":["Flying Knee","Underhanded Strike","Bane"],"picked":"SKIP","floor":7.0},{"not_picked":["Deadly Poison","Cloak And Dagger"],"picked":"Backflip","floor":8.0},{"not_picked":["Deflect","Setup"],"picked":"Acrobatics","floor":11.0},{"not_picked":["Sucker Punch","Dagger Spray","Noxious Fumes"],"picked":"SKIP","floor":13.0},{"not_picked":["Glass Knife","Doppelganger"],"picked":"Venomology","floor":16.0},{"not_picked":["PiercingWail","Underhanded Strike"],"picked":"Well Laid Plans+1","floor":18.0},{"not_picked":["Quick Slash","Crippling Poison","Dash"],"picked":"SKIP","floor":19.0},{"not_picked":["PiercingWail","Infinite Blades+1"],"picked":"Escape Plan","floor":22.0},{"not_picked":["Acrobatics+1","Deadly Poison"],"picked":"Well Laid Plans+1","floor":24.0},{"not_picked":["Outmaneuver+1","Leg Sweep"],"picked":"Concentrate","floor":28.0},{"not_picked":["Deflect","All Out Attack","Dagger Spray"],"picked":"SKIP","floor":29.0},{"not_picked":["Dagger Spray","Dagger Throw","Expertise"],"picked":"SKIP","floor":30.0},{"not_picked":["Distraction","Die Die Die"],"picked":"Acrobatics","floor":31.0},{"not_picked":["Blade Dance","Predator","Reflex"],"picked":"SKIP","floor":35.0},{"not_picked":["Eviscerate","Blade Dance","Riddle With Holes"],"picked":"SKIP","floor":39.0}],"player_experience":1087888,"relics_obtained":[{"floor":9.0,"key":"Bronze Scales"},{"floor":24.0,"key":"Bag of Marbles"},{"floor":26.0,"key":"Paper Crane"},{"floor":30.0,"key":"Centennial Puzzle"}],"event_choices":[{"cards_removed":["Doubt"],"damage_healed":0.0,"max_hp_gain":0.0,"max_hp_loss":0.0,"gold_gain":0.0,"event_name":"Purifier","player_choice":"Purged","floor":2.0,"gold_loss":0.0,"damage_taken":0.0},{"damage_healed":22.0,"max_hp_gain":0.0,"max_hp_loss":0.0,"gold_gain":0.0,"event_name":"Big Fish","player_choice":"Banana","floor":12.0,"gold_loss":0.0,"damage_taken":0.0},{"cards_removed":["Strike_G"],"damage_healed":0.0,"max_hp_gain":0.0,"max_hp_loss":0.0,"gold_gain":0.0,"event_name":"Wheel of Change","player_choice":"Card Removal","floor":14.0,"gold_loss":0.0,"damage_taken":0.0},{"damage_healed":0.0,"max_hp_gain":0.0,"max_hp_loss":0.0,"gold_gain":0.0,"event_name":"Vampires","player_choice":"Ignored","floor":25.0,"gold_loss":0.0,"damage_taken":0.0},{"damage_healed":0.0,"max_hp_gain":0.0,"max_hp_loss":0.0,"gold_gain":0.0,"event_name":"Tomb of Lord Red Mask","player_choice":"Ignored","floor":36.0,"gold_loss":0.0,"damage_taken":0.0},{"cards_removed":["Choke"],"damage_healed":0.0,"max_hp_gain":0.0,"max_hp_loss":0.0,"gold_gain":0.0,"event_name":"Falling","player_choice":"Removed Attack","floor":37.0,"gold_loss":0.0,"damage_taken":0.0}],"is_beta":true,"boss_relics":[{"not_picked":["Philosopher\u0027s Stone","Sozu"],"picked":"Astrolabe"},{"not_picked":["Fusion Hammer","Busted Crown"],"picked":"HoveringKite"}],"items_purged_floors":[4,38],"is_endless":false,"potions_floor_spawned":[7,11,13,16,19,29,30,31,33,39],"killed_by":"Reptomancer","ascension_level":20}