{"gold_per_floor":[18,18,34,44,56,85,96,96,96,113,128,142,142,47,47,121,121,132,148,148,17,29,60,60,60],"floor_reached":25,"playtime":1131,"items_purged":["Strike_G"],"score":454,"play_id":"4079f0c5-7a6c-41a8-b695-0ff7ccddd8d2","local_time":"20190818034236","is_ascension_mode":true,"campfire_choices":[{"data":"Well Laid Plans","floor":8.0,"key":"SMITH"},{"data":"Calculated Gamble","floor":13.0,"key":"SMITH"},{"data":"Neutralize","floor":15.0,"key":"SMITH"},{"floor":24.0,"key":"REST"}],"neow_cost":"NO_GOLD","seed_source_timestamp":258978662514207,"circlet_count":0,"master_deck":["AscendersBane","Strike_G","Defend_G","Defend_G","Defend_G","Defend_G","Survivor","Neutralize+1","Deadly Poison","Well Laid Plans+1","Bane","Footwork","Calculated Gamble+1","Escape Plan","Impatience","Night Terror","PiercingWail","Escape Plan"],"special_seed":0,"relics":["Ring of the Snake","Bottled Lightning","Question Card","Empty Cage","FossilizedHelix"],"potions_floor_usage":[],"damage_taken":[{"damage":0.0,"enemies":"Small Slimes","floor":1.0,"turns":4.0},{"damage":0.0,"enemies":"Cultist","floor":3.0,"turns":3.0},{"damage":1.0,"enemies":"Jaw Worm","floor":4.0,"turns":3.0},{"damage":0.0,"enemies":"Exordium Wildlife","floor":5.0,"turns":6.0},{"damage":41.0,"enemies":"Gremlin Nob","floor":6.0,"turns":4.0},{"damage":1.0,"enemies":"Blue Slaver","floor":7.0,"turns":4.0},{"damage":0.0,"enemies":"2 Fungi Beasts","floor":10.0,"turns":5.0},{"damage":1.0,"enemies":"Large Slime","floor":11.0,"turns":6.0},{"damage":0.0,"enemies":"Blue Slaver","floor":12.0,"turns":6.0},{"damage":2.0,"enemies":"The Guardian","floor":16.0,"turns":10.0},{"damage":7.0,"enemies":"Spheric Guardian","floor":18.0,"turns":8.0},{"damage":0.0,"enemies":"Chosen","floor":19.0,"turns":4.0},{"damage":11.0,"enemies":"Snake Plant","floor":22.0,"turns":8.0},{"damage":13.0,"enemies":"Book of Stabbing","floor":23.0,"turns":7.0},{"damage":14,"enemies":"Gremlin Leader","floor":25,"turns":11}],"seed_played":"5004166471115994711","potions_obtained":[{"floor":4.0,"key":"SkillPotion"},{"floor":10.0,"key":"AttackPotion"},{"floor":11.0,"key":"Poison Potion"},{"floor":16.0,"key":"FearPotion"},{"floor":22.0,"key":"Strength Potion"}],"is_trial":false,"path_per_floor":["M","?","M","M","M","E","M","R","T","M","M","M","R","$","R","B",null,"M","M","?","$","M","E","R","E"],"character_chosen":"THE_SILENT","items_purchased":["Impatience","Poison Potion"],"campfire_rested":1,"item_purchase_floors":[14,21],"current_hp_per_floor":[59,59,59,58,58,17,16,16,16,16,15,15,15,15,15,13,53,46,46,28,28,17,4,25,11],"gold":60,"neow_bonus":"REMOVE_TWO","is_prod":false,"is_daily":false,"chose_seed":false,"campfire_upgraded":3,"win_rate":0,"timestamp":1566067356,"path_taken":["M","?","M","M","?","E","M","R","T","?","M","M","R","$","R","BOSS","M","M","?","$","M","E","R","E"],"build_version":"2019-07-17","purchased_purges":1,"victory":false,"max_hp_per_floor":[66,66,66,66,66,66,66,66,66,66,66,66,66,66,66,66,66,66,66,71,71,71,71,71,71],"card_choices":[{"not_picked":["Backflip","Sucker Punch","Outmaneuver"],"picked":"SKIP","floor":1.0},{"not_picked":["Blur","Concentrate"],"picked":"Bane","floor":3.0},{"not_picked":["Expertise","Blade Dance"],"picked":"Footwork","floor":4.0},{"not_picked":["PiercingWail","Dagger Spray"],"picked":"Calculated Gamble","floor":5.0},{"not_picked":["Sucker Punch","Deflect","Cloak And Dagger"],"picked":"SKIP","floor":6.0},{"not_picked":["Predator","Endless Agony"],"picked":"Escape Plan","floor":7.0},{"not_picked":["Poisoned Stab","Backstab","Deadly Poison","Deflect"],"picked":"SKIP","floor":10.0},{"not_picked":["Bane","Bouncing Flask","Blade Dance","Envenom"],"picked":"SKIP","floor":11.0},{"not_picked":["Dagger Throw","Blur","Outmaneuver","Dodge and Roll"],"picked":"SKIP","floor":12.0},{"not_picked":["A Thousand Cuts","Die Die Die","Unload"],"picked":"Night Terror","floor":16.0},{"not_picked":["Terror","Eviscerate","Flying Knee"],"picked":"PiercingWail","floor":18.0},{"not_picked":["Riddle With Holes+1","Outmaneuver","Deadly Poison","Dagger Throw"],"picked":"SKIP","floor":19.0},{"not_picked":["Sucker Punch","Quick Slash","Poisoned Stab","Backstab"],"picked":"SKIP","floor":22.0},{"not_picked":["Dagger Throw","Riddle With Holes","Choke"],"picked":"Escape Plan","floor":23.0}],"player_experience":918773,"relics_obtained":[{"floor":6.0,"key":"Bottled Lightning"},{"floor":9.0,"key":"Question Card"},{"floor":23.0,"key":"FossilizedHelix"}],"event_choices":[{"damage_healed":0.0,"max_hp_gain":0.0,"max_hp_loss":0.0,"gold_gain":0.0,"event_name":"Match and Keep!","player_choice":"2 cards matched","floor":2.0,"gold_loss":0.0,"damage_taken":0.0,"cards_obtained":["Deadly Poison","Well Laid Plans"]},{"damage_healed":0.0,"max_hp_gain":5.0,"max_hp_loss":0.0,"gold_gain":0.0,"event_name":"Forgotten Altar","player_choice":"Shed Blood","floor":20.0,"gold_loss":0.0,"damage_taken":23.0}],"is_beta":false,"boss_relics":[{"not_picked":["Eternal Feather","Lizard Tail"],"picked":"Empty Cage"}],"items_purged_floors":[21],"is_endless":false,"potions_floor_spawned":[4,10,11,12,16,18,22],"killed_by":"Gremlin Leader","ascension_level":20}