{"gold_per_floor":[118,138,138,288,35,35,71,71,94,15,15,65,115,156,156,251,251,275,296,196,246,44,87,126,166,166,166,190,256,305,329,329,427,427,441,421,437,458,175,218,43,43,43,89,89,89,89,109,109,109],"floor_reached":50,"playtime":1451,"items_purged":["Doubt","Strike_G","Strike_G","Unload","Dash+1"],"score":1099,"play_id":"ae0c37b3-d86c-4a74-94ca-3883479a805a","local_time":"20190812125830","is_ascension_mode":true,"campfire_choices":[{"data":"HandOfGreed","floor":8.0,"key":"SMITH"},{"data":"Calculated Gamble","floor":11.0,"key":"SMITH"},{"floor":15.0,"key":"REST"},{"floor":27.0,"key":"REST"},{"floor":32.0,"key":"REST"},{"floor":42.0,"key":"REST"},{"data":"Acrobatics","floor":47,"key":"SMITH"},{"data":"Concentrate","floor":49,"key":"SMITH"}],"neow_cost":"NONE","seed_source_timestamp":0,"circlet_count":0,"master_deck":["AscendersBane","Defend_G","Defend_G","Defend_G","Defend_G+1","Defend_G+1","Survivor","Neutralize","HandOfGreed+1","Backflip","Calculated Gamble+1","Underhanded Strike","Grand Finale+1","Caltrops+1","Acrobatics+1","Well Laid Plans","PiercingWail","Reflex","Acrobatics","Concentrate+1","Purity"],"special_seed":0,"relics":["Ring of the Serpent","Bronze Scales","War Paint","Golden Idol","Pen Nib","Regal Pillow","Astrolabe","Vajra","Letter Opener","Mango"],"potions_floor_usage":[50],"damage_taken":[{"damage":1.0,"enemies":"2 Louse","floor":1.0,"turns":4.0},{"damage":2.0,"enemies":"Small Slimes","floor":2.0,"turns":5.0},{"damage":28.0,"enemies":"Gremlin Nob","floor":7.0,"turns":4.0},{"damage":0.0,"enemies":"Cultist","floor":12.0,"turns":2.0},{"damage":1.0,"enemies":"Red Slaver","floor":14.0,"turns":3.0},{"damage":41.0,"enemies":"Slime Boss","floor":16.0,"turns":10.0},{"damage":4.0,"enemies":"Chosen","floor":18.0,"turns":3.0},{"damage":12.0,"enemies":"Spheric Guardian","floor":19.0,"turns":5.0},{"damage":0.0,"enemies":"Cultist and Chosen","floor":23.0,"turns":3.0},{"damage":12.0,"enemies":"Book of Stabbing","floor":24.0,"turns":4.0},{"damage":0.0,"enemies":"Centurion and Healer","floor":25.0,"turns":4.0},{"damage":41.0,"enemies":"Snecko","floor":28.0,"turns":5.0},{"damage":1.0,"enemies":"Gremlin Leader","floor":29.0,"turns":4.0},{"damage":0.0,"enemies":"Cultist and Chosen","floor":30.0,"turns":4.0},{"damage":0.0,"enemies":"Snake Plant","floor":31.0,"turns":2.0},{"damage":23.0,"enemies":"Collector","floor":33.0,"turns":7.0},{"damage":6.0,"enemies":"3 Darklings","floor":35.0,"turns":2.0},{"damage":13.0,"enemies":"Orb Walker","floor":37.0,"turns":5.0},{"damage":5.0,"enemies":"4 Shapes","floor":38.0,"turns":2.0},{"damage":18.0,"enemies":"Giant Head","floor":40.0,"turns":5.0},{"damage":21.0,"enemies":"Spire Growth","floor":44.0,"turns":5.0},{"damage":0,"enemies":"Sphere and 2 Shapes","floor":48,"turns":1},{"damage":19,"enemies":"Donu and Deca","floor":50,"turns":4}],"seed_played":"-2877605055548832772","potions_obtained":[{"floor":7.0,"key":"Fire Potion"},{"floor":12.0,"key":"Ancient Potion"},{"floor":18.0,"key":"LiquidBronze"},{"floor":23.0,"key":"LiquidBronze"},{"floor":29.0,"key":"Block Potion"},{"floor":30.0,"key":"SpeedPotion"},{"floor":31.0,"key":"Weak Potion"},{"floor":36.0,"key":"Ancient Potion"},{"floor":38.0,"key":"SkillPotion"},{"floor":44.0,"key":"Swift Potion"}],"is_trial":false,"path_per_floor":["M","M","?","?","$","?","E","R","T","$","R","M","?","M","R","B",null,"M","M","$","?","$","M","E","M","T","R","M","E","M","M","R","B",null,"M","?","M","M","$","E","$","R","T","M","$","?","R","M","R","B"],"character_chosen":"THE_SILENT","items_purchased":["HandOfGreed","Calculated Gamble","Well Laid Plans","Acrobatics","GamblersBrew"],"campfire_rested":4,"item_purchase_floors":[5,10,22,39,39],"current_hp_per_floor":[58,56,38,38,38,38,10,10,10,10,10,10,10,9,42,1,45,41,29,29,23,23,23,11,11,11,44,3,2,2,2,35,12,48,42,42,29,24,24,6,6,39,53,32,32,32,32,32,32,13],"gold":109,"neow_bonus":"RANDOM_COMMON_RELIC","is_prod":false,"is_daily":false,"chose_seed":false,"campfire_upgraded":4,"win_rate":0,"timestamp":1565582310,"path_taken":["M","M","?","?","$","?","E","R","T","$","R","M","?","?","R","BOSS","M","M","$","?","$","?","E","M","T","R","M","E","M","M","R","BOSS","M","?","?","M","$","E","$","R","T","M","?","?","R","M","R","BOSS"],"build_version":"2019-07-17","purchased_purges":5,"victory":false,"max_hp_per_floor":[66,66,66,66,66,60,60,60,60,60,60,60,60,60,60,60,60,60,60,60,60,60,60,60,60,60,60,60,60,60,60,60,60,60,60,60,60,60,60,60,60,60,74,74,74,74,74,74,74,74],"card_choices":[{"not_picked":["Dagger Throw","Sucker Punch","Acrobatics"],"picked":"SKIP","floor":1.0},{"not_picked":["PiercingWail","Outmaneuver"],"picked":"Unload","floor":2.0},{"not_picked":["Dodge and Roll","Underhanded Strike"],"picked":"Backflip","floor":7.0},{"not_picked":["Flying Knee","Dagger Throw","Crippling Poison"],"picked":"SKIP","floor":12.0},{"not_picked":["Underhanded Strike","Outmaneuver","Deflect"],"picked":"SKIP","floor":14.0},{"not_picked":["Outmaneuver","Deflect"],"picked":"Underhanded Strike","floor":14.0},{"not_picked":["Underhanded Strike","Dash"],"picked":"Acrobatics","floor":18.0},{"not_picked":["Heel Hook","PiercingWail","Cloak And Dagger"],"picked":"SKIP","floor":19.0},{"not_picked":["Crippling Poison+1","Bane","Slice"],"picked":"SKIP","floor":23.0},{"not_picked":["All Out Attack","Flechettes","PiercingWail"],"picked":"SKIP","floor":24.0},{"not_picked":["All Out Attack","Flechettes"],"picked":"PiercingWail","floor":24.0},{"not_picked":["Backflip","Slice","Dash"],"picked":"SKIP","floor":25.0},{"not_picked":["Dagger Spray","Cloak And Dagger","Slice"],"picked":"SKIP","floor":28.0},{"not_picked":["Skewer+1","Backflip"],"picked":"Reflex","floor":29.0},{"not_picked":["Backflip","Poisoned Stab","Riddle With Holes"],"picked":"SKIP","floor":30.0},{"not_picked":["Malaise","Dagger Spray","Quick Slash"],"picked":"SKIP","floor":31.0},{"not_picked":["Deadly Poison","Poisoned Stab","Infinite Blades+1"],"picked":"SKIP","floor":35.0},{"not_picked":["Quick Slash","Underhanded Strike","Deadly Poison"],"picked":"SKIP","floor":37.0},{"not_picked":["Blur+1","Bane+1","Poisoned Stab+1"],"picked":"SKIP","floor":38.0},{"not_picked":["Deflect+1","Prepared"],"picked":"Concentrate","floor":40.0},{"not_picked":["Backflip+1","Dagger Throw+1","Blade Dance"],"picked":"SKIP","floor":44.0},{"not_picked":["Jack Of All Trades","PanicButton"],"picked":"Purity","floor":46},{"not_picked":["Flechettes+1","Riddle With Holes","Eviscerate"],"picked":"SKIP","floor":48}],"player_experience":865453,"relics_obtained":[{"floor":7.0,"key":"Pen Nib"},{"floor":9.0,"key":"Regal Pillow"},{"floor":29.0,"key":"Vajra"},{"floor":40.0,"key":"Letter Opener"},{"floor":43.0,"key":"Mango"}],"event_choices":[{"damage_healed":0.0,"max_hp_gain":0.0,"max_hp_loss":0.0,"gold_gain":0.0,"event_name":"Scrap Ooze","player_choice":"Success","floor":3.0,"gold_loss":0.0,"damage_taken":18.0,"relics_obtained":["War Paint"]},{"damage_healed":0.0,"max_hp_gain":0.0,"max_hp_loss":0.0,"gold_gain":150.0,"event_name":"Liars Game","player_choice":"AGREE","floor":4.0,"gold_loss":0.0,"damage_taken":0.0,"cards_obtained":["Doubt"]},{"damage_healed":0.0,"max_hp_gain":0.0,"max_hp_loss":6.0,"gold_gain":0.0,"event_name":"Golden Idol","player_choice":"Lose Max HP","floor":6.0,"gold_loss":0.0,"damage_taken":0.0,"relics_obtained":["Golden Idol"]},{"damage_healed":0.0,"max_hp_gain":0.0,"max_hp_loss":0.0,"gold_gain":50.0,"event_name":"Golden Shrine","player_choice":"Pray","floor":13.0,"gold_loss":0.0,"damage_taken":0.0},{"damage_healed":0.0,"max_hp_gain":0.0,"max_hp_loss":0.0,"gold_gain":50.0,"event_name":"FaceTrader","player_choice":"Touch","floor":21.0,"gold_loss":0.0,"damage_taken":6.0},{"damage_healed":0.0,"max_hp_gain":0.0,"max_hp_loss":0.0,"gold_gain":0.0,"event_name":"The Woman in Blue","player_choice":"Bought 1 Potion","floor":36.0,"gold_loss":0.0,"damage_taken":0.0},{"damage_healed":0,"gold_gain":0,"player_choice":"Memory 1","damage_taken":0,"max_hp_gain":0,"max_hp_loss":0,"event_name":"SensoryStone","floor":46,"gold_loss":0}],"is_beta":false,"boss_relics":[{"not_picked":["Lizard Tail","Runic Pyramid"],"picked":"Astrolabe"},{"not_picked":["Fusion Hammer","Busted Crown"],"picked":"Ring of the Serpent"}],"items_purged_floors":[5,20,22,39,41],"is_endless":false,"potions_floor_spawned":[7,12,18,23,29,30,31,38,44],"killed_by":"Donu and Deca","ascension_level":20}