{"gold_per_floor":[110,120,8,8,22,22,55,67,138,138,168,194,194,9,9,83,83,61,112,122,136,47,47,80,80,105,105,118,145,145,177,177,254,554,570,285,285,304,315,344,344,374,421,179,179,189,189,189,189,189,189,189,189,14,47,47],"floor_reached":57,"playtime":3667,"items_purged":["Strike_G","Strike_G","Strike_G","Decay","Defend_G"],"score":3523,"play_id":"2b19021e-c76b-44b4-952e-a83cfaa1973a","local_time":"20190320120015","is_ascension_mode":true,"campfire_choices":[{"data":"Masterful Stab","floor":6.0,"key":"SMITH"},{"data":"Acrobatics","floor":10.0,"key":"SMITH"},{"data":"Tactician","floor":15.0,"key":"SMITH"},{"data":"Calculated Gamble","floor":23.0,"key":"SMITH"},{"data":"Reflex","floor":25.0,"key":"SMITH"},{"data":"Purity","floor":27.0,"key":"SMITH"},{"data":"Prepared","floor":30.0,"key":"SMITH"},{"data":"Backflip","floor":32.0,"key":"SMITH"},{"data":"Neutralize","floor":41.0,"key":"SMITH"},{"floor":49.0,"key":"RECALL"},{"data":"Impatience","floor":53.0,"key":"SMITH"}],"neow_cost":"NONE","seed_source_timestamp":588066137087142,"circlet_count":0,"master_deck":["AscendersBane","Defend_G","Defend_G","Defend_G","Survivor","Neutralize+1","Masterful Stab+1","Noxious Fumes+1","Reflex+1","Acrobatics+1","Tactician+1","Die Die Die","Calculated Gamble+1","Purity+1","Prepared+1","Backflip+1","Heel Hook","Escape Plan+1","Impatience+1"],"special_seed":0,"relics":["Ring of the Snake","Omamori","The Specimen","Matryoshka","Orichalcum","Vajra","Empty Cage","Ancient Tea Set","Bag of Preparation","Potion Belt","Bottled Lightning","Happy Flower","Blood Vial","Calling Bell","Boot","Singing Bowl","Old Coin","Pen Nib","Tough Bandages","Art of War","Dream Catcher","Question Card","Oddly Smooth Stone"],"potions_floor_usage":[56,56,56],"damage_taken":[{"damage":1.0,"enemies":"2 Louse","floor":1.0,"turns":4.0},{"damage":0.0,"enemies":"Cultist","floor":2.0,"turns":3.0},{"damage":12.0,"enemies":"Jaw Worm","floor":5.0,"turns":4.0},{"damage":25.0,"enemies":"Lagavulin","floor":7.0,"turns":6.0},{"damage":1.0,"enemies":"Blue Slaver","floor":8.0,"turns":4.0},{"damage":11.0,"enemies":"3 Sentries","floor":12.0,"turns":7.0},{"damage":4.0,"enemies":"Slime Boss","floor":16.0,"turns":10.0},{"damage":8.0,"enemies":"2 Thieves","floor":18.0,"turns":4.0},{"damage":4.0,"enemies":"3 Byrds","floor":20.0,"turns":5.0},{"damage":14.0,"enemies":"Sentry and Sphere","floor":21.0,"turns":7.0},{"damage":0.0,"enemies":"Gremlin Leader","floor":24.0,"turns":6.0},{"damage":3.0,"enemies":"Snecko","floor":28.0,"turns":3.0},{"damage":14.0,"enemies":"Slavers","floor":29.0,"turns":6.0},{"damage":0.0,"enemies":"Gremlin Leader","floor":31.0,"turns":2.0},{"damage":0.0,"enemies":"Collector","floor":33.0,"turns":2.0},{"damage":0.0,"enemies":"3 Darklings","floor":35.0,"turns":2.0},{"damage":0.0,"enemies":"Orb Walker","floor":38.0,"turns":1.0},{"damage":0.0,"enemies":"Jaw Worm Horde","floor":39.0,"turns":1.0},{"damage":0.0,"enemies":"Nemesis","floor":40.0,"turns":2.0},{"damage":0.0,"enemies":"Giant Head","floor":42.0,"turns":2.0},{"damage":0.0,"enemies":"Writhing Mass","floor":46.0,"turns":1.0},{"damage":0.0,"enemies":"Donu and Deca","floor":50.0,"turns":3.0},{"damage":0.0,"enemies":"Time Eater","floor":51.0,"turns":9.0},{"damage":0.0,"enemies":"Shield and Spear","floor":55.0,"turns":1.0},{"damage":0,"enemies":"The Heart","floor":56,"turns":4}],"seed_played":"2868197804812548811","potions_obtained":[{"floor":1.0,"key":"LiquidBronze"},{"floor":2.0,"key":"AttackPotion"},{"floor":20.0,"key":"Weak Potion"},{"floor":28.0,"key":"Weak Potion"},{"floor":29.0,"key":"Explosive Potion"},{"floor":31.0,"key":"Energy Potion"},{"floor":35.0,"key":"SkillPotion"},{"floor":39.0,"key":"Ancient Potion"}],"is_trial":false,"path_per_floor":["M","M","$","?","M","R","E","M","T","R","?","E","?","$","R","B",null,"M","T","M","M","$","R","E","R","T","R","M","E","R","E","R","B",null,"M","$","?","M","M","E","R","E","T","$","T","M","?","?","R","B","B",null,"R","$","E","B",null],"character_chosen":"THE_SILENT","items_purchased":["Noxious Fumes","GhostInAJar","Purity","Pen Nib","Impatience"],"campfire_rested":0,"item_purchase_floors":[3,14,22,36,44],"current_hp_per_floor":[58,58,58,58,46,46,21,20,20,20,20,9,9,9,9,5,51,43,43,39,25,25,25,25,25,25,25,22,8,8,8,8,10,52,56,56,56,60,62,66,66,70,70,70,70,74,74,70,70,72,74,80,80,80,84,84],"gold":47,"neow_bonus":"RANDOM_COMMON_RELIC","is_prod":false,"is_daily":false,"chose_seed":false,"campfire_upgraded":10,"win_rate":0,"timestamp":1553054415,"path_taken":["M","M","$","?","?","R","E","M","T","R","?","E","?","$","R","BOSS","M","?","M","?","?","R","E","R","T","R","M","E","R","E","R","BOSS","M","$","?","M","M","E","R","E","T","$","?","M","?","?","R","BOSS","BOSS","R","$","E","BOSS"],"build_version":"2019-03-15","purchased_purges":5,"victory":true,"max_hp_per_floor":[66,66,66,66,66,66,66,66,66,66,66,66,66,66,66,66,66,66,66,66,66,66,66,66,66,66,66,66,66,66,66,66,66,66,68,68,68,70,70,72,72,74,74,74,74,76,76,82,82,82,82,82,82,82,84,84],"card_choices":[{"not_picked":["Dash","Setup"],"picked":"Masterful Stab","floor":1.0},{"not_picked":["Prepared","Riddle With Holes","Dodge and Roll"],"picked":"SKIP","floor":2.0},{"not_picked":["Sucker Punch","Dagger Spray"],"picked":"Reflex","floor":5.0},{"not_picked":["Tactician","Flechettes"],"picked":"Acrobatics","floor":7.0},{"not_picked":["Dagger Spray","Bouncing Flask","Sucker Punch"],"picked":"SKIP","floor":8.0},{"not_picked":["Bane","Blade Dance"],"picked":"Tactician","floor":12.0},{"not_picked":["Underhanded Strike","Deadly Poison"],"picked":"Calculated Gamble","floor":18.0},{"not_picked":["Sucker Punch","Finisher","Backstab"],"picked":"SKIP","floor":20.0},{"not_picked":["Underhanded Strike","Dodge and Roll","Crippling Poison"],"picked":"SKIP","floor":21.0},{"not_picked":["Skewer","Distraction","Calculated Gamble"],"picked":"SKIP","floor":24.0},{"not_picked":["Corpse Explosion","Endless Agony"],"picked":"Prepared","floor":28.0},{"not_picked":["Poisoned Stab+1","Outmaneuver"],"picked":"Backflip","floor":29.0},{"not_picked":["Poisoned Stab","Prepared","Cloak And Dagger"],"picked":"SKIP","floor":31.0},{"not_picked":["A Thousand Cuts","Dagger Spray","Distraction+1"],"picked":"Singing Bowl","floor":35.0},{"not_picked":["Skewer","Dash","Underhanded Strike"],"picked":"Singing Bowl","floor":38.0},{"not_picked":["Acrobatics","Flechettes"],"picked":"Escape Plan+1","floor":39.0},{"not_picked":["Flechettes","Dagger Spray+1","Slice"],"picked":"Singing Bowl","floor":40.0},{"not_picked":["Prepared","Backstab","Cloak And Dagger"],"picked":"Singing Bowl","floor":42.0},{"not_picked":["Masterful Stab","Deflect","Glass Knife","All Out Attack"],"picked":"Singing Bowl","floor":46.0},{"not_picked":["Mayhem","Madness","Swift Strike","Panacea"],"picked":"Singing Bowl","floor":48.0},{"not_picked":["Blind","Impatience","The Bomb","Finesse"],"picked":"Singing Bowl","floor":48.0},{"not_picked":["Flash of Steel","Good Instincts","Sadistic Nature","Blind"],"picked":"Singing Bowl","floor":48.0},{"not_picked":["All Out Attack","Flying Knee","Flechettes","Escape Plan"],"picked":"Singing Bowl","floor":55.0}],"player_experience":2954428,"relics_obtained":[{"floor":7.0,"key":"The Specimen"},{"floor":9.0,"key":"Matryoshka"},{"floor":12.0,"key":"Vajra"},{"floor":19.0,"key":"Ancient Tea Set"},{"floor":24.0,"key":"Bag of Preparation"},{"floor":26.0,"key":"Potion Belt"},{"floor":26.0,"key":"Bottled Lightning"},{"floor":29.0,"key":"Happy Flower"},{"floor":31.0,"key":"Blood Vial"},{"floor":34.0,"key":"Boot"},{"floor":34.0,"key":"Singing Bowl"},{"floor":34.0,"key":"Old Coin"},{"floor":40.0,"key":"Tough Bandages"},{"floor":42.0,"key":"Art of War"},{"floor":43.0,"key":"Dream Catcher"},{"floor":45.0,"key":"Question Card"},{"floor":55.0,"key":"Oddly Smooth Stone"}],"event_choices":[{"damage_healed":0.0,"max_hp_gain":0.0,"max_hp_loss":0.0,"gold_gain":0.0,"event_name":"Upgrade Shrine","player_choice":"Upgraded","floor":4.0,"gold_loss":0.0,"damage_taken":0.0,"cards_upgraded":["Noxious Fumes"]},{"damage_healed":0.0,"max_hp_gain":0.0,"max_hp_loss":0.0,"gold_gain":30.0,"event_name":"Dead Adventurer","player_choice":"Searched \u00272\u0027 times","floor":11.0,"gold_loss":0.0,"damage_taken":0.0,"relics_obtained":["Orichalcum"]},{"damage_healed":0.0,"max_hp_gain":0.0,"max_hp_loss":0.0,"gold_gain":0.0,"event_name":"Match and Keep!","player_choice":"1 cards matched","floor":13.0,"gold_loss":0.0,"damage_taken":0.0,"cards_obtained":["Die Die Die"]},{"damage_healed":0.0,"max_hp_gain":0.0,"max_hp_loss":0.0,"gold_gain":0.0,"cards_transformed":["Defend_G"],"event_name":"Transmorgrifier","player_choice":"Transformed","floor":37.0,"gold_loss":0.0,"damage_taken":0.0,"cards_obtained":["Heel Hook"]},{"damage_healed":0.0,"max_hp_gain":0.0,"max_hp_loss":0.0,"gold_gain":0.0,"event_name":"Tomb of Lord Red Mask","player_choice":"Ignored","floor":47.0,"gold_loss":0.0,"damage_taken":0.0},{"damage_healed":0.0,"max_hp_gain":0.0,"max_hp_loss":0.0,"gold_gain":0.0,"event_name":"SensoryStone","player_choice":"Memory 3","floor":48.0,"gold_loss":0.0,"damage_taken":10.0}],"is_beta":true,"boss_relics":[{"not_picked":["Philosopher\u0027s Stone","Snecko Eye"],"picked":"Empty Cage"},{"not_picked":["Pandora\u0027s Box","Velvet Choker"],"picked":"Calling Bell"}],"items_purged_floors":[3,14,36,44,54],"is_endless":false,"potions_floor_spawned":[1,2,5,20,28,29,31,35,39],"ascension_level":20}