{"path_per_floor":["M","M","?","M","M","E","R","M","T","R","M","M","M","?","R"],"character_chosen":"DEFECT","items_purchased":[],"gold_per_floor":[114,133,133,153,174,210,210,230,230,230,250,265,278,278,278,278],"floor_reached":16,"campfire_rested":3,"playtime":1732,"item_purchase_floors":[],"current_hp_per_floor":[54,54,54,58,45,25,47,47,47,69,60,59,51,51,73,73],"items_purged":[],"gold":278,"score":143,"play_id":"b2024c06-4823-45ed-b04a-cf682f3ec1fd","local_time":"20180609142103","is_prod":false,"is_daily":false,"chose_seed":false,"is_ascension_mode":true,"campfire_upgraded":0,"win_rate":0,"timestamp":1528546863,"campfire_choices":[{"floor":7,"key":"REST"},{"floor":10,"key":"REST"},{"floor":15,"key":"REST"}],"path_taken":["M","M","?","?","M","E","R","M","T","R","M","M","M","?","R","BOSS"],"build_version":"2018-06-07v3","seed_source_timestamp":76350193706832,"purchased_purges":0,"victory":false,"master_deck":["Strike_B+1","Strike_B","Strike_B","Strike_B","Defend_B","Defend_B","Defend_B","Defend_B","Zap","Dualcast","Multi-Cast","Ball Lightning","Steam","Cold Snap+1","Doom and Gloom"],"max_hp_per_floor":[75,75,69,74,74,74,74,74,74,74,74,74,74,74,74,74],"relics":["Cracked Core","Golden Idol","Whetstone","Centennial Puzzle"],"card_choices":[{"not_picked":["Force Field","Beam Cell","Gash"],"picked":"SKIP","floor":1},{"not_picked":["Reprogram","Consume"],"picked":"Ball Lightning","floor":2},{"not_picked":["Reprogram","Storm"],"picked":"Steam","floor":4},{"not_picked":["Conserve Battery","Sweeping Beam"],"picked":"Cold Snap","floor":5},{"not_picked":["Skim","Coolheaded"],"picked":"Doom and Gloom","floor":6},{"not_picked":["Force Field","Capacitor","Creative AI"],"picked":"SKIP","floor":8},{"not_picked":["Redo","Turbo","Double Energy"],"picked":"SKIP","floor":11},{"not_picked":["Redo","Hologram","Leap"],"picked":"SKIP","floor":12},{"not_picked":["Beam Cell","Conserve Battery","Rebound"],"picked":"SKIP","floor":13}],"player_experience":829463,"potions_floor_usage":[4,8],"damage_taken":[{"damage":14,"enemies":"2 Louse","floor":1,"turns":3},{"damage":0,"enemies":"Small Slimes","floor":2,"turns":3},{"damage":1,"enemies":"Cultist","floor":4,"turns":3},{"damage":13,"enemies":"Lots of Slimes","floor":5,"turns":4},{"damage":20,"enemies":"3 Sentries","floor":6,"turns":8},{"damage":0,"enemies":"Looter","floor":8,"turns":2},{"damage":9,"enemies":"Exordium Wildlife","floor":11,"turns":3},{"damage":1,"enemies":"Blue Slaver","floor":12,"turns":3},{"damage":8,"enemies":"Large Slime","floor":13,"turns":4},{"damage":0,"enemies":"Slime Boss","floor":16,"turns":1}],"relics_obtained":[{"floor":6,"key":"Whetstone"},{"floor":9,"key":"Centennial Puzzle"}],"event_choices":[{"event_name":"Golden Idol","player_choice":"Lose Max HP","floor":3,"damage_taken":0},{"event_name":"Scrap Ooze","player_choice":"unsuccessful","floor":14,"damage_taken":0}],"boss_relics":[],"items_purged_floors":[],"potions_floor_spawned":[1,2,6],"seed_played":"-5050933544624040843","killed_by":"Slime Boss","ascension_level":7,"potions_obtained":[{"floor":1,"key":"Fruit Juice"},{"floor":2,"key":"Weak Potion"},{"floor":6,"key":"Ancient Potion"}],"is_trial":false}