{"gold_per_floor":[109,119,119,132,150,150,181,181,233,233,248,267,301,42,42,143,143,160,171,191,36,52,86,86,86],"floor_reached":25,"playtime":5012,"items_purged":[],"score":235,"play_id":"13f4968b-5a0c-4bab-9a87-6735d6725e96","local_time":"20190121092114","is_ascension_mode":false,"campfire_choices":[{"floor":6.0,"key":"REST"},{"floor":15.0,"key":"REST"},{"floor":24,"key":"REST"}],"neow_cost":"NONE","seed_source_timestamp":0,"circlet_count":0,"master_deck":["Strike_B","Strike_B","Strike_B","Strike_B","Defend_B","Defend_B","Defend_B","Defend_B","Zap","Dualcast","Ball Lightning","Self Repair","Capacitor","Go for the Eyes","Auto Shields","Stack","Buffer","Go for the Eyes","Hologram","Conserve Battery","Metamorphosis","Core Surge","White Noise","Leap","Chill","Reinforced Body","Cold Snap"],"special_seed":0,"relics":["Cracked Core","Cables","Smiling Mask","GremlinMask","Ancient Tea Set","Lizard Tail","Omamori","Oddly Smooth Stone"],"potions_floor_usage":[25],"damage_taken":[{"damage":1.0,"enemies":"2 Louse","floor":1.0,"turns":3.0},{"damage":1.0,"enemies":"Jaw Worm","floor":2.0,"turns":3.0},{"damage":1.0,"enemies":"Cultist","floor":4.0,"turns":3.0},{"damage":22.0,"enemies":"3 Louse","floor":5.0,"turns":4.0},{"damage":29.0,"enemies":"3 Sentries","floor":7.0,"turns":7.0},{"damage":0.0,"enemies":"Large Slime","floor":11.0,"turns":5.0},{"damage":11.0,"enemies":"Blue Slaver","floor":12.0,"turns":4.0},{"damage":9.0,"enemies":"Gremlin Nob","floor":13.0,"turns":5.0},{"damage":28.0,"enemies":"Slime Boss","floor":16.0,"turns":10.0},{"damage":0.0,"enemies":"Chosen","floor":18.0,"turns":6.0},{"damage":15.0,"enemies":"Shell Parasite","floor":19.0,"turns":6.0},{"damage":39.0,"enemies":"Centurion and Healer","floor":20.0,"turns":6.0},{"damage":17.0,"enemies":"Snake Plant","floor":22.0,"turns":6.0},{"damage":62.0,"enemies":"Book of Stabbing","floor":23.0,"turns":8.0},{"damage":46,"enemies":"Gremlin Leader","floor":25,"turns":7}],"seed_played":"-8299014182068301422","potions_obtained":[{"floor":1.0,"key":"SteroidPotion"},{"floor":5.0,"key":"Explosive Potion"},{"floor":11.0,"key":"SpeedPotion"},{"floor":12.0,"key":"SteroidPotion"},{"floor":13.0,"key":"Fruit Juice"},{"floor":19.0,"key":"FocusPotion"},{"floor":22.0,"key":"Energy Potion"},{"floor":23.0,"key":"GamblersBrew"}],"is_trial":false,"path_per_floor":["M","M","?","M","M","R","E","?","T","?","M","M","E","$","R","B",null,"M","M","M","$","M","E","R","E"],"character_chosen":"DEFECT","items_purchased":["Hologram","Conserve Battery","Metamorphosis","Omamori"],"campfire_rested":3,"item_purchase_floors":[14,14,14,21],"current_hp_per_floor":[81,80,80,82,67,82,60,60,60,60,67,63,66,66,87,66,87,87,72,33,33,23,16,42,0],"gold":86,"neow_bonus":"TEN_PERCENT_HP_BONUS","is_prod":false,"is_daily":false,"chose_seed":false,"campfire_upgraded":0,"win_rate":0.0,"timestamp":1548091274,"path_taken":["M","M","?","M","M","R","E","?","T","?","M","M","E","$","R","BOSS","M","M","M","$","M","E","R","E"],"build_version":"2019-01-17v2","purchased_purges":0,"victory":false,"max_hp_per_floor":[82,82,82,82,82,82,82,82,82,82,82,82,87,87,87,87,87,87,87,87,87,87,87,87,87],"card_choices":[{"not_picked":["Doom and Gloom","Beam Cell"],"picked":"Ball Lightning","floor":1.0},{"not_picked":["Coolheaded","Genetic Algorithm"],"picked":"Self Repair","floor":2.0},{"not_picked":["Tempest","Redo"],"picked":"Capacitor","floor":4.0},{"not_picked":["Undo","Streamline"],"picked":"Go for the Eyes","floor":5.0},{"not_picked":["Steam","Hologram"],"picked":"Auto Shields","floor":7.0},{"not_picked":["Consume","White Noise"],"picked":"Stack","floor":11.0},{"not_picked":["BootSequence","Reprogram"],"picked":"Buffer","floor":12.0},{"not_picked":["Hologram","Defragment"],"picked":"Go for the Eyes","floor":13.0},{"not_picked":["Amplify","Rainbow"],"picked":"Core Surge","floor":16.0},{"not_picked":["Streamline","Consume"],"picked":"White Noise","floor":18.0},{"not_picked":["Gash","Steam+1"],"picked":"Leap","floor":19.0},{"not_picked":["Cold Snap","Storm"],"picked":"Chill","floor":20.0},{"not_picked":["Barrage+1","Doom and Gloom+1"],"picked":"Reinforced Body","floor":22.0},{"not_picked":["Auto Shields","Go for the Eyes"],"picked":"Cold Snap","floor":23.0}],"player_experience":253332,"relics_obtained":[{"floor":7.0,"key":"Cables"},{"floor":9.0,"key":"Smiling Mask"},{"floor":13.0,"key":"Ancient Tea Set"},{"floor":23.0,"key":"Oddly Smooth Stone"}],"event_choices":[{"damage_healed":0.0,"max_hp_gain":0.0,"max_hp_loss":0.0,"gold_gain":0.0,"event_name":"Liars Game","player_choice":"Ignored","floor":3.0,"gold_loss":0.0,"damage_taken":0.0},{"damage_healed":0.0,"max_hp_gain":0.0,"max_hp_loss":0.0,"gold_gain":0.0,"event_name":"Golden Wing","player_choice":"Ignored","floor":8.0,"gold_loss":0.0,"damage_taken":0.0},{"damage_healed":0.0,"max_hp_gain":0.0,"max_hp_loss":0.0,"gold_gain":0.0,"event_name":"FaceTrader","player_choice":"Trade","floor":10.0,"gold_loss":0.0,"damage_taken":0.0,"relics_obtained":["GremlinMask"]}],"is_beta":false,"boss_relics":[{"not_picked":["Snecko Eye","Runic Pyramid"],"picked":"Lizard Tail"}],"items_purged_floors":[],"is_endless":false,"potions_floor_spawned":[1,5,11,12,13,19,22,23],"killed_by":"Gremlin Leader","ascension_level":0}