{"gold_per_floor":[113,113,125,135,135,135,168,14,14,66,66,146,160,57,57,158,158,173,188,188],"floor_reached":20,"playtime":1623,"items_purged":[],"score":172,"play_id":"580d1e9e-051d-4cad-927b-62d8ba570df4","local_time":"20190828172844","is_ascension_mode":false,"campfire_choices":[{"data":"Skewer","floor":6,"key":"SMITH"},{"floor":11,"key":"REST"},{"floor":15,"key":"REST"}],"neow_cost":"NONE","seed_source_timestamp":353021037360758,"circlet_count":0,"master_deck":["Strike_G","Strike_G","Strike_G+1","Strike_G","Strike_G","Defend_G","Defend_G","Defend_G","Defend_G","Defend_G","Survivor","Neutralize","Skewer+1","Backflip","Sucker Punch","Footwork","Leg Sweep","Dagger Throw+1","Caltrops","PiercingWail","Dagger Spray","Envenom","Bouncing Flask","Poisoned Stab"],"relics":["Ring of the Snake","Blue Candle","Meat on the Bone","Whetstone","White Beast Statue"],"potions_floor_usage":[16,16,16,19],"damage_taken":[{"damage":0,"enemies":"2 Louse","floor":1,"turns":2},{"damage":0,"enemies":"Cultist","floor":3,"turns":3},{"damage":0,"enemies":"Small Slimes","floor":4,"turns":3},{"damage":36,"enemies":"3 Sentries","floor":7,"turns":11},{"damage":2,"enemies":"Blue Slaver","floor":13,"turns":5},{"damage":27,"enemies":"Slime Boss","floor":16,"turns":14},{"damage":30,"enemies":"Shell Parasite","floor":18,"turns":14},{"damage":27,"enemies":"Spheric Guardian","floor":19,"turns":10},{"damage":37,"enemies":"Shelled Parasite and Fungi","floor":20,"turns":6}],"seed_played":"-1495838314479064769","potions_obtained":[{"floor":3,"key":"Block Potion"},{"floor":13,"key":"Energy Potion"},{"floor":16,"key":"SmokeBomb"},{"floor":18,"key":"Weak Potion"},{"floor":19,"key":"Energy Potion"}],"is_trial":false,"path_per_floor":["M","?","M","M","?","R","E","$","T","T","R","?","M","$","R","B",null,"M","M","M"],"character_chosen":"THE_SILENT","items_purchased":["Leg Sweep","Dagger Throw","Explosive Potion","PiercingWail","Dagger Spray"],"campfire_rested":2,"item_purchase_floors":[8,8,8,14,14],"current_hp_per_floor":[77,77,77,77,77,77,41,41,41,41,64,64,62,62,77,50,77,47,32,0],"gold":188,"neow_bonus":"TEN_PERCENT_HP_BONUS","is_prod":false,"is_daily":false,"chose_seed":false,"campfire_upgraded":1,"win_rate":0,"timestamp":1567038524,"path_taken":["M","?","M","?","?","R","E","$","T","?","R","?","M","$","R","BOSS","M","M","M"],"build_version":"2019-07-17","purchased_purges":0,"victory":false,"max_hp_per_floor":[77,77,77,77,77,77,77,77,77,77,77,77,77,77,77,77,77,77,77,77],"card_choices":[{"not_picked":["Dodge and Roll","Infinite Blades"],"picked":"Skewer","floor":1},{"not_picked":["Quick Slash","Bane"],"picked":"Backflip","floor":3},{"not_picked":["Quick Slash","Acrobatics"],"picked":"Sucker Punch","floor":4},{"not_picked":["Doppelganger","Dagger Throw"],"picked":"Footwork","floor":7},{"not_picked":["PiercingWail","Eviscerate"],"picked":"Caltrops","floor":13},{"not_picked":["Wraith Form v2","Adrenaline"],"picked":"Envenom","floor":16},{"not_picked":["Eviscerate","Quick Slash"],"picked":"Bouncing Flask","floor":18},{"not_picked":["Slice","Outmaneuver"],"picked":"Poisoned Stab","floor":19}],"player_experience":455334,"relics_obtained":[{"floor":7,"key":"Blue Candle"},{"floor":9,"key":"Meat on the Bone"},{"floor":10,"key":"Whetstone"}],"event_choices":[{"damage_healed":0,"gold_gain":0,"player_choice":"Ignored","damage_taken":0,"max_hp_gain":0,"max_hp_loss":0,"event_name":"NoteForYourself","floor":2,"gold_loss":0},{"damage_healed":0,"gold_gain":0,"player_choice":"Leave","damage_taken":0,"max_hp_gain":0,"max_hp_loss":0,"event_name":"The Cleric","floor":5,"gold_loss":0},{"damage_healed":0,"gold_gain":80,"player_choice":"Gained Gold","damage_taken":0,"max_hp_gain":0,"max_hp_loss":0,"event_name":"Golden Wing","floor":12,"gold_loss":0}],"is_beta":false,"boss_relics":[{"not_picked":["Fusion Hammer","Snecko Eye"],"picked":"White Beast Statue"}],"items_purged_floors":[],"is_endless":false,"potions_floor_spawned":[3,13,16,18,19],"killed_by":"Shelled Parasite and Fungi","ascension_level":0}