{"gold_per_floor":[116,116,134,59,59,84,110,128,128,53,53,80,80,97,97,173,173,148,63,83,96,96,96,18,18,18,18,44,44,57,57,57,136,136,146,46,62,62,74,74,106,106,131,131,157,157,186,186,186,186,186,186,186,12,39,39],"floor_reached":57,"playtime":2782,"items_purged":["Strike_R","Strike_R"],"score":3149,"play_id":"3b3ce507-c872-4375-83dd-d010417956a8","local_time":"20190529201226","is_ascension_mode":true,"campfire_choices":[{"data":"Bloodletting","floor":13.0,"key":"SMITH"},{"data":"Pommel Strike","floor":15.0,"key":"SMITH"},{"data":"Body Slam","floor":23.0,"key":"SMITH"},{"data":"Battle Trance","floor":25.0,"key":"SMITH"},{"data":"Burning Pact","floor":27.0,"key":"SMITH"},{"data":"True Grit","floor":32.0,"key":"SMITH"},{"data":"Entrench","floor":40.0,"key":"SMITH"},{"data":"Offering","floor":42.0,"key":"SMITH"},{"data":"Shrug It Off","floor":46.0,"key":"SMITH"},{"floor":49.0,"key":"RECALL"},{"data":"Second Wind","floor":53.0,"key":"SMITH"}],"neow_cost":"NONE","seed_source_timestamp":985075496832477,"circlet_count":0,"master_deck":["AscendersBane","Strike_R","Defend_R","Defend_R","Defend_R","Defend_R","Bash","Rampage","Shrug It Off+1","Pommel Strike+1","Burning Pact+1","Power Through","Bloodletting+1","Body Slam+1","Battle Trance+1","True Grit+1","Offering+1","Second Wind+1","Entrench+1","Shockwave+1","Evolve+1","Exhume+1"],"special_seed":0,"relics":["Black Blood","NeowsBlessing","Self Forming Clay","Odd Mushroom","Letter Opener","Lantern","Mark of Pain","Bird Faced Urn","Sundial","Question Card","Incense Burner","Frozen Egg 2","Toxic Egg 2","Pantograph"],"potions_floor_usage":[56,56],"damage_taken":[{"damage":0.0,"enemies":"2 Louse","floor":1.0,"turns":1.0},{"damage":0.0,"enemies":"Jaw Worm","floor":3.0,"turns":1.0},{"damage":0.0,"enemies":"Gremlin Nob","floor":6.0,"turns":1.0},{"damage":11.0,"enemies":"The Mushroom Lair","floor":7.0,"turns":3.0},{"damage":1.0,"enemies":"Cultist","floor":8.0,"turns":4.0},{"damage":21.0,"enemies":"Lagavulin","floor":12.0,"turns":6.0},{"damage":5.0,"enemies":"Red Slaver","floor":14.0,"turns":4.0},{"damage":39.0,"enemies":"The Guardian","floor":16.0,"turns":11.0},{"damage":23.0,"enemies":"2 Thieves","floor":18.0,"turns":4.0},{"damage":21.0,"enemies":"3 Byrds","floor":20.0,"turns":6.0},{"damage":27.0,"enemies":"Snecko","floor":21.0,"turns":7.0},{"damage":5.0,"enemies":"Gremlin Leader","floor":28.0,"turns":6.0},{"damage":14.0,"enemies":"Chosen and Byrds","floor":30.0,"turns":6.0},{"damage":15.0,"enemies":"Automaton","floor":33.0,"turns":9.0},{"damage":7.0,"enemies":"3 Shapes","floor":35.0,"turns":5.0},{"damage":31.0,"enemies":"3 Darklings","floor":37.0,"turns":6.0},{"damage":6.0,"enemies":"4 Shapes","floor":39.0,"turns":4.0},{"damage":26.0,"enemies":"Nemesis","floor":41.0,"turns":7.0},{"damage":13.0,"enemies":"Giant Head","floor":45.0,"turns":7.0},{"damage":6.0,"enemies":"Nemesis","floor":47.0,"turns":7.0},{"damage":6.0,"enemies":"Donu and Deca","floor":50.0,"turns":7.0},{"damage":16.0,"enemies":"Time Eater","floor":51.0,"turns":7.0},{"damage":10.0,"enemies":"Shield and Spear","floor":55.0,"turns":6.0},{"damage":8,"enemies":"The Heart","floor":56,"turns":8}],"seed_played":"3174947712039468342","potions_obtained":[{"floor":1.0,"key":"GamblersBrew"},{"floor":6.0,"key":"AttackPotion"},{"floor":8.0,"key":"Regen Potion"},{"floor":12.0,"key":"Swift Potion"},{"floor":21.0,"key":"AttackPotion"},{"floor":22.0,"key":"BloodPotion"},{"floor":33.0,"key":"Energy Potion"},{"floor":37.0,"key":"BloodPotion"},{"floor":41.0,"key":"SpeedPotion"}],"is_trial":false,"path_per_floor":["M","?","M","?","$","E","?","M","T","$","$","E","R","M","R","B",null,"M","?","M","M","?","R","$","R","T","R","E","$","M","$","R","B",null,"M","$","M","?","M","R","E","R","T","?","E","R","E","?","R","B","B",null,"R","$","E","B",null],"character_chosen":"IRONCLAD","items_purchased":["Battle Trance","Evolve+1","Ancient Potion"],"campfire_rested":0,"item_purchase_floors":[24,54,54],"current_hp_per_floor":[74,79,80,80,80,80,75,80,80,80,80,67,67,68,68,35,69,52,52,37,16,16,16,16,16,16,16,25,25,17,17,17,8,62,65,65,44,44,56,56,40,40,40,66,63,63,66,63,63,63,57,62,62,62,63,63],"gold":39,"neow_bonus":"THREE_ENEMY_KILL","is_prod":false,"is_daily":false,"chose_seed":false,"campfire_upgraded":10,"win_rate":0,"timestamp":1559131946,"path_taken":["M","?","M","?","$","E","?","M","T","?","$","E","R","M","R","BOSS","M","?","M","M","?","R","$","R","T","R","E","$","?","?","R","BOSS","M","$","M","?","?","R","E","R","T","?","E","R","E","?","R","BOSS","BOSS","R","$","E","BOSS"],"build_version":"2019-05-28","purchased_purges":2,"victory":true,"max_hp_per_floor":[75,80,80,80,80,80,80,80,80,80,80,80,80,80,80,80,80,80,80,80,80,80,80,80,80,80,80,80,80,80,80,80,80,80,80,80,80,80,80,80,80,80,80,66,66,66,66,63,63,63,63,63,63,63,63,63],"card_choices":[{"not_picked":["Whirlwind","Sword Boomerang"],"picked":"Rampage","floor":1.0},{"not_picked":["Flex","Heavy Blade"],"picked":"Shrug It Off","floor":3.0},{"not_picked":["Clothesline","Cleave"],"picked":"Pommel Strike","floor":6.0},{"not_picked":["Seeing Red","Dropkick"],"picked":"Burning Pact","floor":7.0},{"not_picked":["Heavy Blade","Clash"],"picked":"Power Through","floor":8.0},{"not_picked":["Shrug It Off","Corruption","Bloodletting"],"picked":"SKIP","floor":12.0},{"not_picked":["Shrug It Off","Corruption"],"picked":"Bloodletting","floor":12.0},{"not_picked":["Rage","Blood for Blood","Intimidate"],"picked":"SKIP","floor":14.0},{"not_picked":["Dual Wield","Warcry"],"picked":"Body Slam","floor":18.0},{"not_picked":["Cleave","Heavy Blade","Headbutt"],"picked":"SKIP","floor":20.0},{"not_picked":["Demon Form","Body Slam","Twin Strike"],"picked":"SKIP","floor":21.0},{"not_picked":["Perfected Strike","Fire Breathing","Clash+1"],"picked":"SKIP","floor":28.0},{"not_picked":["Burning Pact+1","Perfected Strike","Warcry"],"picked":"True Grit","floor":30.0},{"not_picked":["Double Tap","Barricade","Exhume"],"picked":"Offering","floor":33.0},{"not_picked":["Headbutt","Twin Strike+1","Flex+1","Metallicize"],"picked":"SKIP","floor":35.0},{"not_picked":["Power Through","Whirlwind+1","True Grit","Warcry"],"picked":"SKIP","floor":37.0},{"not_picked":["Anger","Fire Breathing","Intimidate+1"],"picked":"Entrench","floor":39.0},{"not_picked":["Havoc","Perfected Strike+1","Heavy Blade+1","Cleave+1"],"picked":"SKIP","floor":41.0},{"not_picked":["Heavy Blade","Burning Pact","True Grit","Sever Soul"],"picked":"SKIP","floor":45.0},{"not_picked":["Shrug It Off+1","Wild Strike+1","Uppercut"],"picked":"Shockwave","floor":47.0},{"not_picked":["Twin Strike","Uppercut","Fiend Fire"],"picked":"Exhume+1","floor":55.0}],"player_experience":3045498,"relics_obtained":[{"floor":6.0,"key":"Self Forming Clay"},{"floor":7.0,"key":"Odd Mushroom"},{"floor":9.0,"key":"Letter Opener"},{"floor":12.0,"key":"Lantern"},{"floor":26.0,"key":"Sundial"},{"floor":28.0,"key":"Question Card"},{"floor":41.0,"key":"Incense Burner"},{"floor":45.0,"key":"Frozen Egg 2"},{"floor":47.0,"key":"Toxic Egg 2"},{"floor":55.0,"key":"Pantograph"}],"event_choices":[{"damage_healed":0.0,"max_hp_gain":5.0,"max_hp_loss":0.0,"gold_gain":0.0,"event_name":"Big Fish","player_choice":"Donut","floor":2.0,"gold_loss":0.0,"damage_taken":0.0},{"cards_removed":["Strike_R"],"damage_healed":0.0,"max_hp_gain":0.0,"max_hp_loss":0.0,"gold_gain":0.0,"event_name":"The Cleric","player_choice":"Card Removal","floor":4.0,"gold_loss":75.0,"damage_taken":0.0},{"damage_healed":0.0,"max_hp_gain":0.0,"max_hp_loss":0.0,"gold_gain":0.0,"event_name":"Mushrooms","player_choice":"Fought Mushrooms","floor":7.0,"gold_loss":0.0,"damage_taken":0.0},{"damage_healed":0.0,"max_hp_gain":0.0,"max_hp_loss":0.0,"gold_gain":0.0,"event_name":"Addict","player_choice":"Obtained Relic","floor":19.0,"gold_loss":85.0,"damage_taken":0.0,"relics_obtained":["Bird Faced Urn"]},{"damage_healed":0.0,"max_hp_gain":0.0,"max_hp_loss":0.0,"gold_gain":0.0,"event_name":"Lab","player_choice":"Got Potions","floor":22.0,"gold_loss":0.0,"damage_taken":0.0},{"damage_healed":0.0,"max_hp_gain":0.0,"max_hp_loss":0.0,"gold_gain":0.0,"cards_transformed":["Strike_R"],"event_name":"Transmorgrifier","player_choice":"Transformed","floor":38.0,"gold_loss":0.0,"damage_taken":0.0,"cards_obtained":["Second Wind"]},{"damage_healed":66.0,"max_hp_gain":0.0,"max_hp_loss":14.0,"gold_gain":0.0,"event_name":"The Moai Head","player_choice":"Heal","floor":44.0,"gold_loss":0.0,"damage_taken":0.0},{"damage_healed":0.0,"max_hp_gain":0.0,"max_hp_loss":3.0,"gold_gain":0.0,"event_name":"Winding Halls","player_choice":"Max HP","floor":48.0,"gold_loss":0.0,"damage_taken":0.0}],"is_beta":true,"boss_relics":[{"not_picked":["Eternal Feather","Snecko Eye"],"picked":"Mark of Pain"},{"not_picked":["Sozu","Runic Dome"],"picked":"Black Blood"}],"items_purged_floors":[10,36],"is_endless":false,"potions_floor_spawned":[1,6,8,12,14,21,33,37,41,45],"ascension_level":20}