{"gold_per_floor":[115,128,143,160,3,3,31,31,77,77,112,128,147,161,161,161],"floor_reached":16,"playtime":1009,"items_purged":[],"score":114,"play_id":"76818d6b-3103-484a-8746-b67ffe21831f","local_time":"20190809153335","is_ascension_mode":false,"campfire_choices":[{"data":"Stack","floor":6,"key":"SMITH"},{"floor":15,"key":"REST"}],"neow_cost":"NONE","seed_source_timestamp":18601794170058,"circlet_count":0,"master_deck":["Strike_B","Strike_B","Strike_B","Strike_B","Defend_B","Defend_B","Defend_B","Defend_B","Zap","Dualcast","Leap","Tempest","Stack+1","Ball Lightning","Go for the Eyes","Self Repair","Redo","Stack","Conserve Battery","Streamline"],"relics":["Cracked Core","Orichalcum","Cables","Art of War","Dream Catcher"],"potions_floor_usage":[2,4,7,11,13,16],"damage_taken":[{"damage":0,"enemies":"2 Louse","floor":1,"turns":3},{"damage":0,"enemies":"Jaw Worm","floor":2,"turns":2},{"damage":3,"enemies":"Small Slimes","floor":3,"turns":3},{"damage":0,"enemies":"3 Louse","floor":4,"turns":2},{"damage":17,"enemies":"Lagavulin","floor":7,"turns":6},{"damage":22,"enemies":"Gremlin Nob","floor":11,"turns":4},{"damage":7,"enemies":"Blue Slaver","floor":12,"turns":3},{"damage":13,"enemies":"Lots of Slimes","floor":13,"turns":2},{"damage":14,"enemies":"Gremlin Gang","floor":14,"turns":4},{"damage":42,"enemies":"The Guardian","floor":16,"turns":9}],"seed_played":"3701217702764506199","potions_obtained":[{"floor":0,"key":"FocusPotion"},{"floor":0,"key":"Fire Potion"},{"floor":0,"key":"Explosive Potion"},{"floor":4,"key":"Weak Potion"},{"floor":11,"key":"LiquidBronze"},{"floor":13,"key":"Ancient Potion"}],"is_trial":false,"path_per_floor":["M","M","M","M","$","R","E","?","T","?","E","M","M","M","R","B"],"character_chosen":"DEFECT","items_purchased":["Orichalcum"],"campfire_rested":1,"item_purchase_floors":[5],"current_hp_per_floor":[75,75,72,72,72,72,55,60,60,60,38,38,25,18,42,0],"gold":161,"neow_bonus":"THREE_SMALL_POTIONS","is_prod":false,"is_daily":false,"chose_seed":false,"campfire_upgraded":1,"win_rate":0,"timestamp":1565390015,"path_taken":["M","M","M","M","$","R","E","?","T","?","E","M","M","M","R","BOSS"],"build_version":"2019-07-17","purchased_purges":0,"victory":false,"max_hp_per_floor":[75,75,75,75,75,75,75,80,80,80,80,80,80,80,80,80],"card_choices":[{"not_picked":["Gash","Barrage"],"picked":"Leap","floor":1},{"not_picked":["Cold Snap","Stack"],"picked":"Tempest","floor":2},{"not_picked":["Hyperbeam","Loop"],"picked":"Stack","floor":3},{"not_picked":["Gash","Turbo"],"picked":"Ball Lightning","floor":4},{"not_picked":["Hologram","Cold Snap"],"picked":"Go for the Eyes","floor":7},{"not_picked":["Beam Cell","Blizzard"],"picked":"Self Repair","floor":11},{"not_picked":["Cold Snap","Coolheaded"],"picked":"Redo","floor":12},{"not_picked":["FTL","Gash"],"picked":"Stack","floor":13},{"not_picked":["Go for the Eyes","Compile Driver"],"picked":"Conserve Battery","floor":14},{"not_picked":["Fusion","Hologram"],"picked":"Streamline","floor":15}],"player_experience":372793,"relics_obtained":[{"floor":7,"key":"Cables"},{"floor":9,"key":"Art of War"},{"floor":11,"key":"Dream Catcher"}],"event_choices":[{"damage_healed":0,"gold_gain":0,"player_choice":"Donut","damage_taken":0,"max_hp_gain":5,"max_hp_loss":0,"event_name":"Big Fish","floor":8,"gold_loss":0},{"damage_healed":0,"gold_gain":0,"player_choice":"Ignored","damage_taken":0,"max_hp_gain":0,"max_hp_loss":0,"event_name":"Golden Idol","floor":10,"gold_loss":0}],"is_beta":false,"boss_relics":[],"items_purged_floors":[],"is_endless":false,"potions_floor_spawned":[4,11,13],"killed_by":"The Guardian","ascension_level":0}