{"gold_per_floor":[117,127,127,140,140,167,167,186,186,213,225,42,57,57,57,152,152,162,162,5,5,15,15,15,15,15,15],"floor_reached":27,"playtime":2349,"items_purged":[],"score":211,"play_id":"cea680d7-c1f0-4be0-9523-2be1114b9a2c","local_time":"20190103212815","is_ascension_mode":false,"campfire_choices":[{"floor":7.0,"key":"REST"},{"floor":15.0,"key":"REST"},{"data":"Conserve Battery","floor":23,"key":"SMITH"},{"data":"Auto Shields","floor":24,"key":"SMITH"},{"data":"Redo","floor":25,"key":"SMITH"}],"neow_cost":"NONE","seed_source_timestamp":0,"circlet_count":0,"master_deck":["Strike_B","Strike_B","Strike_B","Strike_B","Defend_B","Defend_B","Defend_B","Defend_B","Zap","Dualcast","Conserve Battery+1","Cold Snap","Rebound","Redo+1","Sweeping Beam","Echo Form","Rainbow","Redo","Leap","Core Surge","Genetic Algorithm+1","Enlightenment","Auto Shields+1","Streamline"],"special_seed":0,"relics":["Cracked Core","Ornamental Fan","WingedGreaves","Orichalcum","Eternal Feather","MutagenicStrength","Smiling Mask"],"potions_floor_usage":[18,22,27],"damage_taken":[{"damage":8.0,"enemies":"2 Louse","floor":1.0,"turns":4.0},{"damage":0.0,"enemies":"Small Slimes","floor":2.0,"turns":3.0},{"damage":4.0,"enemies":"Jaw Worm","floor":4.0,"turns":4.0},{"damage":14.0,"enemies":"3 Sentries","floor":6.0,"turns":7.0},{"damage":11.0,"enemies":"3 Louse","floor":8.0,"turns":4.0},{"damage":0.0,"enemies":"Looter","floor":11.0,"turns":3.0},{"damage":0.0,"enemies":"Large Slime","floor":13.0,"turns":5.0},{"damage":34,"enemies":"Hexaghost","floor":16,"turns":8},{"damage":15,"enemies":"2 Thieves","floor":18,"turns":4},{"damage":1,"enemies":"Chosen","floor":22,"turns":5},{"damage":96,"enemies":"Gremlin Leader","floor":27,"turns":10}],"seed_played":"-4554265114389731197","potions_obtained":[{"floor":2.0,"key":"Fire Potion"},{"floor":11.0,"key":"PowerPotion"},{"floor":16,"key":"GamblersBrew"},{"floor":22,"key":"Fire Potion"}],"is_trial":false,"path_per_floor":["M","M","?","M","?","E","R","M","T","T","M","$","M","?","R","B",null,"M","?","$","?","M","R","R","R","T","E"],"character_chosen":"DEFECT","items_purchased":["Rainbow","Redo","Enlightenment","Auto Shields"],"campfire_rested":2,"item_purchase_floors":[12,12,20,20],"current_hp_per_floor":[74,74,71,67,67,53,77,66,66,66,66,66,66,66,82,48,82,67,67,67,67,66,78,82,82,82,0],"gold":15,"neow_bonus":"TEN_PERCENT_HP_BONUS","is_prod":false,"is_daily":false,"chose_seed":false,"campfire_upgraded":3,"win_rate":0.0,"timestamp":1546579695,"path_taken":["M","M","?","M","?","E","R","M","T","?","M","$","M","?","R","BOSS","M","?","$","?","M","R","R","R","T","E"],"build_version":"2019-01-03v3","purchased_purges":0,"victory":false,"max_hp_per_floor":[82,82,82,82,82,82,82,82,82,82,82,82,82,82,82,82,82,82,82,82,82,82,82,82,82,82,82],"card_choices":[{"not_picked":["Stack","Steam"],"picked":"Conserve Battery","floor":1.0},{"not_picked":["Coolheaded","Barrage"],"picked":"Cold Snap","floor":2.0},{"not_picked":["Hologram","Gash"],"picked":"Rebound","floor":4.0},{"not_picked":["Fusion","White Noise"],"picked":"Redo","floor":6.0},{"not_picked":["Blizzard","Redo"],"picked":"Sweeping Beam","floor":8.0},{"not_picked":["Go for the Eyes","Conserve Battery"],"picked":"Echo Form","floor":11.0},{"not_picked":["Barrage","Sweeping Beam"],"picked":"Leap","floor":13.0},{"not_picked":["Creative AI","Fission"],"picked":"Core Surge","floor":16},{"not_picked":["Steam","Recycle"],"picked":"Genetic Algorithm+1","floor":18},{"not_picked":["White Noise","Turbo+1"],"picked":"Streamline","floor":22}],"player_experience":91837,"relics_obtained":[{"floor":6.0,"key":"Ornamental Fan"},{"floor":9.0,"key":"WingedGreaves"},{"floor":10.0,"key":"Orichalcum"},{"floor":26,"key":"Smiling Mask"}],"event_choices":[{"damage_healed":0.0,"max_hp_gain":0.0,"max_hp_loss":0.0,"gold_gain":0.0,"event_name":"Scrap Ooze","player_choice":"Fled","floor":3.0,"gold_loss":0.0,"damage_taken":3.0},{"damage_healed":0.0,"max_hp_gain":0.0,"max_hp_loss":0.0,"gold_gain":0.0,"event_name":"Liars Game","player_choice":"Ignored","floor":5.0,"gold_loss":0.0,"damage_taken":0.0},{"damage_healed":0.0,"max_hp_gain":0.0,"max_hp_loss":0.0,"gold_gain":0.0,"event_name":"Golden Idol","player_choice":"Ignored","floor":14.0,"gold_loss":0.0,"damage_taken":0.0},{"damage_healed":0,"gold_gain":0,"player_choice":"Inject Mutagens","damage_taken":0,"relics_obtained":["MutagenicStrength"],"max_hp_gain":0,"max_hp_loss":0,"event_name":"Drug Dealer","floor":21,"gold_loss":0}],"is_beta":false,"boss_relics":[{"not_picked":["Busted Crown","Runic Pyramid"],"picked":"Eternal Feather"}],"items_purged_floors":[],"is_endless":false,"potions_floor_spawned":[2,11,16,22],"killed_by":"Gremlin Leader","ascension_level":0}