{"gold_per_floor":[114,68,18,33,44,44,58,58,88,107,124,143,44,59,59,157,157,172,186,41,140,160,160,177,188,215,215,240,266,278,306,318,330],"floor_reached":33,"playtime":3370,"items_purged":[],"score":270,"play_id":"42db3b3f-73be-4dc2-a3f6-26d0efc7bb5f","local_time":"20190917085149","is_ascension_mode":false,"campfire_choices":[{"data":"Defend_B","floor":6,"key":"SMITH"},{"data":"Loop","floor":8,"key":"SMITH"},{"floor":15,"key":"REST"},{"floor":23,"key":"REST"},{"floor":27,"key":"REST"},{"floor":32,"key":"REST"}],"neow_cost":"NONE","seed_source_timestamp":202445119711176,"circlet_count":0,"master_deck":["Strike_B","Strike_B","Strike_B","Defend_B","Defend_B","Defend_B","Defend_B+1","Zap+1","Dualcast","Loop+1","Go for the Eyes","Cold Snap","Auto Shields","Ball Lightning","Go for the Eyes","Creative AI","Leap","Ball Lightning","Aggregate","Thunder Strike","CurseOfTheBell","Storm+1","Self Repair","Melter+1","Chill+1","Stack+1","Conserve Battery","Chill","Conserve Battery+1","Hologram+1","Coolheaded","Barrage+1","Defragment","Leap","Coolheaded","Barrage"],"relics":["Cracked Core","Tiny Chest","Calling Bell","MealTicket","Ornamental Fan","Prayer Wheel","Dream Catcher","Boot","MawBank"],"potions_floor_usage":[16,16,19,22,24,24,29],"damage_taken":[{"damage":0,"enemies":"Small Slimes","floor":1,"turns":3},{"damage":0,"enemies":"2 Louse","floor":4,"turns":3},{"damage":1,"enemies":"Jaw Worm","floor":5,"turns":3},{"damage":14,"enemies":"Exordium Wildlife","floor":7,"turns":3},{"damage":3,"enemies":"Gremlin Gang","floor":10,"turns":5},{"damage":0,"enemies":"2 Fungi Beasts","floor":11,"turns":3},{"damage":2,"enemies":"3 Louse","floor":12,"turns":3},{"damage":0,"enemies":"Blue Slaver","floor":14,"turns":4},{"damage":4,"enemies":"Slime Boss","floor":16,"turns":9},{"damage":8,"enemies":"Chosen","floor":18,"turns":5},{"damage":28,"enemies":"3 Byrds","floor":19,"turns":7},{"damage":47,"enemies":"Centurion and Healer","floor":22,"turns":7},{"damage":35,"enemies":"Cultist and Chosen","floor":24,"turns":8},{"damage":1,"enemies":"Sentry and Sphere","floor":25,"turns":4},{"damage":15,"enemies":"Centurion and Healer","floor":29,"turns":22},{"damage":8,"enemies":"Snake Plant","floor":31,"turns":5},{"damage":45,"enemies":"Champ","floor":33,"turns":10}],"seed_played":"-3115944704466711629","potions_obtained":[{"floor":1,"key":"PowerPotion"},{"floor":5,"key":"Poison Potion"},{"floor":12,"key":"PowerPotion"},{"floor":16,"key":"Energy Potion"},{"floor":18,"key":"GamblersBrew"},{"floor":19,"key":"Explosive Potion"},{"floor":22,"key":"Poison Potion"}],"is_trial":false,"path_per_floor":["M","?","?","M","M","R","M","R","T","M","M","M","$","M","R","B",null,"M","M","$","?","M","R","M","M","T","R","T","M","?","M","R","B"],"character_chosen":"DEFECT","items_purchased":["Leap","Ball Lightning","Dream Catcher"],"campfire_rested":4,"item_purchase_floors":[13,13,20],"current_hp_per_floor":[75,75,75,75,74,74,60,60,60,57,57,55,55,55,75,71,75,67,39,54,54,14,36,8,7,7,29,29,21,21,20,42,0],"gold":330,"neow_bonus":"UPGRADE_CARD","is_prod":false,"is_daily":false,"chose_seed":false,"campfire_upgraded":2,"win_rate":0,"timestamp":1568735509,"path_taken":["M","?","?","M","M","R","M","R","T","M","M","M","$","M","R","BOSS","M","M","$","?","M","R","M","M","T","R","?","?","?","M","R","BOSS"],"build_version":"2019-09-16v2","purchased_purges":0,"victory":false,"max_hp_per_floor":[75,75,75,75,75,75,75,75,75,75,75,75,75,75,75,75,75,75,75,75,75,75,75,75,75,75,75,75,75,75,75,75,75],"card_choices":[{"not_picked":["Rebound","Sunder"],"picked":"Loop","floor":1},{"not_picked":["Beam Cell","Compile Driver"],"picked":"Go for the Eyes","floor":4},{"not_picked":["All For One","Ball Lightning"],"picked":"Cold Snap","floor":5},{"not_picked":["Go for the Eyes","Hologram"],"picked":"Auto Shields","floor":7},{"not_picked":["Beam Cell","Rip and Tear"],"picked":"Ball Lightning","floor":10},{"not_picked":["Beam Cell","Steam Power"],"picked":"Go for the Eyes","floor":11},{"not_picked":["Rip and Tear","Rebound"],"picked":"Creative AI","floor":12},{"not_picked":["Turbo","Go for the Eyes"],"picked":"Aggregate","floor":14},{"not_picked":["All For One","Creative AI"],"picked":"Thunder Strike","floor":16},{"not_picked":["Streamline+1","Turbo"],"picked":"Storm+1","floor":18},{"not_picked":["Lockon","Steam","Streamline"],"picked":"SKIP","floor":18},{"not_picked":["Compile Driver","Coolheaded+1"],"picked":"Self Repair","floor":19},{"not_picked":["Rebound","Compile Driver"],"picked":"Melter+1","floor":19},{"not_picked":["Gash","Blizzard+1"],"picked":"Chill+1","floor":22},{"not_picked":["Chaos","Creative AI"],"picked":"Stack+1","floor":22},{"not_picked":["Chaos","Beam Cell"],"picked":"Conserve Battery","floor":23},{"not_picked":["Leap+1","Sweeping Beam"],"picked":"Chill","floor":24},{"not_picked":["Compile Driver","Darkness"],"picked":"Conserve Battery+1","floor":24},{"not_picked":["Redo","Lockon"],"picked":"Hologram+1","floor":25},{"not_picked":["FTL","Turbo","Gash+1"],"picked":"SKIP","floor":25},{"not_picked":["Beam Cell","Turbo"],"picked":"Coolheaded","floor":27},{"not_picked":["Tempest","Darkness"],"picked":"Barrage+1","floor":29},{"not_picked":["Go for the Eyes","Barrage"],"picked":"Defragment","floor":29},{"not_picked":["Hello World","Sunder"],"picked":"Leap","floor":31},{"not_picked":["Redo","Reprogram"],"picked":"Coolheaded","floor":31},{"not_picked":["Self Repair","Rainbow"],"picked":"Barrage","floor":32}],"player_experience":49460,"relics_obtained":[{"floor":9,"key":"Tiny Chest"},{"floor":17,"key":"MealTicket"},{"floor":17,"key":"Ornamental Fan"},{"floor":17,"key":"Prayer Wheel"},{"floor":26,"key":"Boot"},{"floor":28,"key":"MawBank"}],"event_choices":[{"damage_healed":0,"gold_gain":0,"player_choice":"Left Gold","damage_taken":0,"max_hp_gain":0,"max_hp_loss":0,"event_name":"World of Goop","floor":2,"gold_loss":46},{"cards_removed":["Strike_B"],"damage_healed":0,"gold_gain":0,"player_choice":"Card Removal","damage_taken":0,"max_hp_gain":0,"max_hp_loss":0,"event_name":"The Cleric","floor":3,"gold_loss":50},{"damage_healed":0,"gold_gain":99,"player_choice":"Stole From Cult","damage_taken":0,"max_hp_gain":0,"max_hp_loss":0,"event_name":"Nest","floor":21,"gold_loss":0},{"damage_healed":0,"gold_gain":0,"player_choice":"Ignored","damage_taken":0,"max_hp_gain":0,"max_hp_loss":0,"event_name":"Vampires","floor":30,"gold_loss":0}],"is_beta":true,"boss_relics":[{"not_picked":["Astrolabe","Ectoplasm"],"picked":"Calling Bell"}],"items_purged_floors":[],"is_endless":false,"potions_floor_spawned":[1,5,12,16,18,19,22],"killed_by":"Champ","ascension_level":0}