{"gold_per_floor":[117,117,192,212,212,238,238,253,279,279,279,2,46,11,11,107,107,27],"floor_reached":18,"playtime":368,"items_purged":["Strike_G"],"score":382,"play_id":"b2348357-4e06-43c1-99b4-320fe215bea7","local_time":"20190818035324","is_ascension_mode":true,"campfire_choices":[{"data":"A Thousand Cuts","floor":7.0,"key":"SMITH"},{"data":"Cloak And Dagger","floor":15.0,"key":"SMITH"}],"neow_cost":"NONE","seed_source_timestamp":260734751212711,"circlet_count":0,"master_deck":["AscendersBane","Strike_G","Strike_G","Strike_G","Strike_G","Defend_G","Defend_G+1","Defend_G","Defend_G+1","Defend_G","Survivor","Neutralize","Tactician","A Thousand Cuts+1","Backflip","Prepared","Cloak And Dagger+1","Burst"],"special_seed":0,"relics":["Ring of the Snake","NeowsBlessing","War Paint","Juzu Bracelet","Pen Nib","Golden Idol","Gremlin Horn","Bag of Preparation","Lantern","Black Star"],"potions_floor_usage":[18],"damage_taken":[{"damage":0.0,"enemies":"Cultist","floor":1.0,"turns":1.0},{"damage":0.0,"enemies":"Small Slimes","floor":4.0,"turns":1.0},{"damage":0.0,"enemies":"Gremlin Nob","floor":6.0,"turns":1.0},{"damage":0.0,"enemies":"2 Louse","floor":8.0,"turns":6.0},{"damage":12.0,"enemies":"3 Sentries","floor":13.0,"turns":7.0},{"damage":35.0,"enemies":"Slime Boss","floor":16.0,"turns":8.0},{"damage":11,"enemies":"2 Thieves","floor":18,"turns":4}],"seed_played":"-8526340191352732011","potions_obtained":[{"floor":1.0,"key":"Regen Potion"},{"floor":6.0,"key":"Block Potion"},{"floor":13.0,"key":"SteroidPotion"},{"floor":16.0,"key":"SneckoOil"}],"is_trial":false,"path_per_floor":["M","?","?","M","?","E","R","M","T","?","T","$","E","?","R","B",null,"M"],"character_chosen":"THE_SILENT","items_purchased":["Bag of Preparation","Prepared"],"campfire_rested":0,"item_purchase_floors":[12,12],"current_hp_per_floor":[59,59,48,48,22,22,22,37,37,37,37,37,25,40,40,5,46,35],"gold":27,"neow_bonus":"THREE_ENEMY_KILL","is_prod":false,"is_daily":false,"chose_seed":false,"campfire_upgraded":2,"win_rate":0,"timestamp":1566068004,"path_taken":["M","?","?","M","?","E","R","M","T","?","?","$","E","?","R","BOSS","M"],"build_version":"2019-07-17","purchased_purges":1,"victory":false,"max_hp_per_floor":[66,66,66,66,66,66,66,66,66,60,60,60,60,60,60,60,60,60],"card_choices":[{"not_picked":["Riddle With Holes","Outmaneuver"],"picked":"Tactician","floor":1.0},{"not_picked":["Bane","Tactician","Outmaneuver"],"picked":"SKIP","floor":4.0},{"not_picked":["Deadly Poison","Concentrate"],"picked":"A Thousand Cuts","floor":6.0},{"not_picked":["PiercingWail","Bane"],"picked":"Backflip","floor":8.0},{"not_picked":["Noxious Fumes","Dagger Spray"],"picked":"Cloak And Dagger","floor":13.0},{"not_picked":["Malaise","A Thousand Cuts"],"picked":"Burst","floor":16.0}],"player_experience":919904,"relics_obtained":[{"floor":6.0,"key":"Juzu Bracelet"},{"floor":9.0,"key":"Pen Nib"},{"floor":11.0,"key":"Gremlin Horn"},{"floor":13.0,"key":"Lantern"}],"event_choices":[{"damage_healed":0.0,"max_hp_gain":0.0,"max_hp_loss":0.0,"gold_gain":0.0,"event_name":"Liars Game","player_choice":"Ignored","floor":2.0,"gold_loss":0.0,"damage_taken":0.0},{"damage_healed":0.0,"max_hp_gain":0.0,"max_hp_loss":0.0,"gold_gain":75.0,"event_name":"World of Goop","player_choice":"Gather Gold","floor":3.0,"gold_loss":0.0,"damage_taken":11.0},{"damage_healed":0.0,"max_hp_gain":0.0,"max_hp_loss":0.0,"gold_gain":0.0,"event_name":"Scrap Ooze","player_choice":"Success","floor":5.0,"gold_loss":0.0,"damage_taken":26.0,"relics_obtained":["War Paint"]},{"damage_healed":0.0,"max_hp_gain":0.0,"max_hp_loss":6.0,"gold_gain":0.0,"event_name":"Golden Idol","player_choice":"Lose Max HP","floor":10.0,"gold_loss":0.0,"damage_taken":0.0,"relics_obtained":["Golden Idol"]},{"damage_healed":15.0,"max_hp_gain":0.0,"max_hp_loss":0.0,"gold_gain":0.0,"event_name":"The Cleric","player_choice":"Healed","floor":14.0,"gold_loss":35.0,"damage_taken":0.0}],"is_beta":false,"boss_relics":[{"not_picked":["Ring of the Serpent","Snecko Eye"],"picked":"Black Star"}],"items_purged_floors":[12],"is_endless":false,"potions_floor_spawned":[1,6,13,16],"killed_by":"2 Thieves","ascension_level":20}