{"gold_per_floor":[118,118,193,193,29,29,29,59,59,86,105,136,150,150,150,225,225,236,260,260],"floor_reached":20,"playtime":835,"items_purged":["Strike_R"],"score":480,"play_id":"dde1b27b-c4ce-4bbe-b484-780488593136","local_time":"20190907125948","is_ascension_mode":true,"campfire_choices":[{"data":"Shrug It Off","floor":6,"key":"SMITH"},{"data":"True Grit","floor":15,"key":"SMITH"}],"neow_cost":"NONE","seed_source_timestamp":1988133683322200,"circlet_count":0,"master_deck":["AscendersBane","Strike_R","Strike_R","Strike_R","Defend_R","Defend_R","Defend_R","Defend_R","Bash","Shrug It Off+1","Feel No Pain","Second Wind","True Grit+1","Clash"],"relics":["Burning Blood","NeowsBlessing","Darkstone Periapt","Sundial","Peace Pipe","Omamori","SsserpentHead","Runic Cube"],"potions_floor_usage":[13,16,20],"damage_taken":[{"damage":0,"enemies":"2 Louse","floor":1,"turns":1},{"damage":0,"enemies":"Lagavulin","floor":8,"turns":2},{"damage":0,"enemies":"Gremlin Nob","floor":10,"turns":1},{"damage":8,"enemies":"Small Slimes","floor":11,"turns":7},{"damage":17,"enemies":"3 Sentries","floor":12,"turns":16},{"damage":0,"enemies":"Cultist","floor":13,"turns":4},{"damage":58,"enemies":"Hexaghost","floor":16,"turns":16},{"damage":29,"enemies":"Shell Parasite","floor":18,"turns":9},{"damage":6,"enemies":"2 Thieves","floor":19,"turns":5},{"damage":31,"enemies":"Cultist and Chosen","floor":20,"turns":7}],"seed_played":"4921109284187548541","potions_obtained":[{"floor":8,"key":"FairyPotion"},{"floor":12,"key":"Fire Potion"},{"floor":13,"key":"Fruit Juice"},{"floor":18,"key":"GamblersBrew"},{"floor":19,"key":"Regen Potion"}],"is_trial":false,"path_per_floor":["M","?","?","?","$","R","?","E","T","E","M","E","M","?","R","B",null,"M","M","M"],"character_chosen":"IRONCLAD","items_purchased":["Feel No Pain"],"campfire_rested":0,"item_purchase_floors":[5],"current_hp_per_floor":[74,79,68,61,61,61,56,62,62,68,66,55,66,66,66,14,67,44,44,28],"gold":260,"neow_bonus":"THREE_ENEMY_KILL","is_prod":false,"is_daily":false,"chose_seed":false,"campfire_upgraded":2,"win_rate":0,"timestamp":1567832388,"path_taken":["M","?","?","?","$","R","?","E","T","E","M","E","M","?","R","BOSS","M","?","M"],"build_version":"2019-08-26","purchased_purges":1,"victory":false,"max_hp_per_floor":[75,80,80,80,80,80,80,80,80,80,80,80,85,85,85,85,85,85,85,85],"card_choices":[{"not_picked":["Havoc","Sword Boomerang"],"picked":"Shrug It Off","floor":1},{"not_picked":["Wild Strike","Hemokinesis"],"picked":"Second Wind","floor":8},{"not_picked":["Reaper","Seeing Red"],"picked":"True Grit","floor":10},{"not_picked":["Sentinel","Clothesline","Twin Strike"],"picked":"SKIP","floor":11},{"not_picked":["Heavy Blade","Infernal Blade","Havoc"],"picked":"SKIP","floor":12},{"not_picked":["Pummel","Dropkick"],"picked":"Clash","floor":13},{"not_picked":["Reckless Charge","Warcry","Flame Barrier"],"picked":"SKIP","floor":18},{"not_picked":["Iron Wave+1","Clash","Spot Weakness"],"picked":"SKIP","floor":19}],"player_experience":3192839,"relics_obtained":[{"floor":8,"key":"Sundial"},{"floor":10,"key":"Peace Pipe"},{"floor":12,"key":"Omamori"}],"event_choices":[{"damage_healed":0,"gold_gain":0,"player_choice":"Donut","damage_taken":0,"max_hp_gain":5,"max_hp_loss":0,"event_name":"Big Fish","floor":2,"gold_loss":0},{"damage_healed":0,"gold_gain":75,"player_choice":"Gather Gold","damage_taken":11,"max_hp_gain":0,"max_hp_loss":0,"event_name":"World of Goop","floor":3,"gold_loss":0},{"cards_removed":["Strike_R"],"damage_healed":0,"gold_gain":0,"player_choice":"Card Removal","damage_taken":7,"max_hp_gain":0,"max_hp_loss":0,"event_name":"Golden Wing","floor":4,"gold_loss":0},{"damage_healed":0,"gold_gain":0,"player_choice":"Success","damage_taken":5,"relics_obtained":["Darkstone Periapt"],"max_hp_gain":0,"max_hp_loss":0,"event_name":"Scrap Ooze","floor":7,"gold_loss":0},{"damage_healed":0,"gold_gain":0,"player_choice":"Trade","damage_taken":0,"relics_obtained":["SsserpentHead"],"max_hp_gain":0,"max_hp_loss":0,"event_name":"FaceTrader","floor":14,"gold_loss":0}],"is_beta":true,"boss_relics":[{"not_picked":["Velvet Choker","Philosopher\u0027s Stone"],"picked":"Runic Cube"}],"items_purged_floors":[5],"is_endless":false,"potions_floor_spawned":[8,12,13,18,19],"killed_by":"Cultist and Chosen","ascension_level":20}