{"gold_per_floor":[111,111,111,121,121,149,159,172,172,203,86,100,100,118,118,192,192,210,210,56,70,81,110,110,129,129,129],"floor_reached":27,"playtime":932,"items_purged":["Strike_G","Strike_G"],"score":540,"play_id":"66c03616-4824-44a9-90a9-5238efbcf602","local_time":"20190822160902","is_ascension_mode":true,"campfire_choices":[{"data":"Calculated Gamble","floor":13.0,"key":"SMITH"},{"data":"Night Terror","floor":15.0,"key":"SMITH"},{"data":"Flechettes","floor":24.0,"key":"SMITH"}],"neow_cost":"NONE","seed_source_timestamp":62751390709385,"circlet_count":0,"master_deck":["AscendersBane","Strike_G","Strike_G","Strike_G","Defend_G","Defend_G","Defend_G","Defend_G","Defend_G","Survivor+1","Neutralize+1","Skewer+1","Night Terror+1","Flechettes+1","Terror","Calculated Gamble+1","Adrenaline","Backflip","Expertise"],"special_seed":0,"relics":["Ring of the Snake","NeowsBlessing","Happy Flower","Ancient Tea Set","Meat on the Bone","Lizard Tail","Bag of Marbles","Boot","Molten Egg 2"],"potions_floor_usage":[],"damage_taken":[{"damage":0.0,"enemies":"Small Slimes","floor":1.0,"turns":1.0},{"damage":0.0,"enemies":"Cultist","floor":4.0,"turns":1.0},{"damage":0.0,"enemies":"Gremlin Nob","floor":6.0,"turns":1.0},{"damage":0.0,"enemies":"2 Louse","floor":7.0,"turns":2.0},{"damage":10.0,"enemies":"Red Slaver","floor":8.0,"turns":5.0},{"damage":25.0,"enemies":"3 Sentries","floor":10.0,"turns":6.0},{"damage":3.0,"enemies":"Exordium Wildlife","floor":12.0,"turns":3.0},{"damage":0.0,"enemies":"Exordium Thugs","floor":14.0,"turns":4.0},{"damage":15.0,"enemies":"The Guardian","floor":16.0,"turns":10.0},{"damage":27.0,"enemies":"2 Thieves","floor":18.0,"turns":5.0},{"damage":18.0,"enemies":"Spheric Guardian","floor":21.0,"turns":10.0},{"damage":2.0,"enemies":"Centurion and Healer","floor":22.0,"turns":5.0},{"damage":34.0,"enemies":"Gremlin Leader","floor":23.0,"turns":6.0},{"damage":21.0,"enemies":"Sentry and Sphere","floor":25.0,"turns":14.0},{"damage":32,"enemies":"Book of Stabbing","floor":27,"turns":6}],"seed_played":"4035267916042077298","potions_obtained":[{"floor":1.0,"key":"Explosive Potion"},{"floor":8.0,"key":"PowerPotion"},{"floor":10.0,"key":"Ancient Potion"},{"floor":21.0,"key":"SteroidPotion"},{"floor":23.0,"key":"Swift Potion"},{"floor":25.0,"key":"Ancient Potion"}],"is_trial":false,"path_per_floor":["M","?","?","M","?","E","M","M","T","E","$","M","R","M","R","B",null,"M","?","$","M","M","E","R","M","T","E"],"character_chosen":"THE_SILENT","items_purchased":["Terror","Backflip"],"campfire_rested":0,"item_purchase_floors":[11,20],"current_hp_per_floor":[59,39,39,39,66,66,66,56,56,31,31,40,40,40,40,37,59,44,44,44,38,36,14,14,39,39,7],"gold":129,"neow_bonus":"THREE_ENEMY_KILL","is_prod":false,"is_daily":false,"chose_seed":false,"campfire_upgraded":3,"win_rate":0,"timestamp":1566457742,"path_taken":["M","?","?","?","?","E","M","M","T","E","$","M","R","?","R","BOSS","M","?","$","M","M","E","R","M","T","E"],"build_version":"2019-07-17","purchased_purges":2,"victory":false,"max_hp_per_floor":[66,66,66,66,66,66,66,66,66,66,66,66,66,66,66,66,66,66,66,66,66,66,66,66,66,66,66],"card_choices":[{"not_picked":["Dash","Flying Knee"],"picked":"Skewer","floor":1.0},{"not_picked":["Dagger Spray","Bane","Flying Knee"],"picked":"SKIP","floor":4.0},{"not_picked":["Masterful Stab","Quick Slash"],"picked":"Night Terror","floor":6.0},{"not_picked":["Sucker Punch","Poisoned Stab"],"picked":"Flechettes","floor":7.0},{"not_picked":["Underhanded Strike","Cloak And Dagger","Riddle With Holes"],"picked":"SKIP","floor":8.0},{"not_picked":["Bane","Dodge and Roll","Dagger Spray"],"picked":"SKIP","floor":10.0},{"not_picked":["After Image","Flying Knee"],"picked":"Calculated Gamble","floor":12.0},{"not_picked":["Masterful Stab","Quick Slash"],"picked":"Eviscerate","floor":14.0},{"not_picked":["Glass Knife","Unload"],"picked":"Adrenaline","floor":16.0},{"not_picked":["Poisoned Stab","Riddle With Holes","Accuracy"],"picked":"SKIP","floor":18.0},{"not_picked":["Dagger Spray","Poisoned Stab","Quick Slash"],"picked":"SKIP","floor":21.0},{"not_picked":["Accuracy","Backflip","Bane"],"picked":"SKIP","floor":22.0},{"not_picked":["Setup","Choke","Outmaneuver+1"],"picked":"SKIP","floor":23.0},{"not_picked":["Quick Slash","Backstab"],"picked":"Expertise","floor":25.0}],"player_experience":968873,"relics_obtained":[{"floor":6.0,"key":"Happy Flower"},{"floor":9.0,"key":"Ancient Tea Set"},{"floor":10.0,"key":"Meat on the Bone"},{"floor":23.0,"key":"Boot"},{"floor":26.0,"key":"Molten Egg 2"}],"event_choices":[{"damage_healed":0.0,"max_hp_gain":0.0,"max_hp_loss":0.0,"gold_gain":0.0,"event_name":"Shining Light","player_choice":"Entered Light","floor":2.0,"gold_loss":0.0,"damage_taken":20.0,"cards_upgraded":["Neutralize","Skewer"]},{"damage_healed":0.0,"max_hp_gain":0.0,"max_hp_loss":0.0,"gold_gain":0.0,"event_name":"Upgrade Shrine","player_choice":"Upgraded","floor":3.0,"gold_loss":0.0,"damage_taken":0.0,"cards_upgraded":["Survivor"]},{"damage_healed":27.0,"max_hp_gain":0.0,"max_hp_loss":0.0,"gold_gain":0.0,"event_name":"Wheel of Change","player_choice":"Full Heal","floor":5.0,"gold_loss":0.0,"damage_taken":0.0},{"cards_removed":["Eviscerate"],"damage_healed":0.0,"max_hp_gain":0.0,"max_hp_loss":0.0,"gold_gain":0.0,"event_name":"WeMeetAgain","player_choice":"Gave Card","floor":19.0,"gold_loss":0.0,"damage_taken":0.0,"relics_obtained":["Bag of Marbles"]}],"is_beta":false,"boss_relics":[{"not_picked":["Eternal Feather","Busted Crown"],"picked":"Lizard Tail"}],"items_purged_floors":[11,20],"is_endless":false,"potions_floor_spawned":[1,8,10,12,14,16,21,23,25],"killed_by":"Book of Stabbing","ascension_level":20}