{"gold_per_floor":[217,233,308,102,120,155,167,5,29,44,44,63,63,78,78,78],"floor_reached":16,"playtime":572,"items_purged":["Defend_B"],"score":203,"play_id":"5681360e-62ea-4f78-bc35-bbebf459d42f","local_time":"20190209043906","is_ascension_mode":true,"campfire_choices":[{"floor":11,"key":"REST"},{"data":"The Bomb","floor":15,"key":"SMITH"}],"neow_cost":"NONE","seed_source_timestamp":249612203437071,"circlet_count":0,"master_deck":["AscendersBane","Strike_B","Strike_B","Strike_B","Strike_B","Defend_B","Defend_B","Defend_B","Zap","Dualcast","Sweeping Beam","The Bomb+1","Leap","Loop","Go for the Eyes","Capacitor","Steam Power","Conserve Battery"],"special_seed":0,"relics":["Cracked Core","Pen Nib","Oddly Smooth Stone"],"potions_floor_usage":[12,12,14],"damage_taken":[{"damage":4.0,"enemies":"Small Slimes","floor":1.0,"turns":3.0},{"damage":3.0,"enemies":"2 Louse","floor":2.0,"turns":2.0},{"damage":1.0,"enemies":"Cultist","floor":5.0,"turns":3.0},{"damage":34.0,"enemies":"Gremlin Nob","floor":6.0,"turns":4.0},{"damage":6.0,"enemies":"Blue Slaver","floor":7.0,"turns":4.0},{"damage":0,"enemies":"Large Slime","floor":10,"turns":4},{"damage":18,"enemies":"Exordium Wildlife","floor":12,"turns":5},{"damage":0,"enemies":"Lots of Slimes","floor":14,"turns":4},{"damage":10,"enemies":"Hexaghost","floor":16,"turns":7}],"seed_played":"126428195240986958","potions_obtained":[{"floor":2.0,"key":"SpeedPotion"},{"floor":7.0,"key":"EssenceOfSteel"},{"floor":10,"key":"Dexterity Potion"},{"floor":12,"key":"SpeedPotion"}],"is_trial":false,"path_per_floor":["M","M","?","$","M","E","M","$","T","M","R","M","?","M","R","B"],"character_chosen":"DEFECT","items_purchased":["The Bomb","Capacitor"],"campfire_rested":1,"item_purchase_floors":[4,8],"current_hp_per_floor":[60,57,46,46,45,11,5,5,5,5,26,8,8,8,8,0],"gold":78,"neow_bonus":"HUNDRED_GOLD","is_prod":false,"is_daily":false,"chose_seed":false,"campfire_upgraded":1,"win_rate":0,"timestamp":1549683546,"path_taken":["M","M","?","$","M","E","M","$","T","M","R","M","?","M","R","BOSS"],"build_version":"2019-01-17v2","purchased_purges":1,"victory":false,"max_hp_per_floor":[71,71,71,71,71,71,71,71,71,71,71,71,71,71,71,71],"card_choices":[{"not_picked":["Coolheaded","White Noise"],"picked":"Sweeping Beam","floor":1.0},{"not_picked":["Redo","Steam","Chill"],"picked":"SKIP","floor":2.0},{"not_picked":["Skim","Steam"],"picked":"Leap","floor":5.0},{"not_picked":["Leap","Rebound"],"picked":"Loop","floor":6.0},{"not_picked":["Sweeping Beam","Melter"],"picked":"Go for the Eyes","floor":7.0},{"not_picked":["Redo","Blizzard"],"picked":"Steam Power","floor":10},{"not_picked":["Cold Snap","Gash"],"picked":"Conserve Battery","floor":12},{"not_picked":["Sweeping Beam","Stack","Gash"],"picked":"SKIP","floor":14}],"player_experience":1279424,"relics_obtained":[{"floor":6.0,"key":"Pen Nib"},{"floor":9.0,"key":"Oddly Smooth Stone"}],"event_choices":[{"damage_healed":0.0,"max_hp_gain":0.0,"max_hp_loss":0.0,"gold_gain":75.0,"event_name":"World of Goop","player_choice":"Gather Gold","floor":3.0,"gold_loss":0.0,"damage_taken":11.0},{"damage_healed":0,"gold_gain":0,"player_choice":"Ignored","damage_taken":0,"max_hp_gain":0,"max_hp_loss":0,"event_name":"Shining Light","floor":13,"gold_loss":0}],"is_beta":false,"boss_relics":[],"items_purged_floors":[8],"is_endless":false,"potions_floor_spawned":[2,7,10,12],"killed_by":"Hexaghost","ascension_level":19}