{"gold_per_floor":[118,131,131,148,148,182,5,5,54,85,97,134,180,220,232,318,330,357,294,320,57,57,84,84,84,111,2,34,34,64,81,81,175,175,190,190,206,81,81,81,114,114,114,114,140,140,140,140,140,140,140,140,140,140,169,169],"floor_reached":58,"playtime":2175,"items_purged":["Strike_G","Strike_G","Strike_G"],"score":3450,"play_id":"1d400a6b-9f8f-48f3-aac8-a387dadedfe5","local_time":"20190813144155","is_ascension_mode":true,"campfire_choices":[{"data":"Deep Breath","floor":8.0,"key":"SMITH"},{"floor":11.0,"key":"REST"},{"data":"Flechettes","floor":15.0,"key":"SMITH"},{"data":"Tactician","floor":24.0,"key":"SMITH"},{"data":"Acrobatics","floor":32.0,"key":"SMITH"},{"data":"Calculated Gamble","floor":41.0,"key":"SMITH"},{"data":"Reflex","floor":43.0,"key":"SMITH"},{"data":"Impatience","floor":45.0,"key":"SMITH"},{"floor":50.0,"key":"RECALL"},{"floor":54.0,"key":"REST"}],"neow_cost":"PERCENT_DAMAGE","seed_source_timestamp":610973097125834,"circlet_count":0,"master_deck":["AscendersBane","Defend_G+1","Defend_G+1","Defend_G+1","Defend_G+1","Defend_G+1","Survivor+1","Jack Of All Trades+1","Deep Breath+1","Flechettes+1","PiercingWail+1","Purity+1","Acrobatics+1","Reflex+1","Night Terror+1","Tactician+1","Impatience+1","After Image+1","Calculated Gamble+1","AscendersBane"],"special_seed":0,"relics":["Ring of the Snake","Happy Flower","MawBank","Ancient Tea Set","Dodecahedron","Runic Pyramid","MutagenicStrength","PreservedInsect","Juzu Bracelet","Orichalcum","Regal Pillow","Philosopher\u0027s Stone","Art of War","Mango","Mark of the Bloom","Boot"],"potions_floor_usage":[57,57],"damage_taken":[{"damage":0.0,"enemies":"2 Louse","floor":1.0,"turns":4.0},{"damage":2.0,"enemies":"Jaw Worm","floor":2.0,"turns":7.0},{"damage":1.0,"enemies":"Cultist","floor":4.0,"turns":3.0},{"damage":11.0,"enemies":"Gremlin Nob","floor":6.0,"turns":4.0},{"damage":1.0,"enemies":"Looter","floor":10.0,"turns":5.0},{"damage":0.0,"enemies":"Large Slime","floor":13.0,"turns":6.0},{"damage":20.0,"enemies":"3 Sentries","floor":14.0,"turns":17.0},{"damage":0.0,"enemies":"The Guardian","floor":16.0,"turns":10.0},{"damage":0.0,"enemies":"Chosen","floor":18.0,"turns":3.0},{"damage":10.0,"enemies":"Spheric Guardian","floor":20.0,"turns":5.0},{"damage":0.0,"enemies":"Gremlin Leader","floor":23.0,"turns":5.0},{"damage":0.0,"enemies":"Book of Stabbing","floor":28.0,"turns":4.0},{"damage":0.0,"enemies":"Slavers","floor":30.0,"turns":4.0},{"damage":0.0,"enemies":"Snake Plant","floor":31.0,"turns":2.0},{"damage":0.0,"enemies":"Automaton","floor":33.0,"turns":6.0},{"damage":0.0,"enemies":"Orb Walker","floor":36.0,"turns":3.0},{"damage":0.0,"enemies":"3 Shapes","floor":38.0,"turns":4.0},{"damage":0.0,"enemies":"Reptomancer","floor":42.0,"turns":2.0},{"damage":0.0,"enemies":"Giant Head","floor":46.0,"turns":2.0},{"damage":0.0,"enemies":"Donu and Deca","floor":51.0,"turns":3.0},{"damage":0.0,"enemies":"Awakened One","floor":52.0,"turns":4.0},{"damage":0.0,"enemies":"Shield and Spear","floor":56.0,"turns":2.0},{"damage":34,"enemies":"The Heart","floor":57,"turns":5}],"seed_played":"8506462261223704680","potions_obtained":[{"floor":1.0,"key":"SkillPotion"},{"floor":6.0,"key":"GhostInAJar"},{"floor":10.0,"key":"AttackPotion"},{"floor":16.0,"key":"Poison Potion"},{"floor":20.0,"key":"Explosive Potion"},{"floor":23.0,"key":"GhostInAJar"},{"floor":31.0,"key":"Weak Potion"},{"floor":33.0,"key":"Swift Potion"}],"is_trial":false,"path_per_floor":["M","M","?","M","?","E","$","R","T","M","R","T","M","E","R","B",null,"M","?","M","$","?","E","R","?","T","$","E","$","E","M","R","B",null,"M","?","M","$","?","R","E","R","T","R","E","?","?","?","R","B","B",null,"R","$","E","B",null],"character_chosen":"THE_SILENT","items_purchased":["Purity","Impatience","GamblersBrew","EntropicBrew"],"campfire_rested":2,"item_purchase_floors":[7,21,21,27],"current_hp_per_floor":[44,42,35,34,14,3,3,3,3,2,21,21,21,1,1,1,50,50,50,40,40,40,40,40,40,40,40,40,40,40,40,40,40,65,65,65,65,65,65,65,65,65,65,65,79,76,76,76,76,76,76,76,76,76,76,42],"gold":169,"neow_bonus":"RANDOM_COLORLESS_2","is_prod":false,"is_daily":false,"chose_seed":false,"campfire_upgraded":7,"win_rate":0,"timestamp":1565674915,"path_taken":["M","M","?","M","?","E","$","R","T","M","R","?","M","E","R","BOSS","M","?","M","$","?","E","R","?","T","?","E","?","E","M","R","BOSS","M","?","M","?","?","R","E","R","T","R","E","?","?","?","R","BOSS","BOSS","R","$","E","BOSS"],"build_version":"2019-07-17","purchased_purges":3,"victory":true,"max_hp_per_floor":[66,66,66,66,66,66,66,66,66,66,66,66,66,66,66,66,66,66,66,66,66,66,66,66,66,66,66,66,66,66,66,66,66,66,66,66,66,66,66,66,66,66,66,66,80,76,76,76,76,76,76,76,76,76,76,76],"card_choices":[{"not_picked":["Cloak And Dagger","Backflip","Riddle With Holes"],"picked":"SKIP","floor":1.0},{"not_picked":["Well Laid Plans","Finisher"],"picked":"Flechettes","floor":2.0},{"not_picked":["Dodge and Roll","PiercingWail","Deflect"],"picked":"SKIP","floor":4.0},{"not_picked":["Dodge and Roll","Deflect"],"picked":"PiercingWail","floor":4.0},{"not_picked":["Terror","Dagger Spray","Bouncing Flask"],"picked":"SKIP","floor":6.0},{"not_picked":["Underhanded Strike","Dagger Throw"],"picked":"Acrobatics","floor":10.0},{"not_picked":["Glass Knife","Deflect","Dagger Spray"],"picked":"SKIP","floor":13.0},{"not_picked":["Glass Knife","Deflect","Dagger Spray"],"picked":"SKIP","floor":13.0},{"not_picked":["Wraith Form v2","Infinite Blades"],"picked":"Reflex","floor":14.0},{"not_picked":["Venomology","Burst"],"picked":"Night Terror","floor":16.0},{"not_picked":["Underhanded Strike","Cloak And Dagger"],"picked":"Tactician","floor":18.0},{"not_picked":["Caltrops","Acrobatics","Distraction"],"picked":"SKIP","floor":20.0},{"not_picked":["Endless Agony","Slice","Expertise"],"picked":"SKIP","floor":23.0},{"not_picked":["Outmaneuver","Bane","Poisoned Stab"],"picked":"SKIP","floor":28.0},{"not_picked":["Accuracy","Distraction","Acrobatics"],"picked":"SKIP","floor":30.0},{"not_picked":["Cloak And Dagger","Dagger Spray","Reflex"],"picked":"SKIP","floor":31.0},{"not_picked":["Die Die Die","Phantasmal Killer"],"picked":"After Image","floor":33.0},{"not_picked":["Prepared","Deadly Poison+1"],"picked":"Calculated Gamble","floor":36.0},{"not_picked":["Cloak And Dagger","Accuracy","Flechettes"],"picked":"SKIP","floor":38.0},{"not_picked":["Flechettes+1","Outmaneuver","Expertise"],"picked":"SKIP","floor":42.0},{"not_picked":["Setup","Dodge and Roll+1","Poisoned Stab"],"picked":"SKIP","floor":46.0},{"not_picked":["Slice","PiercingWail","Prepared+1"],"picked":"SKIP","floor":56.0}],"player_experience":880561,"relics_obtained":[{"floor":6.0,"key":"Happy Flower"},{"floor":9.0,"key":"MawBank"},{"floor":12.0,"key":"Ancient Tea Set"},{"floor":14.0,"key":"Dodecahedron"},{"floor":23.0,"key":"PreservedInsect"},{"floor":26.0,"key":"Juzu Bracelet"},{"floor":28.0,"key":"Orichalcum"},{"floor":30.0,"key":"Regal Pillow"},{"floor":42.0,"key":"Art of War"},{"floor":46.0,"key":"Mango"},{"floor":56.0,"key":"Boot"}],"event_choices":[{"cards_removed":["Strike_G"],"damage_healed":0.0,"max_hp_gain":0.0,"max_hp_loss":0.0,"gold_gain":0.0,"event_name":"Golden Wing","player_choice":"Card Removal","floor":3.0,"gold_loss":0.0,"damage_taken":7.0},{"damage_healed":0.0,"max_hp_gain":0.0,"max_hp_loss":0.0,"gold_gain":0.0,"event_name":"Shining Light","player_choice":"Entered Light","floor":5.0,"gold_loss":0.0,"damage_taken":20.0,"cards_upgraded":["Jack Of All Trades","Defend_G"]},{"cards_removed":["Strike_G"],"damage_healed":0.0,"max_hp_gain":0.0,"max_hp_loss":0.0,"gold_gain":0.0,"event_name":"Beggar","player_choice":"Gave Gold","floor":19.0,"gold_loss":75.0,"damage_taken":0.0},{"damage_healed":0.0,"max_hp_gain":0.0,"max_hp_loss":0.0,"gold_gain":0.0,"event_name":"Drug Dealer","player_choice":"Inject Mutagens","floor":22.0,"gold_loss":0.0,"damage_taken":0.0,"relics_obtained":["MutagenicStrength"]},{"cards_removed":["Neutralize"],"damage_healed":0.0,"max_hp_gain":0.0,"max_hp_loss":0.0,"gold_gain":0.0,"event_name":"Falling","player_choice":"Removed Attack","floor":37.0,"gold_loss":0.0,"damage_taken":0.0},{"damage_healed":0.0,"max_hp_gain":0.0,"max_hp_loss":0.0,"gold_gain":0.0,"event_name":"Tomb of Lord Red Mask","player_choice":"Ignored","floor":40.0,"gold_loss":0.0,"damage_taken":0.0},{"damage_healed":0.0,"max_hp_gain":0.0,"max_hp_loss":4.0,"gold_gain":0.0,"event_name":"Winding Halls","player_choice":"Max HP","floor":47.0,"gold_loss":0.0,"damage_taken":0.0},{"damage_healed":0.0,"max_hp_gain":0.0,"max_hp_loss":0.0,"gold_gain":0.0,"event_name":"Duplicator","player_choice":"Copied","floor":48.0,"gold_loss":0.0,"damage_taken":0.0,"cards_obtained":["AscendersBane"]},{"damage_healed":0.0,"max_hp_gain":0.0,"max_hp_loss":0.0,"gold_gain":0.0,"event_name":"MindBloom","player_choice":"Upgrade","floor":49.0,"gold_loss":0.0,"damage_taken":0.0,"cards_upgraded":["Defend_G","Defend_G","Defend_G","Defend_G","Survivor","PiercingWail","Purity","Night Terror","After Image"],"relics_obtained":["Mark of the Bloom"]}],"is_beta":false,"boss_relics":[{"not_picked":["Tiny House","Snecko Eye"],"picked":"Runic Pyramid"},{"not_picked":["Sozu","Fusion Hammer"],"picked":"Philosopher\u0027s Stone"}],"items_purged_floors":[7,21,39],"is_endless":false,"potions_floor_spawned":[1,6,10,16,20,23,31,33,36],"ascension_level":20}