{"gold_per_floor":[114,189,189,114,175,210,278,291,318,345,357,382,428,505,517,603,615,644,656,593,520,532,575,587,599,611,312,337,117,117,146,146,223,223,237,237,237,237,237,269,74,74,74,103,103,123,138,148,148,148,148,148,148,10,42,42],"floor_reached":57,"playtime":2546,"items_purged":["Beam Cell","Meteor Strike","Conserve Battery","Tempest"],"score":3652,"play_id":"2a7c3ef8-49d7-471e-969e-37020a155372","local_time":"20190828191854","daily_mods":["SealedDeck"],"is_ascension_mode":true,"campfire_choices":[{"data":"Coolheaded","floor":11.0,"key":"SMITH"},{"data":"Loop","floor":15.0,"key":"SMITH"},{"data":"Deep Breath","floor":30.0,"key":"SMITH"},{"floor":32.0,"key":"RECALL"},{"data":"Impatience","floor":42.0,"key":"SMITH"},{"data":"Finesse","floor":49.0,"key":"SMITH"},{"data":"White Noise","floor":53.0,"key":"SMITH"}],"neow_cost":"","seed_source_timestamp":0,"circlet_count":0,"master_deck":["AscendersBane","White Noise+1","Turbo+1","Hologram","Consume+1","Chill","Gash","Coolheaded+1","Loop+1","Deep Breath+1","Finesse+1","Impatience+1"],"special_seed":0,"relics":["Cracked Core","Vajra","Juzu Bracelet","MawBank","Bag of Preparation","Regal Pillow","Philosopher\u0027s Stone","Nilry\u0027s Codex","Centennial Puzzle","Potion Belt","Mercury Hourglass","Question Card","ClockworkSouvenir","The Courier","Coffee Dripper","Sundial","Du-Vu Doll","Ornamental Fan","Pen Nib","Mummified Hand"],"potions_floor_usage":[56,56,56],"damage_taken":[{"damage":0.0,"enemies":"Small Slimes","floor":1.0,"turns":2.0},{"damage":3.0,"enemies":"3 Sentries","floor":6.0,"turns":5.0},{"damage":3.0,"enemies":"2 Louse","floor":8.0,"turns":2.0},{"damage":0.0,"enemies":"Lagavulin","floor":10.0,"turns":3.0},{"damage":0.0,"enemies":"Cultist","floor":12.0,"turns":3.0},{"damage":10.0,"enemies":"3 Sentries","floor":13.0,"turns":7.0},{"damage":7.0,"enemies":"3 Sentries","floor":14.0,"turns":5.0},{"damage":0.0,"enemies":"Hexaghost","floor":16.0,"turns":8.0},{"damage":1.0,"enemies":"Spheric Guardian","floor":18.0,"turns":3.0},{"damage":0.0,"enemies":"Book of Stabbing","floor":23.0,"turns":4.0},{"damage":0.0,"enemies":"Gremlin Leader","floor":28.0,"turns":5.0},{"damage":0.0,"enemies":"Book of Stabbing","floor":31.0,"turns":4.0},{"damage":0.0,"enemies":"Champ","floor":33.0,"turns":5.0},{"damage":0.0,"enemies":"3 Darklings","floor":35.0,"turns":4.0},{"damage":9.0,"enemies":"Nemesis","floor":40.0,"turns":3.0},{"damage":0.0,"enemies":"Reptomancer","floor":44.0,"turns":1.0},{"damage":0.0,"enemies":"Orb Walker","floor":46.0,"turns":1.0},{"damage":0.0,"enemies":"4 Shapes","floor":47.0,"turns":1.0},{"damage":0.0,"enemies":"3 Darklings","floor":48.0,"turns":1.0},{"damage":3.0,"enemies":"Time Eater","floor":50.0,"turns":7.0},{"damage":0.0,"enemies":"Awakened One","floor":51.0,"turns":2.0},{"damage":0.0,"enemies":"Shield and Spear","floor":55.0,"turns":1.0},{"damage":9,"enemies":"The Heart","floor":56,"turns":4}],"seed_played":"-2631394858751367819","potions_obtained":[{"floor":1.0,"key":"GamblersBrew"},{"floor":12.0,"key":"FocusPotion"},{"floor":31.0,"key":"LiquidBronze"},{"floor":35.0,"key":"Regen Potion"},{"floor":44.0,"key":"SteroidPotion"},{"floor":47.0,"key":"PowerPotion"}],"is_trial":true,"path_per_floor":["M","?","?","$","?","E","T","M","T","E","R","M","E","?","R","B",null,"M","?","?","?","?","E","?","T","T","$","E","$","R","E","R","B",null,"M","?","?","?","?","E","$","R","T","E","$","M","M","M","R","B","B",null,"R","$","E","B",null],"character_chosen":"DEFECT","items_purchased":["ClockworkSouvenir","Deep Breath","Impatience","Pen Nib"],"campfire_rested":0,"item_purchase_floors":[27,29,41,54],"current_hp_per_floor":[64,53,32,32,32,29,29,26,26,26,26,26,16,9,9,9,56,55,34,34,34,34,34,34,34,34,34,34,34,34,34,34,34,62,62,52,52,52,42,42,42,42,42,42,42,42,42,42,42,39,39,63,63,63,63,54],"gold":42,"neow_bonus":"","is_prod":false,"is_daily":false,"chose_seed":false,"campfire_upgraded":6,"win_rate":0,"timestamp":1566991134,"path_taken":["M","?","?","$","?","E","?","?","T","E","R","M","E","?","R","BOSS","M","?","?","?","?","E","?","?","T","$","E","$","R","E","R","BOSS","M","?","?","?","?","E","$","R","T","E","$","M","M","M","R","BOSS","BOSS","R","$","E","BOSS"],"build_version":"2019-08-26","purchased_purges":4,"victory":true,"max_hp_per_floor":[71,71,71,71,71,71,71,71,71,71,71,71,71,71,71,71,71,71,71,71,71,71,71,71,71,71,71,71,71,71,71,71,71,71,71,71,71,71,71,71,71,71,71,71,71,71,71,71,71,71,71,71,71,71,71,71],"card_choices":[{"not_picked":["Redo","Doom and Gloom","Reinforced Body"],"picked":"SKIP","floor":1.0},{"not_picked":["Reprogram","Compile Driver"],"picked":"Coolheaded","floor":6.0},{"not_picked":["Turbo","Hello World","Streamline"],"picked":"SKIP","floor":8.0},{"not_picked":["Reprogram","Streamline","Turbo"],"picked":"SKIP","floor":10.0},{"not_picked":["Blizzard","Turbo","Conserve Battery"],"picked":"SKIP","floor":12.0},{"not_picked":["Rebound","Force Field"],"picked":"Meteor Strike","floor":13.0},{"not_picked":["Conserve Battery","Stack"],"picked":"Loop","floor":14.0},{"not_picked":["Turbo+1","Ball Lightning","Conserve Battery"],"picked":"SKIP","floor":18.0},{"not_picked":["Redo","Hologram","Rebound"],"picked":"SKIP","floor":23.0},{"not_picked":["Leap","Redo","Beam Cell","Rebound+1"],"picked":"SKIP","floor":28.0},{"not_picked":["Cold Snap","Undo","Storm+1","Conserve Battery"],"picked":"SKIP","floor":31.0},{"not_picked":["Aggregate","Sweeping Beam","Conserve Battery+1","Chill"],"picked":"SKIP","floor":35.0},{"not_picked":["Secret Weapon","Mayhem","Dark Shackles"],"picked":"Finesse","floor":36.0},{"not_picked":["Steam Power","Beam Cell","Conserve Battery","Double Energy"],"picked":"SKIP","floor":40.0},{"not_picked":["Streamline","Darkness","Chaos","Barrage"],"picked":"SKIP","floor":44.0},{"not_picked":["Streamline","Undo","Reprogram+1","Gash+1"],"picked":"SKIP","floor":46.0},{"not_picked":["Cold Snap","Undo","Force Field","Steam"],"picked":"SKIP","floor":47.0},{"not_picked":["Self Repair","Loop","Ball Lightning+1","Consume"],"picked":"SKIP","floor":48.0},{"not_picked":["Echo Form","Thunder Strike","Turbo","Steam"],"picked":"SKIP","floor":55.0}],"player_experience":3119703,"relics_obtained":[{"floor":6.0,"key":"Vajra"},{"floor":9.0,"key":"Juzu Bracelet"},{"floor":10.0,"key":"MawBank"},{"floor":13.0,"key":"Bag of Preparation"},{"floor":14.0,"key":"Regal Pillow"},{"floor":19.0,"key":"Nilry\u0027s Codex"},{"floor":23.0,"key":"Potion Belt"},{"floor":25.0,"key":"Mercury Hourglass"},{"floor":26.0,"key":"Question Card"},{"floor":31.0,"key":"The Courier"},{"floor":40.0,"key":"Sundial"},{"floor":43.0,"key":"Du-Vu Doll"},{"floor":44.0,"key":"Ornamental Fan"},{"floor":55.0,"key":"Mummified Hand"}],"event_choices":[{"damage_healed":0.0,"max_hp_gain":0.0,"max_hp_loss":0.0,"gold_gain":75.0,"event_name":"World of Goop","player_choice":"Gather Gold","floor":2.0,"gold_loss":0.0,"damage_taken":11.0},{"damage_healed":0.0,"max_hp_gain":0.0,"max_hp_loss":0.0,"gold_gain":0.0,"event_name":"Shining Light","player_choice":"Entered Light","floor":3.0,"gold_loss":0.0,"damage_taken":21.0,"cards_upgraded":["Turbo","Consume"]},{"damage_healed":0.0,"max_hp_gain":0.0,"max_hp_loss":0.0,"gold_gain":61.0,"event_name":"Golden Wing","player_choice":"Gained Gold","floor":5.0,"gold_loss":0.0,"damage_taken":0.0},{"damage_healed":0.0,"max_hp_gain":0.0,"max_hp_loss":0.0,"gold_gain":0.0,"event_name":"Dead Adventurer","player_choice":"Searched \u00272\u0027 times","floor":14.0,"gold_loss":0.0,"damage_taken":0.0},{"damage_healed":0.0,"max_hp_gain":0.0,"max_hp_loss":0.0,"gold_gain":0.0,"event_name":"Cursed Tome","player_choice":"Obtained Book","floor":19.0,"gold_loss":0.0,"damage_taken":21.0},{"cards_removed":["Streamline"],"damage_healed":0.0,"max_hp_gain":0.0,"max_hp_loss":0.0,"gold_gain":0.0,"event_name":"Beggar","player_choice":"Gave Gold","floor":20.0,"gold_loss":75.0,"damage_taken":0.0},{"damage_healed":0.0,"max_hp_gain":0.0,"max_hp_loss":0.0,"gold_gain":0.0,"event_name":"Addict","player_choice":"Obtained Relic","floor":21.0,"gold_loss":85.0,"damage_taken":0.0,"relics_obtained":["Centennial Puzzle"]},{"damage_healed":0.0,"max_hp_gain":0.0,"max_hp_loss":0.0,"gold_gain":0.0,"event_name":"Match and Keep!","player_choice":"1 cards matched","floor":22.0,"gold_loss":0.0,"damage_taken":0.0,"cards_obtained":["Undo"]},{"damage_healed":0.0,"max_hp_gain":0.0,"max_hp_loss":0.0,"gold_gain":0.0,"event_name":"Vampires","player_choice":"Ignored","floor":24.0,"gold_loss":0.0,"damage_taken":0.0},{"damage_healed":0.0,"max_hp_gain":0.0,"max_hp_loss":0.0,"gold_gain":0.0,"event_name":"SensoryStone","player_choice":"Memory 3","floor":36.0,"gold_loss":0.0,"damage_taken":10.0},{"damage_healed":0.0,"max_hp_gain":0.0,"max_hp_loss":0.0,"gold_gain":0.0,"event_name":"Tomb of Lord Red Mask","player_choice":"Ignored","floor":37.0,"gold_loss":0.0,"damage_taken":0.0},{"cards_removed":["Undo"],"damage_healed":0.0,"max_hp_gain":0.0,"max_hp_loss":0.0,"gold_gain":0.0,"event_name":"Falling","player_choice":"Removed Skill","floor":38.0,"gold_loss":0.0,"damage_taken":0.0},{"damage_healed":0.0,"max_hp_gain":0.0,"max_hp_loss":0.0,"gold_gain":0.0,"event_name":"Wheel of Change","player_choice":"Damaged","floor":39.0,"gold_loss":0.0,"damage_taken":10.0}],"is_beta":true,"boss_relics":[{"not_picked":["Lizard Tail","FrozenCore"],"picked":"Philosopher\u0027s Stone"},{"not_picked":["Runic Dome","Fusion Hammer"],"picked":"Coffee Dripper"}],"items_purged_floors":[4,27,29,41],"is_endless":false,"potions_floor_spawned":[1,12,13,31,35,44,47],"ascension_level":20}