{"gold_per_floor":[111,131,131,146,14,14,27,27,27,27,39,53,70,86,86,165,165,178,178,188,204,26,56,56,56,56,68,68,103,117,217,217,294,294,313,313,323,337,237,272,300,92,92,92,192,42,68,78,78,78,78,78,78,22,52,52],"floor_reached":57,"playtime":2867,"items_purged":["Strike_G","Strike_G","Strike_G","Strike_G"],"score":3473,"play_id":"972af34d-fa11-42a3-91d5-8cbd84950678","local_time":"20190921002237","is_ascension_mode":true,"campfire_choices":[{"data":"Acrobatics","floor":6.0,"key":"SMITH"},{"data":"Catalyst","floor":8.0,"key":"SMITH"},{"data":"Glass Knife","floor":10.0,"key":"SMITH"},{"data":"Deadly Poison","floor":15.0,"key":"SMITH"},{"data":"Prepared","floor":24.0,"key":"SMITH"},{"floor":32.0,"key":"DIG"},{"data":"Calculated Gamble","floor":44.0,"key":"SMITH"},{"floor":49.0,"key":"RECALL"},{"data":"Backflip","floor":53.0,"key":"SMITH"}],"neow_cost":"NONE","seed_source_timestamp":0,"circlet_count":0,"master_deck":["AscendersBane","Strike_G","Defend_G","Defend_G","Defend_G","Defend_G","Defend_G","Survivor","Neutralize+1","Glass Knife+1","Acrobatics+1","Catalyst+1","Deadly Poison+1","Doppelganger","Backflip+1","Prepared+1","Reflex+1","Grand Finale+1","Calculated Gamble+1"],"special_seed":0,"relics":["Runic Pyramid","Ninja Scroll","Kunai","Calling Bell","InkBottle","Gremlin Horn","Thread and Needle","Vajra","WingedGreaves","Shovel","Bottled Lightning","Sundial","SacredBark","Molten Egg 2","Pen Nib","Turnip","Ice Cream","Whetstone","Eternal Feather"],"potions_floor_usage":[56,56],"damage_taken":[{"damage":4.0,"enemies":"Jaw Worm","floor":1.0,"turns":5.0},{"damage":0.0,"enemies":"Cultist","floor":2.0,"turns":5.0},{"damage":7.0,"enemies":"2 Louse","floor":4.0,"turns":3.0},{"damage":0.0,"enemies":"Red Slaver","floor":7.0,"turns":4.0},{"damage":15.0,"enemies":"Lots of Slimes","floor":11.0,"turns":4.0},{"damage":1.0,"enemies":"Large Slime","floor":12.0,"turns":4.0},{"damage":0.0,"enemies":"2 Fungi Beasts","floor":13.0,"turns":2.0},{"damage":2.0,"enemies":"Exordium Thugs","floor":14.0,"turns":4.0},{"damage":0.0,"enemies":"Hexaghost","floor":16.0,"turns":7.0},{"damage":0.0,"enemies":"3 Byrds","floor":18.0,"turns":6.0},{"damage":0.0,"enemies":"Shell Parasite","floor":20.0,"turns":7.0},{"damage":10.0,"enemies":"Centurion and Healer","floor":21.0,"turns":10.0},{"damage":0.0,"enemies":"Book of Stabbing","floor":23.0,"turns":5.0},{"damage":0.0,"enemies":"Shelled Parasite and Fungi","floor":27.0,"turns":2.0},{"damage":0.0,"enemies":"Gremlin Leader","floor":29.0,"turns":4.0},{"damage":0.0,"enemies":"3 Cultists","floor":30.0,"turns":3.0},{"damage":19.0,"enemies":"Colosseum Slavers","floor":31.0,"turns":4.0},{"damage":0.0,"enemies":"Colosseum Nobs","floor":31.0,"turns":2.0},{"damage":0.0,"enemies":"Automaton","floor":33.0,"turns":7.0},{"damage":0.0,"enemies":"Orb Walker","floor":35.0,"turns":3.0},{"damage":0.0,"enemies":"3 Shapes","floor":37.0,"turns":3.0},{"damage":0.0,"enemies":"3 Darklings","floor":38.0,"turns":2.0},{"damage":2.0,"enemies":"Nemesis","floor":40.0,"turns":5.0},{"damage":0.0,"enemies":"Giant Head","floor":41.0,"turns":7.0},{"damage":0.0,"enemies":"Mind Bloom Boss Battle","floor":45.0,"turns":5.0},{"damage":0.0,"enemies":"Reptomancer","floor":47.0,"turns":2.0},{"damage":0.0,"enemies":"Transient","floor":48.0,"turns":6.0},{"damage":0.0,"enemies":"Awakened One","floor":50.0,"turns":7.0},{"damage":26.0,"enemies":"Donu and Deca","floor":51.0,"turns":5.0},{"damage":31.0,"enemies":"Shield and Spear","floor":55.0,"turns":4.0},{"damage":24,"enemies":"The Heart","floor":56,"turns":11}],"seed_played":"8077948168375919131","potions_obtained":[{"floor":2.0,"key":"Regen Potion"},{"floor":11.0,"key":"Swift Potion"},{"floor":12.0,"key":"EntropicBrew"},{"floor":19.0,"key":"SteroidPotion"},{"floor":23.0,"key":"Energy Potion"},{"floor":33.0,"key":"SneckoOil"},{"floor":35.0,"key":"SpeedPotion"},{"floor":38.0,"key":"PowerPotion"},{"floor":41.0,"key":"Block Potion"},{"floor":47.0,"key":"Energy Potion"}],"is_trial":false,"path_per_floor":["M","M","?","M","$","R","M","R","T","R","M","M","M","M","R","B",null,"M","?","M","M","$","E","R","$","T","M","$","E","M","?","R","B",null,"M","?","M","M","$","E","E","$","T","R","?","$","E","M","R","B","B",null,"R","$","E","B",null],"character_chosen":"THE_SILENT","items_purchased":["Acrobatics","Grand Finale","Calculated Gamble","SkillPotion"],"campfire_rested":0,"item_purchase_floors":[5,22,42,54],"current_hp_per_floor":[55,55,55,48,48,48,48,48,48,48,33,32,32,30,30,30,57,57,57,57,47,47,47,47,47,47,47,47,47,47,28,28,28,57,57,57,57,57,57,55,55,55,55,55,55,55,55,55,55,55,29,57,57,57,26,2],"gold":52,"neow_bonus":"BOSS_RELIC","is_prod":false,"is_daily":false,"chose_seed":false,"campfire_upgraded":7,"win_rate":0,"timestamp":1568992957,"path_taken":["M","M","?","M","?","R","M","R","T","R","M","?","M","M","R","BOSS","M","?","M","M","$","E","R","$","T","?","?","E","M","?","R","BOSS","M","?","M","M","$","E","E","$","T","R","?","$","E","M","R","BOSS","BOSS","R","$","E","BOSS"],"build_version":"2019-09-19","purchased_purges":4,"victory":true,"max_hp_per_floor":[66,66,66,66,66,66,66,66,66,66,66,66,66,66,66,66,66,66,66,66,66,66,66,66,66,66,66,66,66,66,66,66,66,66,66,66,66,66,66,66,66,66,66,66,66,66,66,66,66,66,66,66,66,66,66,66],"card_choices":[{"not_picked":["Deflect","Backflip"],"picked":"Deadly Poison","floor":1.0},{"not_picked":["Quick Slash","PiercingWail","Sucker Punch"],"picked":"SKIP","floor":2.0},{"not_picked":["Slice","Cloak And Dagger"],"picked":"Glass Knife","floor":4.0},{"not_picked":["Prepared","Flying Knee"],"picked":"Catalyst","floor":7.0},{"not_picked":["Escape Plan","Blade Dance"],"picked":"Deadly Poison","floor":11.0},{"not_picked":["Blade Dance","Quick Slash"],"picked":"Doppelganger","floor":12.0},{"not_picked":["Blade Dance","Blur"],"picked":"Backflip","floor":13.0},{"not_picked":["Slice","Poisoned Stab","Finisher"],"picked":"SKIP","floor":14.0},{"not_picked":["Blade Dance","Cloak And Dagger","Slice"],"picked":"SKIP","floor":18.0},{"not_picked":["Dagger Throw","Deadly Poison"],"picked":"Prepared","floor":20.0},{"not_picked":["Catalyst","Masterful Stab"],"picked":"Reflex+1","floor":21.0},{"not_picked":["Bane","Slice","Unload"],"picked":"SKIP","floor":23.0},{"not_picked":["Cloak And Dagger+1","PiercingWail","Sucker Punch"],"picked":"SKIP","floor":27.0},{"not_picked":["Choke","Dodge and Roll","Setup"],"picked":"SKIP","floor":29.0},{"not_picked":["Choke","Dodge and Roll","Setup"],"picked":"SKIP","floor":29.0},{"not_picked":["Deflect","Deadly Poison","Outmaneuver"],"picked":"SKIP","floor":30.0},{"not_picked":["Backflip","Infinite Blades","Blade Dance+1"],"picked":"SKIP","floor":35.0},{"not_picked":["PiercingWail+1","Bane","Flying Knee"],"picked":"SKIP","floor":37.0},{"not_picked":["Blur","Eviscerate","Masterful Stab"],"picked":"SKIP","floor":38.0},{"not_picked":["Burst","Deadly Poison","Deflect"],"picked":"SKIP","floor":40.0},{"not_picked":["Deadly Poison","Setup","Accuracy+1"],"picked":"SKIP","floor":41.0},{"not_picked":["Reflex+1","Infinite Blades+1","Tools of the Trade"],"picked":"SKIP","floor":47.0},{"not_picked":["Masterful Stab+1","Acrobatics+1","Setup+1"],"picked":"SKIP","floor":48.0},{"not_picked":["Grand Finale+1","Bouncing Flask","Riddle With Holes+1"],"picked":"SKIP","floor":55.0},{"not_picked":["Grand Finale+1","Bouncing Flask","Riddle With Holes+1"],"picked":"SKIP","floor":55.0}],"player_experience":1112566,"relics_obtained":[{"floor":9.0,"key":"Kunai"},{"floor":17.0,"key":"InkBottle"},{"floor":17.0,"key":"Gremlin Horn"},{"floor":17.0,"key":"Thread and Needle"},{"floor":23.0,"key":"Vajra"},{"floor":29.0,"key":"WingedGreaves"},{"floor":31.0,"key":"Shovel"},{"floor":31.0,"key":"Bottled Lightning"},{"floor":32.0,"key":"Sundial"},{"floor":40.0,"key":"Molten Egg 2"},{"floor":41.0,"key":"Pen Nib"},{"floor":43.0,"key":"Turnip"},{"floor":45.0,"key":"Ice Cream"},{"floor":47.0,"key":"Whetstone"},{"floor":55.0,"key":"Eternal Feather"}],"event_choices":[{"cards_removed":["Deadly Poison"],"damage_healed":0.0,"max_hp_gain":0.0,"max_hp_loss":0.0,"gold_gain":0.0,"event_name":"WeMeetAgain","player_choice":"Gave Card","floor":3.0,"gold_loss":0.0,"damage_taken":0.0,"relics_obtained":["Ninja Scroll"]},{"damage_healed":0.0,"max_hp_gain":0.0,"max_hp_loss":0.0,"gold_gain":0.0,"event_name":"Lab","player_choice":"Got Potions","floor":19.0,"gold_loss":0.0,"damage_taken":0.0},{"damage_healed":0.0,"max_hp_gain":0.0,"max_hp_loss":0.0,"gold_gain":0.0,"event_name":"Colosseum","player_choice":"Fight","floor":31.0,"gold_loss":0.0,"damage_taken":0.0},{"damage_healed":0.0,"max_hp_gain":0.0,"max_hp_loss":0.0,"gold_gain":0.0,"event_name":"Colosseum","player_choice":"Fought Nobs","floor":31.0,"gold_loss":0.0,"damage_taken":0.0},{"damage_healed":0.0,"max_hp_gain":0.0,"max_hp_loss":0.0,"gold_gain":0.0,"event_name":"Tomb of Lord Red Mask","player_choice":"Ignored","floor":36.0,"gold_loss":0.0,"damage_taken":0.0},{"damage_healed":0.0,"max_hp_gain":0.0,"max_hp_loss":0.0,"gold_gain":0.0,"event_name":"MindBloom","player_choice":"Fight","floor":45.0,"gold_loss":0.0,"damage_taken":0.0}],"is_beta":true,"boss_relics":[{"not_picked":["Tiny House","Philosopher\u0027s Stone"],"picked":"Calling Bell"},{"not_picked":["Sozu","Busted Crown"],"picked":"SacredBark"}],"items_purged_floors":[5,39,42,46],"is_endless":false,"potions_floor_spawned":[2,11,12,18,23,27,29,30,33,35,38,41,47],"ascension_level":20}