{"gold_per_floor":[16,27,302,313,4,33,52,52,79,16,16],"floor_reached":11,"playtime":288,"items_purged":["Regret","Strike_G"],"score":146,"play_id":"667778ab-d58b-464b-82fd-f8735952c87d","local_time":"20190825213049","is_ascension_mode":true,"campfire_choices":[{"data":"Flechettes","floor":8.0,"key":"SMITH"}],"neow_cost":"NO_GOLD","seed_source_timestamp":342136233715376,"circlet_count":0,"master_deck":["AscendersBane","Strike_G","Strike_G","Strike_G","Defend_G","Defend_G","Defend_G","Defend_G","Survivor","Neutralize","Distraction","Predator","Flechettes+1","Acrobatics","Terror","Backflip"],"special_seed":0,"relics":["Ring of the Snake","Membership Card","Tiny Chest","Blood Vial","Vajra"],"potions_floor_usage":[],"damage_taken":[{"damage":3.0,"enemies":"2 Louse","floor":1.0,"turns":3.0},{"damage":1.0,"enemies":"Cultist","floor":2.0,"turns":4.0},{"damage":5.0,"enemies":"Small Slimes","floor":4.0,"turns":3.0},{"damage":43.0,"enemies":"Lagavulin","floor":6.0,"turns":9.0},{"damage":1.0,"enemies":"Red Slaver","floor":7.0,"turns":5.0},{"damage":8,"enemies":"3 Sentries","floor":11,"turns":3}],"seed_played":"4504843873729286201","potions_obtained":[{"floor":2.0,"key":"Swift Potion"}],"is_trial":false,"path_per_floor":["M","M","?","M","$","E","M","R","T","$","E"],"character_chosen":"THE_SILENT","items_purchased":["Membership Card","Tiny Chest","Backflip"],"campfire_rested":0,"item_purchase_floors":[5,5,10],"current_hp_per_floor":[56,55,55,50,50,7,8,8,8,8,2],"gold":16,"neow_bonus":"TRANSFORM_TWO_CARDS","is_prod":false,"is_daily":false,"chose_seed":false,"campfire_upgraded":1,"win_rate":0,"timestamp":1566736249,"path_taken":["M","M","?","M","$","E","?","R","T","$","E"],"build_version":"2019-07-17","purchased_purges":2,"victory":false,"max_hp_per_floor":[66,66,66,66,66,66,66,66,66,66,66],"card_choices":[{"not_picked":["Quick Slash","Expertise","Prepared"],"picked":"SKIP","floor":1.0},{"not_picked":["Dagger Throw","Blade Dance"],"picked":"Flechettes","floor":2.0},{"not_picked":["Bouncing Flask","Concentrate"],"picked":"Acrobatics","floor":4.0},{"not_picked":["Setup","Terror","All Out Attack"],"picked":"SKIP","floor":6.0},{"not_picked":["Setup","All Out Attack"],"picked":"Terror","floor":6.0},{"not_picked":["Crippling Poison","Deflect","Slice"],"picked":"SKIP","floor":7.0}],"player_experience":984224,"relics_obtained":[{"floor":6.0,"key":"Blood Vial"},{"floor":9.0,"key":"Vajra"}],"event_choices":[{"damage_healed":0.0,"max_hp_gain":0.0,"max_hp_loss":0.0,"gold_gain":275.0,"event_name":"Golden Shrine","player_choice":"Desecrate","floor":3.0,"gold_loss":0.0,"damage_taken":0.0,"cards_obtained":["Regret"]}],"is_beta":false,"boss_relics":[],"items_purged_floors":[5,10],"is_endless":false,"potions_floor_spawned":[2],"killed_by":"3 Sentries","ascension_level":20}