{"gold_per_floor":[115,115,126,144,154,154,11,11,11,28,47,67,82,102,102,204,204,214,129,129,139,151,151,171,171,224,224,251,251,5,22,22,124,174,184,40,0,18,18,18],"floor_reached":40,"playtime":3503,"items_purged":[],"score":452,"play_id":"c0da221e-1f97-4e5b-827f-a44775f6da1b","local_time":"20190911134928","is_ascension_mode":false,"campfire_choices":[{"data":"Redo","floor":6,"key":"SMITH"},{"data":"Zap","floor":8,"key":"SMITH"},{"floor":15,"key":"REST"},{"floor":23,"key":"REST"},{"data":"Auto Shields","floor":25,"key":"SMITH"},{"data":"Streamline","floor":27,"key":"SMITH"},{"data":"Conserve Battery","floor":29,"key":"SMITH"},{"floor":32,"key":"REST"}],"neow_cost":"NONE","seed_source_timestamp":1064844093941886,"circlet_count":0,"master_deck":["Strike_B","Strike_B","Strike_B","Defend_B","Defend_B","Defend_B","Defend_B","Zap+1","Dualcast","Redo+1","Melter","Go for the Eyes","Auto Shields+1","Conserve Battery+1","Streamline+1","Leap","Cold Snap","Ball Lightning","Buffer","Self Repair+1","Cold Snap","Conserve Battery","Aggregate","Sweeping Beam+1","Capacitor+1","Compile Driver+1","Rainbow","Auto Shields","Rip and Tear+1","Apotheosis","Stack","Streamline","Redo+1"],"relics":["Cracked Core","FaceOfCleric","Sling","Pear","SlaversCollar","Darkstone Periapt","Vajra","White Beast Statue","Membership Card","Tiny House","Red Mask"],"potions_floor_usage":[14,16,16,18,22,28,30,33,35,35,38,40],"damage_taken":[{"damage":5,"enemies":"Small Slimes","floor":1,"turns":3},{"damage":1,"enemies":"Cultist","floor":3,"turns":4},{"damage":1,"enemies":"Jaw Worm","floor":4,"turns":3},{"damage":13,"enemies":"Large Slime","floor":5,"turns":3},{"damage":19,"enemies":"Gremlin Gang","floor":10,"turns":4},{"damage":0,"enemies":"2 Fungi Beasts","floor":11,"turns":3},{"damage":7,"enemies":"Blue Slaver","floor":12,"turns":3},{"damage":0,"enemies":"Lots of Slimes","floor":13,"turns":3},{"damage":3,"enemies":"Looter","floor":14,"turns":2},{"damage":26,"enemies":"Hexaghost","floor":16,"turns":10},{"damage":13,"enemies":"2 Thieves","floor":18,"turns":5},{"damage":8,"enemies":"Chosen","floor":21,"turns":5},{"damage":19,"enemies":"Centurion and Healer","floor":22,"turns":11},{"damage":30,"enemies":"Snake Plant","floor":24,"turns":5},{"damage":13,"enemies":"Book of Stabbing","floor":28,"turns":5},{"damage":13,"enemies":"Snecko","floor":31,"turns":6},{"damage":80,"enemies":"Automaton","floor":33,"turns":15},{"damage":21,"enemies":"Orb Walker","floor":35,"turns":5},{"damage":14,"enemies":"3 Darklings","floor":38,"turns":7},{"damage":110,"enemies":"Reptomancer","floor":40,"turns":7}],"seed_played":"8900200129813143738","potions_obtained":[{"floor":4,"key":"Energy Potion"},{"floor":12,"key":"GamblersBrew"},{"floor":13,"key":"EssenceOfSteel"},{"floor":14,"key":"Energy Potion"},{"floor":18,"key":"FearPotion"},{"floor":21,"key":"Poison Potion"},{"floor":24,"key":"AttackPotion"},{"floor":31,"key":"Poison Potion"},{"floor":33,"key":"SpeedPotion"},{"floor":34,"key":"Dexterity Potion"},{"floor":35,"key":"AttackPotion"},{"floor":38,"key":"SteroidPotion"}],"is_trial":false,"path_per_floor":["M","?","M","M","M","R","$","R","T","M","M","M","M","M","R","B",null,"M","?","?","M","M","R","M","R","T","R","E","R","$","M","R","B",null,"M","$","?","M","$","E"],"character_chosen":"DEFECT","items_purchased":["Sling","Membership Card","Capacitor","Fruit Juice","Apotheosis","Stack","Streamline"],"campfire_rested":3,"item_purchase_floors":[7,30,30,30,36,36,36],"current_hp_per_floor":[77,77,77,77,65,65,65,65,75,57,58,52,53,51,81,56,101,89,89,89,92,84,104,85,85,85,85,83,83,88,86,112,43,118,108,108,108,95,95,0],"gold":18,"neow_bonus":"TEN_PERCENT_HP_BONUS","is_prod":false,"is_daily":false,"chose_seed":false,"campfire_upgraded":5,"win_rate":0.0,"timestamp":1568234968,"path_taken":["M","?","M","M","M","R","$","R","T","M","?","M","M","M","R","BOSS","M","?","?","?","?","R","M","R","T","R","E","R","$","M","R","BOSS","M","$","?","M","$","E"],"build_version":"2019-09-10","purchased_purges":0,"victory":false,"max_hp_per_floor":[82,82,83,84,85,85,85,85,95,96,97,98,99,100,100,101,101,102,102,102,103,104,104,105,105,105,105,106,106,111,112,112,113,118,119,119,119,120,120,120],"card_choices":[{"not_picked":["Leap","Double Energy"],"picked":"Redo","floor":1},{"not_picked":["Ball Lightning","Double Energy"],"picked":"Melter","floor":3},{"not_picked":["Barrage","Steam"],"picked":"Go for the Eyes","floor":4},{"not_picked":["Conserve Battery","Beam Cell"],"picked":"Auto Shields","floor":5},{"not_picked":["White Noise","Ball Lightning"],"picked":"Conserve Battery","floor":10},{"not_picked":["FTL","Lockon"],"picked":"Streamline","floor":11},{"not_picked":["White Noise","Redo"],"picked":"Leap","floor":12},{"not_picked":["Force Field","Coolheaded"],"picked":"Cold Snap","floor":13},{"not_picked":["Gash","Beam Cell"],"picked":"Ball Lightning","floor":14},{"not_picked":["Creative AI","Machine Learning"],"picked":"Buffer","floor":16},{"not_picked":["Darkness","Beam Cell"],"picked":"Self Repair+1","floor":18},{"not_picked":["Barrage","Compile Driver+1"],"picked":"Cold Snap","floor":21},{"not_picked":["Redo","Cold Snap"],"picked":"Conserve Battery","floor":22},{"not_picked":["Gash","Conserve Battery"],"picked":"Aggregate","floor":24},{"not_picked":["Streamline","Stack"],"picked":"Sweeping Beam+1","floor":28},{"not_picked":["Hologram","Biased Cognition"],"picked":"Compile Driver+1","floor":31},{"not_picked":["Biased Cognition","Amplify"],"picked":"Rainbow","floor":33},{"not_picked":["Hologram","Barrage+1"],"picked":"Auto Shields","floor":34},{"not_picked":["Genetic Algorithm","Compile Driver+1"],"picked":"Rip and Tear+1","floor":35},{"not_picked":["Streamline","Leap"],"picked":"Redo+1","floor":38}],"player_experience":5450,"relics_obtained":[{"floor":9,"key":"Pear"},{"floor":26,"key":"Vajra"},{"floor":28,"key":"White Beast Statue"}],"event_choices":[{"damage_healed":0,"gold_gain":0,"player_choice":"Trade","damage_taken":0,"relics_obtained":["FaceOfCleric"],"max_hp_gain":0,"max_hp_loss":0,"event_name":"FaceTrader","floor":2,"gold_loss":0},{"damage_healed":0,"gold_gain":0,"player_choice":"Obtained Relic","damage_taken":0,"relics_obtained":["Darkstone Periapt"],"max_hp_gain":0,"max_hp_loss":0,"event_name":"Addict","floor":19,"gold_loss":85},{"cards_removed":["Strike_B"],"damage_healed":0,"gold_gain":0,"player_choice":"Offered Basic","damage_taken":0,"max_hp_gain":0,"max_hp_loss":0,"event_name":"Bonfire Elementals","floor":20,"gold_loss":0},{"damage_healed":0,"gold_gain":0,"player_choice":"Paid","damage_taken":0,"relics_obtained":["Red Mask"],"max_hp_gain":0,"max_hp_loss":0,"event_name":"Tomb of Lord Red Mask","floor":37,"gold_loss":40}],"is_beta":true,"boss_relics":[{"not_picked":["Calling Bell","Nuclear Battery"],"picked":"SlaversCollar"},{"not_picked":["Runic Dome","Velvet Choker"],"picked":"Tiny House"}],"items_purged_floors":[],"is_endless":false,"potions_floor_spawned":[4,12,13,14,18,21,24,31,33,35,38],"killed_by":"Reptomancer","ascension_level":0}