{"gold_per_floor":[12,12,30,30,30,30,47,47,47,59,59,77,77,77,77,180,180,190,206,50,67,67],"floor_reached":22,"playtime":1598,"items_purged":[],"score":201,"play_id":"a97e3fde-7fe1-4e75-9995-ed688fb98cfe","local_time":"20190909094438","is_ascension_mode":false,"campfire_choices":[{"data":"Defend_R","floor":6,"key":"SMITH"},{"data":"Armaments","floor":8,"key":"SMITH"},{"data":"Defend_R","floor":11,"key":"SMITH"},{"data":"Defend_R","floor":15,"key":"SMITH"}],"neow_cost":"NO_GOLD","seed_source_timestamp":953196528704747,"circlet_count":0,"master_deck":["Strike_R","Strike_R","Strike_R","Strike_R","Strike_R","Defend_R","Defend_R+1","Defend_R+1","Defend_R+1","Bash","Shrug It Off+1","Metallicize","Armaments+1","Rampage","Twin Strike","Flex+1","Twin Strike"],"relics":["Burning Blood","Charon\u0027s Ashes","Blood Vial"],"potions_floor_usage":[16,16,21,21],"damage_taken":[{"damage":11,"enemies":"Jaw Worm","floor":1,"turns":6},{"damage":0,"enemies":"2 Louse","floor":3,"turns":2},{"damage":0,"enemies":"Cultist","floor":7,"turns":5},{"damage":9,"enemies":"Lots of Slimes","floor":10,"turns":8},{"damage":0,"enemies":"Large Slime","floor":12,"turns":7},{"damage":53,"enemies":"Slime Boss","floor":16,"turns":12},{"damage":13,"enemies":"Spheric Guardian","floor":18,"turns":6},{"damage":11,"enemies":"3 Byrds","floor":19,"turns":8},{"damage":53,"enemies":"3 Cultists","floor":21,"turns":8},{"damage":42,"enemies":"Snake Plant","floor":22,"turns":6}],"seed_played":"-8012640564770119035","potions_obtained":[{"floor":1,"key":"Energy Potion"},{"floor":7,"key":"AttackPotion"},{"floor":16,"key":"Weak Potion"},{"floor":19,"key":"AttackPotion"}],"is_trial":false,"path_per_floor":["M","?","M","$","?","R","M","R","T","M","R","M","?","$","R","B",null,"M","M","$","M","M"],"character_chosen":"IRONCLAD","items_purchased":["Blood Vial"],"campfire_rested":0,"item_purchase_floors":[20],"current_hp_per_floor":[91,91,96,96,96,96,96,96,96,93,93,96,96,96,96,49,96,89,84,84,39,0],"gold":67,"neow_bonus":"TWENTY_PERCENT_HP_BONUS","is_prod":false,"is_daily":false,"chose_seed":false,"campfire_upgraded":4,"win_rate":0.0,"timestamp":1568047478,"path_taken":["M","?","M","$","?","R","M","R","T","M","R","M","?","?","R","BOSS","M","M","$","M","M"],"build_version":"2019-07-17","purchased_purges":0,"victory":false,"max_hp_per_floor":[96,96,96,96,96,96,96,96,96,96,96,96,96,96,96,96,96,96,96,96,96,96],"card_choices":[{"not_picked":["Sever Soul","Twin Strike"],"picked":"Shrug It Off","floor":1},{"not_picked":["Flex","Pommel Strike"],"picked":"Metallicize","floor":3},{"not_picked":["Sword Boomerang","Heavy Blade"],"picked":"Armaments","floor":7},{"not_picked":["Havoc","Carnage"],"picked":"Rampage","floor":10},{"not_picked":["Pummel","Warcry"],"picked":"Twin Strike","floor":12},{"not_picked":["Warcry","Searing Blow"],"picked":"Flex+1","floor":18},{"not_picked":["Warcry","Clothesline"],"picked":"Twin Strike","floor":19},{"not_picked":["Warcry","Wild Strike","Sword Boomerang"],"picked":"SKIP","floor":21}],"player_experience":495587,"relics_obtained":[{"floor":9,"key":"Charon\u0027s Ashes"}],"event_choices":[{"damage_healed":0,"gold_gain":0,"player_choice":"Grow","damage_taken":0,"max_hp_gain":0,"max_hp_loss":0,"event_name":"Living Wall","floor":2,"gold_loss":0,"cards_upgraded":["Shrug It Off"]},{"damage_healed":0,"gold_gain":0,"player_choice":"Ignored","damage_taken":0,"max_hp_gain":0,"max_hp_loss":0,"event_name":"Shining Light","floor":5,"gold_loss":0},{"damage_healed":0,"gold_gain":0,"player_choice":"Ignored","damage_taken":0,"max_hp_gain":0,"max_hp_loss":0,"event_name":"Golden Wing","floor":13,"gold_loss":0}],"is_beta":false,"boss_relics":[{"not_picked":["Empty Cage","Busted Crown","Fusion Hammer"]}],"items_purged_floors":[],"is_endless":false,"potions_floor_spawned":[1,7,16,19],"killed_by":"Snake Plant","ascension_level":0}