{"gold_per_floor":[14,27,38,55,20,46,66,94,94,94,169,195,225,252,264,349,361,386,412,436,58,69,69,103,103,129,164,164,164,177,203,203,274,274,286,286,305,323,323,355,355,390,436,336,364,126,143,16,16,16,16,16,16,16,42,42],"floor_reached":57,"playtime":2746,"items_purged":["Strike_G","Choke","Defend_G"],"score":3461,"play_id":"bd2ee1d3-598e-4eb2-8612-d3c7bb83c60c","local_time":"20190819131740","is_ascension_mode":true,"campfire_choices":[{"data":"Calculated Gamble","floor":10.0,"key":"SMITH"},{"data":"Expertise","floor":15.0,"key":"SMITH"},{"data":"Adrenaline","floor":23.0,"key":"SMITH"},{"data":"Adrenaline","floor":25.0,"key":"SMITH"},{"data":"Burning Pact","floor":29.0,"key":"SMITH"},{"data":"Envenom","floor":32.0,"key":"SMITH"},{"data":"Deep Breath","floor":41.0,"key":"SMITH"},{"floor":49,"key":"RECALL"},{"floor":53,"key":"REST"}],"neow_cost":"NO_GOLD","seed_source_timestamp":0,"circlet_count":0,"master_deck":["AscendersBane","Defend_G","Defend_G","Defend_G","Defend_G+1","Survivor","Neutralize","Grand Finale","Backflip","Calculated Gamble+1","Adrenaline+1","Expertise+1","Escape Plan+1","Adrenaline+1","Acrobatics+1","Burning Pact+1","Distraction","Feel No Pain","Deep Breath+1","Concentrate"],"special_seed":0,"relics":["Ring of the Snake","Mercury Hourglass","The Specimen","Letter Opener","Odd Mushroom","Bird Faced Urn","MawBank","Runic Dome","PrismaticShard","Question Card","Happy Flower","Centennial Puzzle","War Paint","Black Star","Vajra","Mango","Pen Nib","Dodecahedron","Blood Vial","The Courier","Membership Card","Medical Kit","Shuriken","Orichalcum"],"potions_floor_usage":[51,56,56],"damage_taken":[{"damage":0.0,"enemies":"Small Slimes","floor":1.0,"turns":4.0},{"damage":1.0,"enemies":"2 Louse","floor":2.0,"turns":2.0},{"damage":0.0,"enemies":"Cultist","floor":3.0,"turns":4.0},{"damage":9.0,"enemies":"3 Louse","floor":4.0,"turns":3.0},{"damage":21.0,"enemies":"Lagavulin","floor":6.0,"turns":6.0},{"damage":0.0,"enemies":"Looter","floor":7.0,"turns":1.0},{"damage":20.0,"enemies":"3 Sentries","floor":8.0,"turns":7.0},{"damage":0.0,"enemies":"The Mushroom Lair","floor":12.0,"turns":2.0},{"damage":0.0,"enemies":"Lagavulin","floor":13.0,"turns":2.0},{"damage":5.0,"enemies":"The Guardian","floor":16.0,"turns":12.0},{"damage":0.0,"enemies":"Shell Parasite","floor":18.0,"turns":1.0},{"damage":3.0,"enemies":"3 Byrds","floor":19.0,"turns":3.0},{"damage":3.0,"enemies":"Shelled Parasite and Fungi","floor":20.0,"turns":4.0},{"damage":14.0,"enemies":"Cultist and Chosen","floor":22.0,"turns":4.0},{"damage":0.0,"enemies":"Slavers","floor":24.0,"turns":1.0},{"damage":0.0,"enemies":"Book of Stabbing","floor":27.0,"turns":3.0},{"damage":7.0,"enemies":"Centurion and Healer","floor":30.0,"turns":3.0},{"damage":0.0,"enemies":"Gremlin Leader","floor":31.0,"turns":3.0},{"damage":0.0,"enemies":"Automaton","floor":33.0,"turns":1.0},{"damage":0.0,"enemies":"3 Shapes","floor":35.0,"turns":1.0},{"damage":0.0,"enemies":"3 Darklings","floor":37.0,"turns":1.0},{"damage":0.0,"enemies":"Sphere and 2 Shapes","floor":38.0,"turns":1.0},{"damage":0.0,"enemies":"Reptomancer","floor":40.0,"turns":3.0},{"damage":0.0,"enemies":"Giant Head","floor":42.0,"turns":3.0},{"damage":0.0,"enemies":"Reptomancer","floor":45.0,"turns":2.0},{"damage":0,"enemies":"Jaw Worm Horde","floor":47,"turns":1},{"damage":0,"enemies":"Awakened One","floor":50,"turns":2},{"damage":13,"enemies":"Time Eater","floor":51,"turns":7},{"damage":0,"enemies":"Shield and Spear","floor":55,"turns":1},{"damage":26,"enemies":"The Heart","floor":56,"turns":5}],"seed_played":"4668681696087322807","potions_obtained":[{"floor":2.0,"key":"Regen Potion"},{"floor":3.0,"key":"SkillPotion"},{"floor":7.0,"key":"Explosive Potion"},{"floor":13.0,"key":"SpeedPotion"},{"floor":16.0,"key":"Strength Potion"},{"floor":19.0,"key":"Regen Potion"},{"floor":55,"key":"Weak Potion"}],"is_trial":false,"path_per_floor":["M","M","M","M","?","E","M","E","T","R","?","?","E","T","R","B",null,"M","M","M","$","M","R","E","R","T","E","?","R","M","E","R","B",null,"M","?","M","M","?","E","R","E","T","$","E","$","M","$","R","B","B",null,"R","$","E","B",null],"character_chosen":"THE_SILENT","items_purchased":["PrismaticShard","GhostInAJar","Membership Card","Concentrate","Medical Kit"],"campfire_rested":1,"item_purchase_floors":[21,21,46,48,48],"current_hp_per_floor":[59,58,58,49,65,44,44,39,39,39,28,28,28,28,28,23,55,55,52,49,49,35,35,35,35,35,35,35,35,28,30,30,32,58,58,58,58,60,60,76,76,78,78,78,80,80,80,80,80,80,67,77,80,80,80,54],"gold":42,"neow_bonus":"TRANSFORM_TWO_CARDS","is_prod":false,"is_daily":false,"chose_seed":false,"campfire_upgraded":7,"win_rate":0,"timestamp":1566188260,"path_taken":["M","M","M","M","?","E","M","E","T","R","?","?","E","?","R","BOSS","M","M","M","$","?","R","E","R","T","E","?","R","M","E","R","BOSS","M","?","M","M","?","E","R","E","T","?","E","$","M","$","R","BOSS","BOSS","R","$","E","BOSS"],"build_version":"2019-07-17","purchased_purges":3,"victory":true,"max_hp_per_floor":[66,66,66,66,66,66,66,66,66,66,66,66,66,66,66,66,66,66,66,66,66,66,66,66,66,66,66,66,66,66,66,66,66,66,66,66,66,66,66,80,80,80,80,80,80,80,80,80,80,80,80,80,80,80,80,80],"card_choices":[{"not_picked":["Slice","Flying Knee","Dagger Throw"],"picked":"SKIP","floor":1.0},{"not_picked":["Prepared","Infinite Blades","Outmaneuver"],"picked":"SKIP","floor":2.0},{"not_picked":["Underhanded Strike","Outmaneuver"],"picked":"Backflip","floor":3.0},{"not_picked":["Dagger Spray","Concentrate"],"picked":"Calculated Gamble","floor":4.0},{"not_picked":["Dodge and Roll","Slice"],"picked":"Adrenaline","floor":6.0},{"not_picked":["Dagger Throw","PiercingWail","Poisoned Stab"],"picked":"SKIP","floor":7.0},{"not_picked":["Deadly Poison","Terror"],"picked":"Expertise","floor":8.0},{"not_picked":["Infinite Blades","Quick Slash"],"picked":"Escape Plan","floor":12.0},{"not_picked":["Catalyst","Flechettes","Dash"],"picked":"SKIP","floor":13.0},{"not_picked":["Glass Knife","Envenom"],"picked":"Adrenaline","floor":16.0},{"not_picked":["Deflect","Outmaneuver","Dodge and Roll"],"picked":"SKIP","floor":18.0},{"not_picked":["Masterful Stab+1","Dash","Dagger Throw"],"picked":"SKIP","floor":19.0},{"not_picked":["Escape Plan","Poisoned Stab"],"picked":"Acrobatics+1","floor":20.0},{"not_picked":["Sucker Punch","Reckless Charge","Hologram"],"picked":"SKIP","floor":22.0},{"not_picked":["Sweeping Beam","The Bomb","Sever Soul"],"picked":"SKIP","floor":24.0},{"not_picked":["All Out Attack","Burst","Wild Strike"],"picked":"Burning Pact","floor":27.0},{"not_picked":["Sever Soul","PiercingWail","Ball Lightning","True Grit"],"picked":"SKIP","floor":30.0},{"not_picked":["Cleave","PiercingWail","Dagger Spray","Chaos"],"picked":"SKIP","floor":31.0},{"not_picked":["Dark Shackles","Warcry+1","Perfected Strike","Rupture"],"picked":"SKIP","floor":35.0},{"not_picked":["Stack+1","Rupture+1","Blade Dance"],"picked":"Feel No Pain","floor":37.0},{"not_picked":["Blade Dance","Doom and Gloom","Pommel Strike","Fire Breathing"],"picked":"SKIP","floor":38.0},{"not_picked":["Forethought","HandOfGreed","Sadistic Nature"],"picked":"Deep Breath","floor":39.0},{"not_picked":["Gash+1","Cleave","Barrage+1","Pummel+1"],"picked":"SKIP","floor":40.0},{"not_picked":["Iron Wave","Gash+1","Shrug It Off","Combust"],"picked":"SKIP","floor":42.0},{"not_picked":["Twin Strike","Metallicize","Forethought","Power Through"],"picked":"SKIP","floor":45.0},{"not_picked":["Expertise","Defragment","Sunder","Streamline"],"picked":"SKIP","floor":47},{"not_picked":["Underhanded Strike","Redo","PanicButton","Concentrate"],"picked":"SKIP","floor":55}],"player_experience":935317,"relics_obtained":[{"floor":6.0,"key":"Mercury Hourglass"},{"floor":8.0,"key":"The Specimen"},{"floor":9.0,"key":"Letter Opener"},{"floor":12.0,"key":"Odd Mushroom"},{"floor":13.0,"key":"Bird Faced Urn"},{"floor":14.0,"key":"MawBank"},{"floor":24.0,"key":"Question Card"},{"floor":26.0,"key":"Happy Flower"},{"floor":27.0,"key":"Centennial Puzzle"},{"floor":31.0,"key":"War Paint"},{"floor":40.0,"key":"Vajra"},{"floor":40.0,"key":"Mango"},{"floor":42.0,"key":"Pen Nib"},{"floor":42.0,"key":"Dodecahedron"},{"floor":45.0,"key":"Blood Vial"},{"floor":45.0,"key":"The Courier"},{"floor":55,"key":"Shuriken"},{"floor":55,"key":"Orichalcum"}],"event_choices":[{"damage_healed":16.0,"max_hp_gain":0.0,"max_hp_loss":0.0,"gold_gain":0.0,"event_name":"The Cleric","player_choice":"Healed","floor":5.0,"gold_loss":35.0,"damage_taken":0.0},{"damage_healed":0.0,"max_hp_gain":0.0,"max_hp_loss":0.0,"gold_gain":75.0,"event_name":"World of Goop","player_choice":"Gather Gold","floor":11.0,"gold_loss":0.0,"damage_taken":11.0},{"damage_healed":0.0,"max_hp_gain":0.0,"max_hp_loss":0.0,"gold_gain":0.0,"event_name":"Mushrooms","player_choice":"Fought Mushrooms","floor":12.0,"gold_loss":0.0,"damage_taken":0.0},{"damage_healed":0.0,"max_hp_gain":0.0,"max_hp_loss":0.0,"gold_gain":0.0,"cards_transformed":["Strike_G","Strike_G"],"event_name":"Drug Dealer","player_choice":"Became Test Subject","floor":28.0,"gold_loss":0.0,"damage_taken":0.0,"cards_obtained":["Envenom","Distraction"]},{"cards_removed":["Envenom"],"damage_healed":0.0,"max_hp_gain":0.0,"max_hp_loss":0.0,"gold_gain":0.0,"event_name":"Falling","player_choice":"Removed Power","floor":36.0,"gold_loss":0.0,"damage_taken":0.0},{"damage_healed":0.0,"max_hp_gain":0.0,"max_hp_loss":0.0,"gold_gain":0.0,"event_name":"SensoryStone","player_choice":"Memory 1","floor":39.0,"gold_loss":0.0,"damage_taken":0.0}],"is_beta":false,"boss_relics":[{"not_picked":["Snecko Eye","Tiny House"],"picked":"Runic Dome"},{"not_picked":["Fusion Hammer","Empty Cage"],"picked":"Black Star"}],"items_purged_floors":[21,44,46],"is_endless":false,"potions_floor_spawned":[2,3,7,13,16,19,27,30,33,35,42,45,47,55],"ascension_level":20}