{"gold_per_floor":[110,123,123,32,46,46,46,81,81,98,98,110,142,199,199,276,276,286,286,305,43,54,54,66,66],"floor_reached":25,"playtime":10321,"items_purged":["Defend_B","Strike_B"],"score":383,"play_id":"2bf3501a-b843-46a6-ba60-5ac5a04a3e5f","local_time":"20190130185555","is_ascension_mode":true,"campfire_choices":[{"data":"Zap","floor":6.0,"key":"SMITH"},{"floor":11.0,"key":"RECALL"},{"data":"Barrage","floor":15.0,"key":"SMITH"},{"data":"Beam Cell","floor":23,"key":"SMITH"}],"neow_cost":"NONE","seed_source_timestamp":181763940555622,"circlet_count":0,"master_deck":["AscendersBane","Strike_B","Strike_B","Defend_B","Defend_B","Defend_B","Zap+1","Dualcast","Cold Snap","Self Repair","Capacitor","Barrage","Barrage+1","Echo Form","Beam Cell+1","Go for the Eyes"],"special_seed":0,"relics":["Cracked Core","Smiling Mask","Matryoshka","Orichalcum","Mango","Blood Vial","Eternal Feather","Runic Capacitor"],"potions_floor_usage":[22,24],"damage_taken":[{"damage":9.0,"enemies":"Jaw Worm","floor":1.0,"turns":3.0},{"damage":0.0,"enemies":"Cultist","floor":2.0,"turns":3.0},{"damage":7.0,"enemies":"2 Louse","floor":5.0,"turns":3.0},{"damage":35.0,"enemies":"3 Sentries","floor":8.0,"turns":9.0},{"damage":1.0,"enemies":"2 Fungi Beasts","floor":10.0,"turns":4.0},{"damage":5.0,"enemies":"Blue Slaver","floor":12.0,"turns":4.0},{"damage":12.0,"enemies":"Lagavulin","floor":13.0,"turns":5.0},{"damage":18.0,"enemies":"Gremlin Nob","floor":14.0,"turns":4.0},{"damage":20.0,"enemies":"Hexaghost","floor":16.0,"turns":9.0},{"damage":32.0,"enemies":"2 Thieves","floor":18.0,"turns":5.0},{"damage":29.0,"enemies":"3 Byrds","floor":20.0,"turns":5.0},{"damage":12,"enemies":"Snecko","floor":22,"turns":5},{"damage":27,"enemies":"Centurion and Healer","floor":24,"turns":6},{"damage":27,"enemies":"Sentry and Sphere","floor":25,"turns":3}],"seed_played":"-3168695102644400975","potions_obtained":[{"floor":3.0,"key":"Swift Potion"},{"floor":3.0,"key":"SteroidPotion"},{"floor":5.0,"key":"Strength Potion"},{"floor":8.0,"key":"Block Potion"},{"floor":16.0,"key":"Weak Potion"},{"floor":20.0,"key":"PowerPotion"},{"floor":22,"key":"AttackPotion"}],"is_trial":false,"path_per_floor":["M","M","?","$","M","R","?","E","T","M","R","M","E","?","R","B",null,"M","?","M","$","M","R","M","M"],"character_chosen":"DEFECT","items_purchased":["Self Repair","Runic Capacitor"],"campfire_rested":0,"item_purchase_floors":[4,21],"current_hp_per_floor":[55,55,55,55,55,55,48,20,20,26,26,28,37,28,28,17,68,45,45,25,25,29,38,20,0],"gold":66,"neow_bonus":"RANDOM_COMMON_RELIC","is_prod":false,"is_daily":false,"chose_seed":false,"campfire_upgraded":3,"win_rate":0,"timestamp":1548870955,"path_taken":["M","M","?","$","?","R","?","E","T","M","R","M","E","?","R","BOSS","M","?","M","$","M","R","M","M"],"build_version":"2019-01-17v2","purchased_purges":2,"victory":false,"max_hp_per_floor":[71,71,71,71,71,71,71,71,71,71,71,71,85,85,85,85,85,85,85,85,85,85,85,85,85],"card_choices":[{"not_picked":["Coolheaded","Sunder"],"picked":"Cold Snap","floor":1.0},{"not_picked":["Barrage","Turbo","Rebound"],"picked":"SKIP","floor":2.0},{"not_picked":["Chaos","Turbo","Darkness"],"picked":"SKIP","floor":5.0},{"not_picked":["Sunder","Force Field"],"picked":"Capacitor","floor":8.0},{"not_picked":["Storm","Streamline","Cold Snap"],"picked":"SKIP","floor":10.0},{"not_picked":["Coolheaded","Streamline"],"picked":"Barrage","floor":12.0},{"not_picked":["Turbo","Redo","Static Discharge"],"picked":"SKIP","floor":13.0},{"not_picked":["Steam","Skim"],"picked":"Barrage","floor":14.0},{"not_picked":["Fission","Creative AI"],"picked":"Echo Form","floor":16.0},{"not_picked":["Cold Snap","Rip and Tear"],"picked":"Beam Cell","floor":18.0},{"not_picked":["Redo","Compile Driver","Aggregate"],"picked":"SKIP","floor":20.0},{"not_picked":["Tempest","Storm","Beam Cell"],"picked":"SKIP","floor":22},{"not_picked":["Rebound","Hologram"],"picked":"Go for the Eyes","floor":24}],"player_experience":1195607,"relics_obtained":[{"floor":8.0,"key":"Matryoshka"},{"floor":9.0,"key":"Orichalcum"},{"floor":13.0,"key":"Mango"}],"event_choices":[{"damage_healed":0.0,"max_hp_gain":0.0,"max_hp_loss":0.0,"gold_gain":0.0,"event_name":"Lab","player_choice":"Got Potions","floor":3.0,"gold_loss":0.0,"damage_taken":0.0},{"cards_removed":["Strike_B"],"damage_healed":0.0,"max_hp_gain":0.0,"max_hp_loss":0.0,"gold_gain":0.0,"event_name":"Golden Wing","player_choice":"Card Removal","floor":7.0,"gold_loss":0.0,"damage_taken":7.0},{"damage_healed":0.0,"max_hp_gain":0.0,"max_hp_loss":0.0,"gold_gain":30.0,"event_name":"Dead Adventurer","player_choice":"Searched \u00273\u0027 times","floor":14.0,"gold_loss":0.0,"damage_taken":0.0,"relics_obtained":["Blood Vial"]},{"damage_healed":0.0,"max_hp_gain":0.0,"max_hp_loss":0.0,"gold_gain":0.0,"event_name":"The Mausoleum","player_choice":"Ignored","floor":19.0,"gold_loss":0.0,"damage_taken":0.0}],"is_beta":false,"boss_relics":[{"not_picked":["Fusion Hammer","Calling Bell"],"picked":"Eternal Feather"}],"items_purged_floors":[4,21],"is_endless":false,"potions_floor_spawned":[5,8,16,20,22],"killed_by":"Sentry and Sphere","ascension_level":16}