{"gold_per_floor":[110,121,51,51,69,98,98,23,23,52,65,83,83,100,100,202,202,216,216,229,129,149,149,161,177,251,251,251,251,267,267,267,371,371,386,386,261,281,291,291,311,311,365,94,114,132,132],"floor_reached":47,"playtime":3325,"items_purged":["Strike_R","Strike_R","Defend_R"],"score":441,"play_id":"94363b2b-52f6-4263-ac15-9698ba8d282b","local_time":"20190917041751","is_ascension_mode":false,"campfire_choices":[{"data":"Rampage","floor":7,"key":"SMITH"},{"data":"Spot Weakness","floor":15,"key":"SMITH"},{"floor":23,"key":"REST"},{"floor":29,"key":"REST"},{"data":"Rampage","floor":32,"key":"SMITH"},{"floor":40,"key":"REST"},{"floor":42,"key":"REST"}],"neow_cost":"NONE","seed_source_timestamp":1765744458155800,"circlet_count":0,"master_deck":["Defend_R","Defend_R","Defend_R","Bash+1","Inflame","Ghostly Armor","Rampage+1","Rampage+1","Impervious","Spot Weakness+1","Double Tap","Infernal Blade+1","Rage+1","Cleave+1","Inflame","Spot Weakness","Impervious","Flex+1","Metamorphosis","Flame Barrier"],"relics":["Burning Blood","Pantograph","PreservedInsect","Omamori","Centennial Puzzle","Busted Crown","Self Forming Clay","Bronze Scales","Happy Flower","Eternal Feather","Strawberry"],"potions_floor_usage":[6,22,22,33,38,47,47,47],"damage_taken":[{"damage":1,"enemies":"Cultist","floor":1,"turns":4},{"damage":9,"enemies":"2 Louse","floor":2,"turns":3},{"damage":5,"enemies":"Small Slimes","floor":5,"turns":3},{"damage":22,"enemies":"Lagavulin","floor":6,"turns":7},{"damage":17,"enemies":"3 Sentries","floor":10,"turns":8},{"damage":6,"enemies":"3 Louse","floor":11,"turns":4},{"damage":2,"enemies":"Large Slime","floor":12,"turns":5},{"damage":5,"enemies":"Exordium Thugs","floor":14,"turns":4},{"damage":57,"enemies":"The Guardian","floor":16,"turns":11},{"damage":20,"enemies":"2 Thieves","floor":18,"turns":4},{"damage":9,"enemies":"Shell Parasite","floor":20,"turns":5},{"damage":21,"enemies":"Sentry and Sphere","floor":22,"turns":5},{"damage":10,"enemies":"Snecko","floor":24,"turns":5},{"damage":25,"enemies":"Shelled Parasite and Fungi","floor":25,"turns":5},{"damage":0,"enemies":"Centurion and Healer","floor":30,"turns":5},{"damage":59,"enemies":"Collector","floor":33,"turns":6},{"damage":10,"enemies":"Orb Walker","floor":35,"turns":3},{"damage":21,"enemies":"3 Shapes","floor":38,"turns":6},{"damage":29,"enemies":"3 Darklings","floor":39,"turns":5},{"damage":46,"enemies":"4 Shapes","floor":41,"turns":7},{"damage":48,"enemies":"Sphere and 2 Shapes","floor":45,"turns":6},{"damage":21,"enemies":"Writhing Mass","floor":46,"turns":4},{"damage":22,"enemies":"Jaw Worm Horde","floor":47,"turns":2}],"seed_played":"-5881080295982194269","potions_obtained":[{"floor":1,"key":"Regen Potion"},{"floor":6,"key":"Swift Potion"},{"floor":12,"key":"Poison Potion"},{"floor":16,"key":"Strength Potion"},{"floor":30,"key":"Weak Potion"},{"floor":35,"key":"Poison Potion"},{"floor":39,"key":"Weak Potion"},{"floor":41,"key":"Swift Potion"}],"is_trial":false,"path_per_floor":["M","M","$","?","M","E","R","$","T","E","M","M","$","M","R","B",null,"M","?","M","$","M","R","M","M","T","?","?","R","M","?","R","B",null,"M","?","$","M","M","R","M","R","T","$","M","M","M"],"character_chosen":"IRONCLAD","items_purchased":["Rampage","Metamorphosis","EssenceOfSteel"],"campfire_rested":4,"item_purchase_floors":[3,44,44],"current_hp_per_floor":[80,77,77,52,53,52,52,52,52,41,41,45,45,46,46,20,80,66,66,63,63,48,72,68,49,49,49,49,73,79,79,79,27,80,76,76,76,61,38,71,31,64,71,71,29,14,0],"gold":132,"neow_bonus":"UPGRADE_CARD","is_prod":false,"is_daily":false,"chose_seed":false,"campfire_upgraded":3,"win_rate":0.0,"timestamp":1568708271,"path_taken":["M","M","$","?","M","E","R","$","T","E","M","M","$","M","R","BOSS","M","?","M","$","M","R","M","M","T","?","?","R","M","?","R","BOSS","M","?","?","M","M","R","?","R","T","$","M","M","M"],"build_version":"2019-07-17","purchased_purges":3,"victory":false,"max_hp_per_floor":[80,80,80,80,80,80,80,80,80,80,80,80,80,80,80,80,80,80,80,80,80,80,80,80,80,80,80,80,80,80,80,80,80,80,80,80,80,80,80,80,80,80,87,87,87,87,87],"card_choices":[{"not_picked":["Rage","Seeing Red"],"picked":"Inflame","floor":1},{"not_picked":["Entrench","Flex"],"picked":"Ghostly Armor","floor":2},{"not_picked":["Perfected Strike","Shockwave"],"picked":"Rampage","floor":5},{"not_picked":["Rupture","Sword Boomerang","Anger"],"picked":"SKIP","floor":6},{"not_picked":["Clash","Blood for Blood"],"picked":"Impervious","floor":10},{"not_picked":["Bloodletting","Perfected Strike"],"picked":"Spot Weakness","floor":11},{"not_picked":["Anger","Sword Boomerang","Clothesline"],"picked":"SKIP","floor":12},{"not_picked":["Corruption","Clothesline","Sword Boomerang"],"picked":"SKIP","floor":14},{"not_picked":["Brutality","Impervious"],"picked":"Double Tap","floor":16},{"not_picked":["Warcry"],"picked":"SKIP","floor":18},{"not_picked":[],"picked":"Infernal Blade+1","floor":20},{"not_picked":["Whirlwind"],"picked":"SKIP","floor":22},{"not_picked":[],"picked":"Rage+1","floor":24},{"not_picked":["Flex"],"picked":"SKIP","floor":25},{"not_picked":[],"picked":"Cleave+1","floor":30},{"not_picked":[],"picked":"Impervious","floor":33},{"not_picked":[],"picked":"Flex+1","floor":35},{"not_picked":["Pommel Strike"],"picked":"SKIP","floor":38},{"not_picked":["Dual Wield"],"picked":"SKIP","floor":39},{"not_picked":["Sword Boomerang+1"],"picked":"SKIP","floor":41},{"not_picked":["Corruption"],"picked":"SKIP","floor":45},{"not_picked":[],"picked":"Flame Barrier","floor":46}],"player_experience":19524,"relics_obtained":[{"floor":6,"key":"PreservedInsect"},{"floor":9,"key":"Omamori"},{"floor":10,"key":"Centennial Puzzle"},{"floor":26,"key":"Self Forming Clay"},{"floor":43,"key":"Strawberry"}],"event_choices":[{"damage_healed":0,"gold_gain":0,"player_choice":"Success","damage_taken":25,"relics_obtained":["Pantograph"],"max_hp_gain":0,"max_hp_loss":0,"event_name":"Scrap Ooze","floor":4,"gold_loss":0},{"damage_healed":0,"gold_gain":0,"player_choice":"Ignored","damage_taken":0,"max_hp_gain":0,"max_hp_loss":0,"event_name":"Vampires","floor":19,"gold_loss":0},{"damage_healed":0,"gold_gain":0,"player_choice":"Opened","damage_taken":0,"relics_obtained":["Bronze Scales"],"max_hp_gain":0,"max_hp_loss":0,"event_name":"The Mausoleum","floor":27,"gold_loss":0,"cards_obtained":["Writhe"]},{"damage_healed":0,"gold_gain":0,"player_choice":"Stole Relic","damage_taken":0,"relics_obtained":["Happy Flower"],"max_hp_gain":0,"max_hp_loss":0,"event_name":"Addict","floor":28,"gold_loss":0,"cards_obtained":["Shame"]},{"damage_healed":0,"gold_gain":0,"cards_transformed":["Strike_R","Strike_R"],"player_choice":"Became Test Subject","damage_taken":0,"max_hp_gain":0,"max_hp_loss":0,"event_name":"Drug Dealer","floor":31,"gold_loss":0,"cards_obtained":["Inflame","Spot Weakness"]},{"cards_removed":["Strike_R"],"damage_healed":0,"gold_gain":0,"player_choice":"Offered Basic","damage_taken":0,"max_hp_gain":0,"max_hp_loss":0,"event_name":"Bonfire Elementals","floor":36,"gold_loss":0}],"is_beta":false,"boss_relics":[{"not_picked":["White Beast Statue","Empty Cage"],"picked":"Busted Crown"},{"not_picked":["Coffee Dripper","Philosopher\u0027s Stone"],"picked":"Eternal Feather"}],"items_purged_floors":[8,21,37],"is_endless":false,"potions_floor_spawned":[1,6,12,16,20,30,35,39,41,46],"killed_by":"Jaw Worm Horde","ascension_level":0}