{"gold_per_floor":[111,126,145,145,163,192,192,202,226,226,236,236,254,270,270,368,368,368,283,283,283,283,283,283,283,283,283,283,283,283,283,283,283],"floor_reached":33,"playtime":2130,"items_purged":[],"score":273,"play_id":"b647bf8e-d10a-4477-b15c-efb0d5508f7a","local_time":"20190916233439","is_ascension_mode":false,"campfire_choices":[{"data":"Bludgeon","floor":12,"key":"SMITH"},{"data":"Perfected Strike","floor":15,"key":"SMITH"},{"data":"Armaments","floor":23,"key":"SMITH"},{"floor":25,"key":"REST"},{"data":"1","floor":28,"key":"LIFT"},{"floor":32,"key":"REST"}],"neow_cost":"NONE","seed_source_timestamp":1749948465750700,"circlet_count":0,"master_deck":["Strike_R","Strike_R+1","Strike_R+1","Strike_R","Strike_R","Defend_R","Defend_R","Bash","Finesse","Perfected Strike+1","Shrug It Off","Bludgeon+1","Clothesline","Shrug It Off","Intimidate","Seeing Red","Armaments+1","Perfected Strike","Armaments","Flame Barrier","Clash+1"],"relics":["Burning Blood","Regal Pillow","Happy Flower","Whetstone","Ectoplasm","Orichalcum","Girya","Molten Egg 2"],"potions_floor_usage":[16,16,33,33,33],"damage_taken":[{"damage":8,"enemies":"2 Louse","floor":1,"turns":4},{"damage":0,"enemies":"Cultist","floor":2,"turns":2},{"damage":5,"enemies":"Small Slimes","floor":3,"turns":3},{"damage":0,"enemies":"3 Louse","floor":5,"turns":3},{"damage":21,"enemies":"Gremlin Nob","floor":6,"turns":4},{"damage":20,"enemies":"Looter","floor":8,"turns":3},{"damage":6,"enemies":"Red Slaver","floor":11,"turns":3},{"damage":15,"enemies":"Exordium Thugs","floor":13,"turns":3},{"damage":2,"enemies":"Looter","floor":14,"turns":2},{"damage":38,"enemies":"Hexaghost","floor":16,"turns":8},{"damage":3,"enemies":"Shell Parasite","floor":18,"turns":5},{"damage":0,"enemies":"Chosen","floor":20,"turns":3},{"damage":75,"enemies":"Gremlin Leader","floor":24,"turns":5},{"damage":0,"enemies":"Snecko","floor":27,"turns":3},{"damage":16,"enemies":"Shelled Parasite and Fungi","floor":29,"turns":6},{"damage":5,"enemies":"Chosen and Byrds","floor":30,"turns":4},{"damage":15,"enemies":"Sentry and Sphere","floor":31,"turns":5},{"damage":81,"enemies":"Collector","floor":33,"turns":7}],"seed_played":"-6703129163421291332","potions_obtained":[{"floor":5,"key":"Ancient Potion"},{"floor":6,"key":"LiquidBronze"},{"floor":13,"key":"SpeedPotion"},{"floor":14,"key":"Block Potion"},{"floor":16,"key":"SmokeBomb"},{"floor":20,"key":"Ancient Potion"},{"floor":27,"key":"AttackPotion"}],"is_trial":false,"path_per_floor":["M","M","M","$","M","E","?","M","T","?","M","R","M","M","R","B",null,"M","?","M","?","?","R","E","R","T","M","R","M","M","M","R","B"],"character_chosen":"IRONCLAD","items_purchased":[],"campfire_rested":2,"item_purchase_floors":[],"current_hp_per_floor":[78,80,80,80,80,65,53,39,39,80,80,80,71,75,75,43,80,80,80,80,80,80,80,11,50,50,56,56,46,47,38,77,0],"gold":283,"neow_bonus":"RANDOM_COLORLESS","is_prod":false,"is_daily":false,"chose_seed":false,"campfire_upgraded":3,"win_rate":0.0,"timestamp":1568691279,"path_taken":["M","M","M","$","M","E","?","M","T","?","?","R","M","M","R","BOSS","M","?","M","?","?","R","E","R","T","M","R","M","M","M","R","BOSS"],"build_version":"2019-07-17","purchased_purges":0,"victory":false,"max_hp_per_floor":[80,80,80,80,80,80,80,80,80,80,80,80,80,80,80,80,80,80,80,80,80,80,80,80,80,80,80,80,80,80,80,80,80],"card_choices":[{"not_picked":["Dropkick","Reckless Charge"],"picked":"Perfected Strike","floor":1},{"not_picked":["Twin Strike","Clothesline"],"picked":"Searing Blow","floor":2},{"not_picked":["Body Slam","Headbutt"],"picked":"Shrug It Off","floor":3},{"not_picked":["Armaments","Cleave"],"picked":"Bludgeon","floor":5},{"not_picked":["Second Wind","Sword Boomerang"],"picked":"Clothesline","floor":6},{"not_picked":["Spot Weakness","Whirlwind"],"picked":"Shrug It Off","floor":8},{"not_picked":["Blood for Blood","Heavy Blade"],"picked":"Intimidate","floor":11},{"not_picked":["Whirlwind","Searing Blow","Pummel"],"picked":"SKIP","floor":13},{"not_picked":["Body Slam","Pommel Strike"],"picked":"Seeing Red","floor":14},{"not_picked":["Second Wind+1","Twin Strike"],"picked":"Armaments","floor":18},{"not_picked":["Feel No Pain","Corruption+1"],"picked":"Perfected Strike","floor":20},{"not_picked":["Sword Boomerang","Spot Weakness","Body Slam"],"picked":"SKIP","floor":24},{"not_picked":["Flex","Pommel Strike+1","Sword Boomerang+1"],"picked":"SKIP","floor":27},{"not_picked":["Corruption","Ghostly Armor"],"picked":"Clash+1","floor":29},{"not_picked":["Sword Boomerang+1","Armaments+1","Shockwave"],"picked":"SKIP","floor":30},{"not_picked":["Shrug It Off","Pummel+1","Rage+1"],"picked":"SKIP","floor":31}],"player_experience":10485,"relics_obtained":[{"floor":6,"key":"Regal Pillow"},{"floor":9,"key":"Whetstone"},{"floor":24,"key":"Girya"},{"floor":26,"key":"Molten Egg 2"}],"event_choices":[{"damage_healed":0,"gold_gain":0,"player_choice":"Success","damage_taken":12,"relics_obtained":["Happy Flower"],"max_hp_gain":0,"max_hp_loss":0,"event_name":"Scrap Ooze","floor":7,"gold_loss":0},{"cards_removed":["Searing Blow"],"damage_healed":41,"gold_gain":0,"player_choice":"Offered Uncommon","damage_taken":0,"max_hp_gain":0,"max_hp_loss":0,"event_name":"Bonfire Elementals","floor":10,"gold_loss":0},{"damage_healed":0,"gold_gain":0,"player_choice":"Obtained Relic","damage_taken":0,"relics_obtained":["Orichalcum"],"max_hp_gain":0,"max_hp_loss":0,"event_name":"Addict","floor":19,"gold_loss":85},{"damage_healed":0,"gold_gain":0,"player_choice":"Ignored","damage_taken":0,"max_hp_gain":0,"max_hp_loss":0,"event_name":"Vampires","floor":21,"gold_loss":0},{"damage_healed":0,"gold_gain":0,"cards_transformed":["Defend_R","Defend_R"],"player_choice":"Became Test Subject","damage_taken":0,"max_hp_gain":0,"max_hp_loss":0,"event_name":"Drug Dealer","floor":22,"gold_loss":0,"cards_obtained":["Armaments","Flame Barrier"]}],"is_beta":false,"boss_relics":[{"not_picked":["Sozu","Lizard Tail"],"picked":"Ectoplasm"}],"items_purged_floors":[],"is_endless":false,"potions_floor_spawned":[5,6,13,14,16,20,24,27],"killed_by":"Collector","ascension_level":0}