{"gold_per_floor":[112,112,187,205,41,75,75,75],"floor_reached":8,"playtime":107,"items_purged":["Strike_G"],"score":158,"play_id":"a81eb000-84d3-4325-b43f-127253c96880","local_time":"20190601094307","is_ascension_mode":true,"campfire_choices":[{"data":"Noxious Fumes","floor":7.0,"key":"SMITH"}],"neow_cost":"NONE","seed_source_timestamp":1209891352002101,"circlet_count":0,"master_deck":["AscendersBane","Strike_G","Strike_G","Strike_G","Strike_G","Defend_G","Defend_G","Defend_G","Defend_G","Defend_G","Survivor","Neutralize","Noxious Fumes+1","Acrobatics"],"special_seed":0,"relics":["Ring of the Snake","NeowsBlessing","Ornamental Fan","Pantograph"],"potions_floor_usage":[8],"damage_taken":[{"damage":0.0,"enemies":"Small Slimes","floor":1.0,"turns":1.0},{"damage":0.0,"enemies":"Jaw Worm","floor":4.0,"turns":1.0},{"damage":0.0,"enemies":"3 Sentries","floor":6.0,"turns":1.0},{"damage":32,"enemies":"Gremlin Nob","floor":8,"turns":4}],"seed_played":"7492468801612162088","potions_obtained":[{"floor":1.0,"key":"Fire Potion"},{"floor":6.0,"key":"Block Potion"}],"is_trial":false,"path_per_floor":["M","?","?","M","$","E","R","E"],"character_chosen":"THE_SILENT","items_purchased":["Noxious Fumes"],"campfire_rested":0,"item_purchase_floors":[5],"current_hp_per_floor":[59,41,30,30,30,30,30,0],"gold":75,"neow_bonus":"THREE_ENEMY_KILL","is_prod":false,"is_daily":false,"chose_seed":false,"campfire_upgraded":1,"win_rate":0,"timestamp":1559353387,"path_taken":["M","?","?","M","?","E","R","E"],"build_version":"2019-05-28","purchased_purges":1,"victory":false,"max_hp_per_floor":[66,66,66,66,66,66,66,66],"card_choices":[{"not_picked":["Distraction","Cloak And Dagger","Underhanded Strike"],"picked":"SKIP","floor":1.0},{"not_picked":["Cloak And Dagger","PiercingWail","Quick Slash"],"picked":"SKIP","floor":4.0},{"not_picked":["Poisoned Stab","Setup"],"picked":"Acrobatics","floor":6.0}],"player_experience":3068103,"relics_obtained":[{"floor":6.0,"key":"Pantograph"}],"event_choices":[{"damage_healed":0.0,"max_hp_gain":0.0,"max_hp_loss":0.0,"gold_gain":0.0,"event_name":"Scrap Ooze","player_choice":"Success","floor":2.0,"gold_loss":0.0,"damage_taken":18.0,"relics_obtained":["Ornamental Fan"]},{"damage_healed":0.0,"max_hp_gain":0.0,"max_hp_loss":0.0,"gold_gain":75.0,"event_name":"World of Goop","player_choice":"Gather Gold","floor":3.0,"gold_loss":0.0,"damage_taken":11.0}],"is_beta":true,"boss_relics":[],"items_purged_floors":[5],"is_endless":false,"potions_floor_spawned":[1,6],"killed_by":"Gremlin Nob","ascension_level":20}