{"gold_per_floor":[111,186,202,213,138,138,170,170,170,200,200,125,141,158,158,235,235,254,254,80,98,112,112,144,144,144,170,70,96,636,650,650,728,728,746,371,386,386,406,490,504,535,558,573,588,448,776,787,787,787,787,787,787,61,86,86],"floor_reached":57,"playtime":2994,"items_purged":["Injury","Underhanded Strike","Phantasmal Killer","Bouncing Flask","Flechettes","Jack Of All Trades+1"],"score":3499,"play_id":"5c202f0d-6385-486f-bb22-580d9f916cfe","local_time":"20190821202227","is_ascension_mode":true,"campfire_choices":[{"data":"Jack Of All Trades","floor":6.0,"key":"SMITH"},{"data":"Corpse Explosion","floor":8.0,"key":"SMITH"},{"data":"Catalyst","floor":15.0,"key":"SMITH"},{"data":"Acrobatics","floor":23.0,"key":"SMITH"},{"data":"Tactician","floor":25.0,"key":"SMITH"},{"data":"Calculated Gamble","floor":32.0,"key":"SMITH"},{"floor":49.0,"key":"RECALL"},{"data":"Burst","floor":53.0,"key":"SMITH"}],"neow_cost":"CURSE","seed_source_timestamp":0,"circlet_count":0,"master_deck":["AscendersBane","Survivor","Neutralize","Flash of Steel","Corpse Explosion+1","PiercingWail+1","Catalyst+1","Calculated Gamble+1","Night Terror+1","Heel Hook","Malaise","Terror","A Thousand Cuts+1","Tools of the Trade+1","Acrobatics+1","Tactician+1","Well Laid Plans+1","Burst+1","Acrobatics+1","Footwork+1","Escape Plan+1"],"special_seed":0,"relics":["Ring of the Snake","Regal Pillow","Frozen Egg 2","Shovel","Pocketwatch","Nloth\u0027s Gift","The Courier","Mango","Peace Pipe","Pear","Black Star","Lantern","Art of War","War Paint","Tiny Chest","Mercury Hourglass","Ancient Tea Set","FossilizedHelix","Old Coin","Dodecahedron","Oddly Smooth Stone","Torii","Tough Bandages","Blood Vial"],"potions_floor_usage":[56,56],"damage_taken":[{"damage":0.0,"enemies":"2 Louse","floor":1.0,"turns":3.0},{"damage":4.0,"enemies":"Jaw Worm","floor":3.0,"turns":7.0},{"damage":1.0,"enemies":"Small Slimes","floor":4.0,"turns":4.0},{"damage":29.0,"enemies":"Lagavulin","floor":7.0,"turns":9.0},{"damage":10.0,"enemies":"Gremlin Nob","floor":10.0,"turns":5.0},{"damage":6.0,"enemies":"Exordium Thugs","floor":13.0,"turns":4.0},{"damage":0.0,"enemies":"Gremlin Gang","floor":14.0,"turns":2.0},{"damage":3.0,"enemies":"The Guardian","floor":16.0,"turns":9.0},{"damage":0.0,"enemies":"3 Byrds","floor":18.0,"turns":1.0},{"damage":2.0,"enemies":"Shell Parasite","floor":21.0,"turns":4.0},{"damage":6.0,"enemies":"Centurion and Healer","floor":22.0,"turns":3.0},{"damage":0.0,"enemies":"Slavers","floor":24.0,"turns":1.0},{"damage":0.0,"enemies":"Gremlin Leader","floor":27.0,"turns":3.0},{"damage":9.0,"enemies":"Book of Stabbing","floor":29.0,"turns":4.0},{"damage":0.0,"enemies":"Snake Plant","floor":31.0,"turns":4.0},{"damage":0.0,"enemies":"Automaton","floor":33.0,"turns":4.0},{"damage":9.0,"enemies":"3 Shapes","floor":35.0,"turns":4.0},{"damage":9.0,"enemies":"Orb Walker","floor":37.0,"turns":3.0},{"damage":0.0,"enemies":"Transient","floor":39.0,"turns":6.0},{"damage":6.0,"enemies":"Reptomancer","floor":40.0,"turns":3.0},{"damage":0.0,"enemies":"3 Darklings","floor":41.0,"turns":3.0},{"damage":0.0,"enemies":"Nemesis","floor":42.0,"turns":5.0},{"damage":24.0,"enemies":"Sphere and 2 Shapes","floor":44.0,"turns":5.0},{"damage":0.0,"enemies":"Maw","floor":45.0,"turns":3.0},{"damage":0.0,"enemies":"Reptomancer","floor":47.0,"turns":3.0},{"damage":0.0,"enemies":"4 Shapes","floor":48.0,"turns":1.0},{"damage":0.0,"enemies":"Donu and Deca","floor":50.0,"turns":2.0},{"damage":0.0,"enemies":"Time Eater","floor":51.0,"turns":3.0},{"damage":2,"enemies":"Shield and Spear","floor":55,"turns":2},{"damage":0,"enemies":"The Heart","floor":56,"turns":7}],"seed_played":"385378003583897572","potions_obtained":[{"floor":4.0,"key":"PowerPotion"},{"floor":7.0,"key":"Regen Potion"},{"floor":13.0,"key":"AttackPotion"},{"floor":14.0,"key":"Explosive Potion"},{"floor":16.0,"key":"GhostInAJar"},{"floor":21.0,"key":"Fruit Juice"},{"floor":22.0,"key":"Ancient Potion"},{"floor":24.0,"key":"Swift Potion"},{"floor":29.0,"key":"Fire Potion"},{"floor":35.0,"key":"PowerPotion"},{"floor":40.0,"key":"SpeedPotion"}],"is_trial":false,"path_per_floor":["M","?","M","M","$","R","E","R","T","E","T","?","M","M","R","B",null,"M","?","$","M","M","R","E","R","T","E","$","E","?","M","R","B",null,"M","$","M","?","M","E","M","E","T","M","M","$","E","M","R","B","B",null,"R","$","E","B",null],"character_chosen":"THE_SILENT","items_purchased":["Tactician","Lantern","Art of War","Dodecahedron","Oddly Smooth Stone","Torii"],"campfire_rested":0,"item_purchase_floors":[20,36,36,54,54,54],"current_hp_per_floor":[59,48,44,43,43,43,14,14,14,4,4,4,12,12,12,9,52,52,52,52,55,49,49,49,49,63,63,63,64,1,1,1,1,72,63,63,54,54,54,48,48,48,48,24,24,24,24,24,24,24,24,77,77,77,75,77],"gold":86,"neow_bonus":"RANDOM_COLORLESS_2","is_prod":false,"is_daily":false,"chose_seed":false,"campfire_upgraded":7,"win_rate":0,"timestamp":1566386547,"path_taken":["M","?","M","M","$","R","E","R","T","E","?","?","M","M","R","BOSS","M","?","?","?","?","R","E","R","T","E","$","E","?","M","R","BOSS","M","$","M","?","M","E","M","E","T","M","M","$","E","M","R","BOSS","BOSS","R","$","E","BOSS"],"build_version":"2019-07-17","purchased_purges":6,"victory":true,"max_hp_per_floor":[66,66,66,66,66,66,66,66,66,66,66,66,66,66,66,66,66,66,66,66,71,71,71,71,71,85,85,85,95,95,95,95,95,95,95,95,95,95,95,95,95,95,95,95,95,95,95,95,95,95,95,95,95,95,95,95],"card_choices":[{"not_picked":["Poisoned Stab","Acrobatics","Sucker Punch"],"picked":"SKIP","floor":1.0},{"not_picked":["Bane","Quick Slash"],"picked":"Corpse Explosion","floor":3.0},{"not_picked":["Cloak And Dagger","All Out Attack","Endless Agony"],"picked":"SKIP","floor":4.0},{"not_picked":["Quick Slash","Bane"],"picked":"PiercingWail","floor":7.0},{"not_picked":["Envenom+1","Finisher"],"picked":"Catalyst","floor":10.0},{"not_picked":["All Out Attack","Outmaneuver","Finisher"],"picked":"SKIP","floor":13.0},{"not_picked":["Expertise","Deadly Poison"],"picked":"Calculated Gamble","floor":14.0},{"not_picked":["Bullet Time","Doppelganger"],"picked":"Night Terror","floor":16.0},{"not_picked":["Sucker Punch","Underhanded Strike"],"picked":"Acrobatics","floor":18.0},{"not_picked":["Bane","PiercingWail","Dodge and Roll"],"picked":"SKIP","floor":21.0},{"not_picked":["Backstab","Calculated Gamble"],"picked":"Well Laid Plans+1","floor":22.0},{"not_picked":["Setup","Malaise","Crippling Poison"],"picked":"SKIP","floor":24.0},{"not_picked":["Slice","Finisher","Skewer"],"picked":"SKIP","floor":27.0},{"not_picked":["Night Terror","Blade Dance","Envenom+1"],"picked":"SKIP","floor":29.0},{"not_picked":["Endless Agony","Noxious Fumes+1","Prepared"],"picked":"SKIP","floor":31.0},{"not_picked":["A Thousand Cuts+1","Malaise"],"picked":"Burst","floor":33.0},{"not_picked":["Quick Slash+1","Acrobatics+1","Poisoned Stab"],"picked":"SKIP","floor":35.0},{"not_picked":["Quick Slash+1","Acrobatics+1","Poisoned Stab"],"picked":"SKIP","floor":35.0},{"not_picked":["Quick Slash+1","Poisoned Stab"],"picked":"Acrobatics+1","floor":35.0},{"not_picked":["PiercingWail","Acrobatics","Bane"],"picked":"SKIP","floor":37.0},{"not_picked":["Sucker Punch","Die Die Die","PiercingWail"],"picked":"SKIP","floor":39.0},{"not_picked":["Tools of the Trade+1","Outmaneuver","Acrobatics"],"picked":"SKIP","floor":40.0},{"not_picked":["Dodge and Roll","Acrobatics","Envenom+1"],"picked":"SKIP","floor":41.0},{"not_picked":["Underhanded Strike","Blade Dance","Endless Agony"],"picked":"SKIP","floor":42.0},{"not_picked":["Burst","Escape Plan"],"picked":"Footwork+1","floor":44.0},{"not_picked":["Outmaneuver","Cloak And Dagger","Blade Dance"],"picked":"SKIP","floor":45.0},{"not_picked":["Deflect","Backstab+1","Dash"],"picked":"SKIP","floor":47.0},{"not_picked":["Caltrops+1","Slice","Cloak And Dagger"],"picked":"SKIP","floor":48.0},{"not_picked":["Flying Knee+1","All Out Attack+1"],"picked":"Escape Plan+1","floor":55}],"player_experience":959052,"relics_obtained":[{"floor":7.0,"key":"Regal Pillow"},{"floor":9.0,"key":"Frozen Egg 2"},{"floor":10.0,"key":"Shovel"},{"floor":11.0,"key":"Pocketwatch"},{"floor":24.0,"key":"The Courier"},{"floor":26.0,"key":"Mango"},{"floor":27.0,"key":"Peace Pipe"},{"floor":29.0,"key":"Pear"},{"floor":40.0,"key":"War Paint"},{"floor":40.0,"key":"Tiny Chest"},{"floor":42.0,"key":"Mercury Hourglass"},{"floor":42.0,"key":"Ancient Tea Set"},{"floor":47.0,"key":"FossilizedHelix"},{"floor":47.0,"key":"Old Coin"},{"floor":55,"key":"Tough Bandages"},{"floor":55,"key":"Blood Vial"}],"event_choices":[{"damage_healed":0.0,"max_hp_gain":0.0,"max_hp_loss":0.0,"gold_gain":75.0,"event_name":"World of Goop","player_choice":"Gather Gold","floor":2.0,"gold_loss":0.0,"damage_taken":11.0},{"cards_removed":["Strike_G"],"damage_healed":0.0,"max_hp_gain":0.0,"max_hp_loss":0.0,"gold_gain":0.0,"event_name":"The Cleric","player_choice":"Card Removal","floor":12.0,"gold_loss":75.0,"damage_taken":0.0},{"damage_healed":0.0,"max_hp_gain":0.0,"max_hp_loss":0.0,"gold_gain":0.0,"event_name":"N\u0027loth","player_choice":"Traded Relic","floor":19.0,"relics_lost":["Pandora\u0027s Box"],"gold_loss":0.0,"damage_taken":0.0,"relics_obtained":["Nloth\u0027s Gift"]},{"damage_healed":0.0,"max_hp_gain":0.0,"max_hp_loss":0.0,"gold_gain":540.0,"event_name":"Knowing Skull","player_choice":"GOLD GOLD GOLD GOLD GOLD GOLD ","floor":30.0,"potions_obtained":[],"gold_loss":0.0,"damage_taken":63.0,"cards_obtained":[]},{"damage_healed":0.0,"max_hp_gain":0.0,"max_hp_loss":0.0,"gold_gain":0.0,"event_name":"Tomb of Lord Red Mask","player_choice":"Ignored","floor":38.0,"gold_loss":0.0,"damage_taken":0.0}],"is_beta":false,"boss_relics":[{"not_picked":["Ectoplasm","Astrolabe"],"picked":"Pandora\u0027s Box"},{"not_picked":["HoveringKite","Runic Pyramid"],"picked":"Black Star"}],"items_purged_floors":[5,20,28,36,46,54],"is_endless":false,"potions_floor_spawned":[4,7,13,14,16,21,22,24,29,33,35,39,40,44,47],"ascension_level":20}