{"gold_per_floor":[109,126,126,141,216,216,245,245,245,270,285,285],"floor_reached":12,"playtime":735,"items_purged":[],"score":154,"play_id":"f816c544-1e5c-49a5-8f48-ff1a41020711","local_time":"20190129183002","is_ascension_mode":true,"campfire_choices":[{"data":"Defragment","floor":6,"key":"SMITH"},{"data":"Capacitor","floor":8,"key":"SMITH"}],"neow_cost":"NONE","seed_source_timestamp":103578912739465,"circlet_count":0,"master_deck":["AscendersBane","Strike_B","Strike_B","Strike_B","Strike_B","Defend_B","Defend_B","Defend_B","Defend_B","Zap","Dualcast","Defragment+1","Defragment+1","Capacitor+1","Cold Snap","Compile Driver","Turbo"],"relics":["Cracked Core","Gremlin Horn","Juzu Bracelet","Centennial Puzzle"],"potions_floor_usage":[],"damage_taken":[{"damage":3,"enemies":"2 Louse","floor":1,"turns":4},{"damage":6,"enemies":"Cultist","floor":2,"turns":4},{"damage":2,"enemies":"Jaw Worm","floor":4,"turns":3},{"damage":13,"enemies":"Lagavulin","floor":7,"turns":7},{"damage":19,"enemies":"Gremlin Nob","floor":10,"turns":5},{"damage":0,"enemies":"Large Slime","floor":11,"turns":5},{"damage":12,"enemies":"Gremlin Gang","floor":12,"turns":3}],"seed_played":"4900461845015019139","potions_obtained":[{"floor":2,"key":"Ancient Potion"},{"floor":4,"key":"SteroidPotion"}],"is_trial":false,"path_per_floor":["M","M","?","M","?","R","E","R","T","E","M","M"],"character_chosen":"DEFECT","items_purchased":[],"campfire_rested":0,"item_purchase_floors":[],"current_hp_per_floor":[61,55,55,53,42,42,29,29,29,10,10,0],"gold":285,"neow_bonus":"THREE_CARDS","is_prod":false,"is_daily":false,"chose_seed":false,"campfire_upgraded":2,"win_rate":0,"timestamp":1548783002,"path_taken":["M","M","?","?","?","R","E","R","T","E","M","M"],"build_version":"2019-01-17v2","purchased_purges":0,"victory":false,"max_hp_per_floor":[71,71,71,71,71,71,71,71,71,71,71,71],"card_choices":[{"not_picked":["White Noise","Capacitor"],"picked":"Defragment","floor":0},{"not_picked":["Compile Driver","Gash"],"picked":"Defragment","floor":1},{"not_picked":["BootSequence","Barrage"],"picked":"Capacitor","floor":2},{"not_picked":["Streamline","Redo"],"picked":"Cold Snap","floor":4},{"not_picked":["Steam Power","Doom and Gloom"],"picked":"Compile Driver","floor":7},{"not_picked":["Undo","Rebound","Chill"],"picked":"SKIP","floor":10},{"not_picked":["Gash","Rainbow"],"picked":"Turbo","floor":11}],"player_experience":1181554,"relics_obtained":[{"floor":7,"key":"Gremlin Horn"},{"floor":9,"key":"Juzu Bracelet"},{"floor":10,"key":"Centennial Puzzle"}],"event_choices":[{"damage_healed":0,"gold_gain":0,"player_choice":"Forge","damage_taken":0,"max_hp_gain":0,"max_hp_loss":0,"event_name":"Accursed Blacksmith","floor":3,"gold_loss":0,"cards_upgraded":["Defragment"]},{"damage_healed":0,"gold_gain":75,"player_choice":"Gather Gold","damage_taken":11,"max_hp_gain":0,"max_hp_loss":0,"event_name":"World of Goop","floor":5,"gold_loss":0}],"is_beta":false,"boss_relics":[],"items_purged_floors":[],"is_endless":false,"potions_floor_spawned":[2,4],"killed_by":"Gremlin Gang","ascension_level":15}