{"gold_per_floor":[214,24,36,54,72,72,103,116,116,128,128,142,5,18,18,119,119,132,231,250,250,173,199,199,199,199,10,24,35,50,50,50,146,146,156,172,34,48,24,24,124,13,82,82,98,98],"floor_reached":46,"playtime":4733,"items_purged":["Strike_G"],"score":538,"play_id":"274960f5-9644-47be-893c-4c6389b468cb","local_time":"20190921133705","is_ascension_mode":true,"campfire_choices":[{"data":"Survivor","floor":6,"key":"SMITH"},{"floor":11,"key":"REST"},{"floor":15,"key":"REST"},{"floor":24,"key":"REST"},{"floor":32,"key":"REST"},{"data":"Leg Sweep","floor":40,"key":"SMITH"},{"floor":44,"key":"RECALL"}],"neow_cost":"NONE","seed_source_timestamp":358679287107780,"circlet_count":0,"master_deck":["Strike_G","Strike_G","Strike_G","Strike_G","Defend_G","Defend_G","Defend_G","Defend_G","Defend_G","Survivor+1","Neutralize","Backflip","Crippling Poison","Distraction","Noxious Fumes","Catalyst","Corpse Explosion","Dodge and Roll","Leg Sweep","Poisoned Stab","Skewer","Bullet Time","PiercingWail","Blur","PiercingWail","Leg Sweep+1","Outmaneuver","Dagger Spray+1","Poisoned Stab+1","Crippling Poison","Catalyst","Leg Sweep","Distraction","Noxious Fumes+1","Corpse Explosion","Blur+1","Backflip","Deflect+1","Poisoned Stab","Sucker Punch+1","Apotheosis","PiercingWail","Envenom"],"relics":["Ring of the Snake","Membership Card","Kunai","Meat on the Bone","Regal Pillow","Black Star","Orrery","Strawberry","FossilizedHelix","Dodecahedron","Pear","SlaversCollar","Art of War","Turnip"],"potions_floor_usage":[7,10,16,16,23,28,28,33,38,38,45,46],"damage_taken":[{"damage":0,"enemies":"2 Louse","floor":1,"turns":3},{"damage":3,"enemies":"Jaw Worm","floor":3,"turns":5},{"damage":9,"enemies":"Small Slimes","floor":4,"turns":5},{"damage":1,"enemies":"Blue Slaver","floor":5,"turns":8},{"damage":27,"enemies":"3 Sentries","floor":7,"turns":10},{"damage":21,"enemies":"Exordium Thugs","floor":8,"turns":4},{"damage":5,"enemies":"Red Slaver","floor":10,"turns":4},{"damage":2,"enemies":"Blue Slaver","floor":12,"turns":7},{"damage":7,"enemies":"Exordium Thugs","floor":14,"turns":4},{"damage":1,"enemies":"The Guardian","floor":16,"turns":9},{"damage":8,"enemies":"3 Byrds","floor":18,"turns":4},{"damage":6,"enemies":"2 Thieves","floor":20,"turns":3},{"damage":29,"enemies":"Slavers","floor":23,"turns":6},{"damage":10,"enemies":"Centurion and Healer","floor":28,"turns":8},{"damage":42,"enemies":"3 Cultists","floor":29,"turns":7},{"damage":19,"enemies":"Snecko","floor":30,"turns":6},{"damage":69,"enemies":"Champ","floor":33,"turns":16},{"damage":16,"enemies":"3 Shapes","floor":35,"turns":4},{"damage":20,"enemies":"3 Darklings","floor":36,"turns":10},{"damage":16,"enemies":"Maw","floor":38,"turns":8},{"damage":7,"enemies":"Mind Bloom Boss Battle","floor":41,"turns":15},{"damage":11,"enemies":"Sphere and 2 Shapes","floor":45,"turns":6},{"damage":58,"enemies":"Jaw Worm Horde","floor":46,"turns":7}],"seed_played":"-5208393197360531828","potions_obtained":[{"floor":3,"key":"Poison Potion"},{"floor":7,"key":"Explosive Potion"},{"floor":10,"key":"Explosive Potion"},{"floor":12,"key":"FearPotion"},{"floor":14,"key":"SneckoOil"},{"floor":16,"key":"Poison Potion"},{"floor":20,"key":"Regen Potion"},{"floor":29,"key":"SpeedPotion"},{"floor":33,"key":"Ancient Potion"},{"floor":36,"key":"Energy Potion"},{"floor":38,"key":"Energy Potion"}],"is_trial":false,"path_per_floor":["M","$","M","M","M","R","E","M","T","M","R","M","$","M","R","B",null,"M","?","M","?","$","E","R","?","T","$","M","M","M","?","R","B",null,"M","M","$","M","$","R","?","$","T","R","M","M"],"character_chosen":"THE_SILENT","items_purchased":["Membership Card","Crippling Poison","Regal Pillow","Leg Sweep","Poisoned Stab","Orrery","Pear","Catalyst","Block Potion","Backflip","Art of War","Poisoned Stab","Apotheosis","PiercingWail"],"campfire_rested":4,"item_purchase_floors":[2,2,13,13,13,22,27,27,27,37,37,39,42,42],"current_hp_per_floor":[70,70,67,58,57,57,30,9,9,16,37,47,47,40,70,69,70,62,62,56,56,56,49,77,77,77,87,77,47,40,45,86,29,87,71,51,51,47,47,47,52,52,52,52,53,0],"gold":98,"neow_bonus":"HUNDRED_GOLD","is_prod":false,"is_daily":false,"chose_seed":false,"campfire_upgraded":2,"win_rate":0,"timestamp":1569098225,"path_taken":["M","$","M","M","M","R","E","M","T","M","R","M","$","M","R","BOSS","M","?","M","?","$","E","R","?","T","$","M","M","M","?","R","BOSS","M","M","$","M","?","R","?","$","T","R","?","M"],"build_version":"2019-09-20","purchased_purges":1,"victory":false,"max_hp_per_floor":[70,70,70,70,70,70,70,70,70,70,70,70,70,70,70,70,70,70,70,70,70,70,77,77,77,77,87,87,87,87,87,87,87,87,87,87,87,87,87,87,87,87,87,87,87,87],"card_choices":[{"not_picked":["Quick Slash","Tactician"],"picked":"Backflip","floor":1},{"not_picked":["Acrobatics","Calculated Gamble"],"picked":"Distraction","floor":3},{"not_picked":["Predator","PiercingWail"],"picked":"Noxious Fumes","floor":4},{"not_picked":["All Out Attack","Poisoned Stab"],"picked":"Catalyst","floor":5},{"not_picked":["Expertise","Flying Knee"],"picked":"Corpse Explosion","floor":7},{"not_picked":["Bane","Slice"],"picked":"Dodge and Roll","floor":8},{"not_picked":["Flying Knee","Phantasmal Killer","Underhanded Strike"],"picked":"SKIP","floor":10},{"not_picked":["Infinite Blades","Tactician","Masterful Stab"],"picked":"SKIP","floor":12},{"not_picked":["Poisoned Stab","Escape Plan"],"picked":"Skewer","floor":14},{"not_picked":["Malaise","Burst"],"picked":"Bullet Time","floor":16},{"not_picked":["Deadly Poison","Blade Dance"],"picked":"PiercingWail","floor":18},{"not_picked":["Acrobatics","Reflex"],"picked":"Blur","floor":20},{"not_picked":["Bane","Dagger Throw"],"picked":"Leg Sweep","floor":22},{"not_picked":["Flying Knee","Blade Dance"],"picked":"Outmaneuver","floor":22},{"not_picked":["Bane","PiercingWail"],"picked":"Dagger Spray+1","floor":22},{"not_picked":["Quick Slash+1","PiercingWail"],"picked":"Poisoned Stab+1","floor":22},{"not_picked":["Leg Sweep","Underhanded Strike+1"],"picked":"Prepared+1","floor":22},{"not_picked":["Deadly Poison","Doppelganger"],"picked":"Crippling Poison","floor":23},{"not_picked":["Dodge and Roll","Cloak And Dagger"],"picked":"Leg Sweep","floor":28},{"not_picked":["Riddle With Holes","Dagger Spray"],"picked":"Distraction","floor":29},{"not_picked":["Flying Knee+1","Blade Dance+1"],"picked":"Noxious Fumes+1","floor":30},{"not_picked":["A Thousand Cuts","Doppelganger"],"picked":"Corpse Explosion","floor":33},{"not_picked":["Catalyst","Blade Dance+1"],"picked":"Blur+1","floor":35},{"not_picked":["Slice+1","Blade Dance+1","Masterful Stab+1"],"picked":"SKIP","floor":36},{"not_picked":["Blur","Outmaneuver"],"picked":"Deflect+1","floor":38},{"not_picked":["Expertise+1","Poisoned Stab"],"picked":"Sucker Punch+1","floor":41},{"not_picked":["Eviscerate+1","Blade Dance"],"picked":"Envenom","floor":45}],"player_experience":105568,"relics_obtained":[{"floor":7,"key":"Kunai"},{"floor":9,"key":"Meat on the Bone"},{"floor":23,"key":"Strawberry"},{"floor":23,"key":"FossilizedHelix"},{"floor":26,"key":"Dodecahedron"},{"floor":41,"key":"Turnip"}],"event_choices":[{"damage_healed":0,"gold_gain":99,"player_choice":"Stole From Cult","damage_taken":0,"max_hp_gain":0,"max_hp_loss":0,"event_name":"Nest","floor":19,"gold_loss":0},{"damage_healed":0,"gold_gain":0,"player_choice":"Read","damage_taken":0,"max_hp_gain":0,"max_hp_loss":0,"event_name":"The Library","floor":21,"gold_loss":0,"cards_obtained":["PiercingWail"]},{"damage_healed":0,"gold_gain":0,"player_choice":"Ignored","damage_taken":0,"max_hp_gain":0,"max_hp_loss":0,"event_name":"Beggar","floor":25,"gold_loss":0},{"cards_removed":["Prepared"],"damage_healed":5,"gold_gain":0,"player_choice":"Offered Common","damage_taken":0,"max_hp_gain":0,"max_hp_loss":0,"event_name":"Bonfire Elementals","floor":31,"gold_loss":0},{"cards_removed":["Prepared"],"damage_healed":5,"gold_gain":0,"player_choice":"Offered Special","damage_taken":0,"max_hp_gain":0,"max_hp_loss":0,"event_name":"Bonfire Elementals","floor":31,"gold_loss":0},{"damage_healed":0,"gold_gain":0,"player_choice":"Fight","damage_taken":0,"max_hp_gain":0,"max_hp_loss":0,"event_name":"MindBloom","floor":41,"gold_loss":0}],"is_beta":true,"boss_relics":[{"not_picked":["Ectoplasm","Runic Pyramid"],"picked":"Black Star"},{"not_picked":["SacredBark","Empty Cage"],"picked":"SlaversCollar"}],"items_purged_floors":[37],"is_endless":false,"potions_floor_spawned":[3,7,10,12,14,16,20,29,33,36,38],"killed_by":"Jaw Worm Horde","ascension_level":2}