{"gold_per_floor":[114,46,46,46,46,64,64,64,64,76,76,103,103,103,103,103],"floor_reached":16,"playtime":1113,"items_purged":[],"score":96,"play_id":"2a874938-e30f-47a5-8ee3-9c119cd9d414","local_time":"20190917221654","is_ascension_mode":false,"campfire_choices":[{"data":"Panacea","floor":7,"key":"SMITH"},{"data":"Survivor","floor":11,"key":"SMITH"},{"floor":13,"key":"REST"},{"floor":15,"key":"REST"}],"neow_cost":"NONE","seed_source_timestamp":1832701762209100,"circlet_count":0,"master_deck":["Strike_G","Strike_G","Strike_G","Strike_G","Strike_G+1","Defend_G","Defend_G","Defend_G","Defend_G","Survivor+1","Neutralize+1","Panacea+1","Footwork+1","Dodge and Roll","Blur"],"relics":["Ring of the Snake","Whetstone","Darkstone Periapt","Dream Catcher","Matryoshka"],"potions_floor_usage":[16,16],"damage_taken":[{"damage":1,"enemies":"Jaw Worm","floor":1,"turns":5},{"damage":0,"enemies":"2 Louse","floor":6,"turns":3},{"damage":0,"enemies":"Cultist","floor":10,"turns":5},{"damage":29,"enemies":"3 Sentries","floor":12,"turns":16},{"damage":92,"enemies":"Slime Boss","floor":16,"turns":19}],"seed_played":"-5105894938826080503","potions_obtained":[{"floor":10,"key":"Regen Potion"},{"floor":12,"key":"Fire Potion"}],"is_trial":false,"path_per_floor":["M","$","?","T","?","M","R","$","T","M","R","E","R","?","R","B"],"character_chosen":"THE_SILENT","items_purchased":["Footwork"],"campfire_rested":2,"item_purchase_floors":[2],"current_hp_per_floor":[69,69,69,69,57,57,57,57,57,57,57,28,49,49,70,0],"gold":103,"neow_bonus":"RANDOM_COLORLESS","is_prod":false,"is_daily":false,"chose_seed":false,"campfire_upgraded":2,"win_rate":0.0,"timestamp":1568773014,"path_taken":["M","$","?","?","?","M","R","?","T","?","R","E","R","?","R","BOSS"],"build_version":"2019-07-17","purchased_purges":0,"victory":false,"max_hp_per_floor":[70,70,70,70,70,70,70,70,70,70,70,70,70,70,70,70],"card_choices":[{"not_picked":["Crippling Poison","Skewer","Deadly Poison"],"picked":"SKIP","floor":1},{"not_picked":["Skewer","Outmaneuver","Infinite Blades"],"picked":"SKIP","floor":6},{"not_picked":["Escape Plan","Choke","Bane"],"picked":"SKIP","floor":10},{"not_picked":["Escape Plan","Poisoned Stab"],"picked":"Dodge and Roll","floor":12},{"not_picked":["Infinite Blades","Dagger Spray"],"picked":"Blur","floor":13}],"player_experience":48428,"relics_obtained":[{"floor":4,"key":"Whetstone"},{"floor":9,"key":"Dream Catcher"},{"floor":12,"key":"Matryoshka"}],"event_choices":[{"damage_healed":0,"gold_gain":0,"player_choice":"Grow","damage_taken":0,"max_hp_gain":0,"max_hp_loss":0,"event_name":"Living Wall","floor":3,"gold_loss":0,"cards_upgraded":["Footwork"]},{"damage_healed":0,"gold_gain":0,"player_choice":"Success","damage_taken":12,"relics_obtained":["Darkstone Periapt"],"max_hp_gain":0,"max_hp_loss":0,"event_name":"Scrap Ooze","floor":5,"gold_loss":0},{"cards_removed":["Defend_G"],"damage_healed":0,"gold_gain":0,"player_choice":"Purged","damage_taken":0,"max_hp_gain":0,"max_hp_loss":0,"event_name":"Purifier","floor":14,"gold_loss":0}],"is_beta":false,"boss_relics":[],"items_purged_floors":[],"is_endless":false,"potions_floor_spawned":[10,12],"killed_by":"Slime Boss","ascension_level":0}