{"gold_per_floor":[119,99,116,130,140,166,166,192,192,192,66,66,76,76],"floor_reached":14,"playtime":635,"items_purged":["Strike_B"],"score":185,"play_id":"107bb68a-63df-4a07-adb4-c5413208ba5b","local_time":"20190201174317","is_ascension_mode":true,"campfire_choices":[{"data":"Zap","floor":7.0,"key":"SMITH"},{"data":"Tempest","floor":10,"key":"SMITH"},{"data":"Sweeping Beam","floor":12,"key":"SMITH"}],"neow_cost":"NONE","seed_source_timestamp":2481926981375,"circlet_count":0,"master_deck":["AscendersBane","Strike_B","Strike_B","Strike_B","Defend_B","Defend_B","Defend_B","Defend_B","Zap+1","Dualcast","Echo Form","Sweeping Beam+1","Compile Driver","Seek","Tempest+1","Ball Lightning","Defragment"],"special_seed":0,"relics":["Cracked Core","Centennial Puzzle","Cables","Happy Flower","Boot"],"potions_floor_usage":[],"damage_taken":[{"damage":10.0,"enemies":"Small Slimes","floor":1.0,"turns":3.0},{"damage":1.0,"enemies":"Cultist","floor":3.0,"turns":3.0},{"damage":9.0,"enemies":"2 Louse","floor":4.0,"turns":3.0},{"damage":7.0,"enemies":"Gremlin Gang","floor":5.0,"turns":4.0},{"damage":8.0,"enemies":"Gremlin Nob","floor":6.0,"turns":3.0},{"damage":5,"enemies":"Lagavulin","floor":8,"turns":7},{"damage":22,"enemies":"Exordium Thugs","floor":13,"turns":3},{"damage":8,"enemies":"3 Louse","floor":14,"turns":1}],"seed_played":"-6770140193125298526","potions_obtained":[{"floor":2.0,"key":"Poison Potion"},{"floor":3.0,"key":"SkillPotion"},{"floor":5.0,"key":"FearPotion"},{"floor":6.0,"key":"LiquidBronze"}],"is_trial":false,"path_per_floor":["M","?","M","M","M","E","R","E","T","R","$","R","M","M"],"character_chosen":"DEFECT","items_purchased":["Ball Lightning"],"campfire_rested":0,"item_purchase_floors":[11],"current_hp_per_floor":[54,54,53,44,37,29,29,24,24,24,24,24,2,0],"gold":76,"neow_bonus":"RANDOM_COMMON_RELIC","is_prod":false,"is_daily":false,"chose_seed":false,"campfire_upgraded":3,"win_rate":0,"timestamp":1549039397,"path_taken":["M","?","?","?","M","E","R","E","T","R","$","R","M","M"],"build_version":"2019-01-17v2","purchased_purges":1,"victory":false,"max_hp_per_floor":[71,71,71,71,71,71,71,71,71,71,71,71,71,71],"card_choices":[{"not_picked":["Turbo","Heatsinks","Redo"],"picked":"SKIP","floor":1.0},{"not_picked":["Chaos","Gash"],"picked":"Echo Form","floor":3.0},{"not_picked":["Stack","Streamline"],"picked":"Sweeping Beam","floor":4.0},{"not_picked":["Static Discharge","Fusion"],"picked":"Compile Driver","floor":5.0},{"not_picked":["Coolheaded","Redo"],"picked":"Seek","floor":6.0},{"not_picked":["Turbo","Chill"],"picked":"Tempest","floor":8},{"not_picked":["Streamline","Rebound"],"picked":"Defragment","floor":13}],"player_experience":1246234,"relics_obtained":[{"floor":6.0,"key":"Cables"},{"floor":8,"key":"Happy Flower"},{"floor":9,"key":"Boot"}],"event_choices":[{"damage_healed":0.0,"max_hp_gain":0.0,"max_hp_loss":0.0,"gold_gain":0.0,"event_name":"The Woman in Blue","player_choice":"Bought 1 Potion","floor":2.0,"gold_loss":0.0,"damage_taken":0.0}],"is_beta":false,"boss_relics":[],"items_purged_floors":[11],"is_endless":false,"potions_floor_spawned":[3,5,6],"killed_by":"3 Louse","ascension_level":17}