{"gold_per_floor":[13,26,26,26,43,43,62,96,96,96,96,127,127,127,127,204,204,220,199,16,16,16,16,36,36,82,82,82,115,131,131,131,209,209,222,239,253,273,286,321,221,221,275,310,310,310,330,361,361,361,361,361,361,12,46,46],"floor_reached":57,"playtime":3454,"items_purged":["Parasite","Defend_G","Defend_G"],"score":3411,"play_id":"90b785e7-c86b-45ab-8c57-5cffea224d9d","local_time":"20190812090540","is_ascension_mode":true,"campfire_choices":[{"data":"Well Laid Plans","floor":6.0,"key":"SMITH"},{"data":"Noxious Fumes","floor":10.0,"key":"SMITH"},{"data":"Neutralize","floor":13.0,"key":"SMITH"},{"data":"Tactician","floor":15.0,"key":"SMITH"},{"data":"Night Terror","floor":23.0,"key":"SMITH"},{"data":"Expertise","floor":27.0,"key":"SMITH"},{"data":"Acrobatics","floor":32.0,"key":"SMITH"},{"floor":42.0,"key":"RECALL"},{"data":"Burst","floor":49.0,"key":"SMITH"},{"data":"Purity","floor":53.0,"key":"SMITH"}],"neow_cost":"NO_GOLD","seed_source_timestamp":502983299241334,"circlet_count":0,"master_deck":["AscendersBane","Defend_G","Survivor","Neutralize+1","Tactician+1","Well Laid Plans+1","Noxious Fumes+1","Choke","After Image","Expertise+1","Flash of Steel","Night Terror+1","Acrobatics+1","Leg Sweep+1","Backflip+1","Reflex+1","Concentrate","Burst+1","Deep Breath+1","Purity+1","Escape Plan","Footwork","Grand Finale"],"special_seed":0,"relics":["Ring of the Snake","Sundial","Dodecahedron","Coffee Dripper","Lantern","Mummified Hand","Astrolabe","Question Card","Pantograph","Orichalcum","Ornamental Fan"],"potions_floor_usage":[56,56],"damage_taken":[{"damage":2.0,"enemies":"Jaw Worm","floor":1.0,"turns":6.0},{"damage":3.0,"enemies":"Cultist","floor":2.0,"turns":5.0},{"damage":0.0,"enemies":"2 Louse","floor":5.0,"turns":4.0},{"damage":10.0,"enemies":"Looter","floor":7.0,"turns":5.0},{"damage":23.0,"enemies":"Lagavulin","floor":8.0,"turns":11.0},{"damage":17.0,"enemies":"3 Sentries","floor":12.0,"turns":7.0},{"damage":11.0,"enemies":"The Guardian","floor":16.0,"turns":11.0},{"damage":18.0,"enemies":"Shell Parasite","floor":18.0,"turns":6.0},{"damage":14.0,"enemies":"2 Thieves","floor":19.0,"turns":4.0},{"damage":9.0,"enemies":"Centurion and Healer","floor":24.0,"turns":5.0},{"damage":1.0,"enemies":"Gremlin Leader","floor":29.0,"turns":4.0},{"damage":0.0,"enemies":"Snake Plant","floor":30.0,"turns":5.0},{"damage":0.0,"enemies":"Collector","floor":33.0,"turns":7.0},{"damage":0.0,"enemies":"3 Shapes","floor":35.0,"turns":5.0},{"damage":0.0,"enemies":"Orb Walker","floor":36.0,"turns":3.0},{"damage":0.0,"enemies":"Spire Growth","floor":37.0,"turns":4.0},{"damage":0.0,"enemies":"Transient","floor":38.0,"turns":6.0},{"damage":0.0,"enemies":"3 Darklings","floor":39.0,"turns":3.0},{"damage":0.0,"enemies":"Nemesis","floor":40.0,"turns":3.0},{"damage":0.0,"enemies":"Reptomancer","floor":44.0,"turns":2.0},{"damage":0.0,"enemies":"4 Shapes","floor":47.0,"turns":2.0},{"damage":0.0,"enemies":"Nemesis","floor":48.0,"turns":3.0},{"damage":0.0,"enemies":"Donu and Deca","floor":50.0,"turns":3.0},{"damage":0.0,"enemies":"Awakened One","floor":51.0,"turns":3.0},{"damage":0.0,"enemies":"Shield and Spear","floor":55.0,"turns":2.0},{"damage":26,"enemies":"The Heart","floor":56,"turns":8}],"seed_played":"-974808507802473223","potions_obtained":[{"floor":1.0,"key":"SpeedPotion"},{"floor":5.0,"key":"EntropicBrew"},{"floor":12.0,"key":"Swift Potion"},{"floor":16.0,"key":"Ancient Potion"},{"floor":24.0,"key":"Poison Potion"},{"floor":30.0,"key":"EssenceOfSteel"},{"floor":31.0,"key":"AttackPotion"},{"floor":33.0,"key":"Block Potion"},{"floor":37.0,"key":"Weak Potion"},{"floor":38.0,"key":"Regen Potion"}],"is_trial":false,"path_per_floor":["M","M","?","$","M","R","M","E","T","R","?","E","R","?","R","B",null,"M","M","$","?","?","R","M","$","T","R","?","E","M","?","R","B",null,"M","M","M","M","M","E","$","R","T","E","?","?","M","E","R","B","B",null,"R","$","E","B",null],"character_chosen":"THE_SILENT","items_purchased":["Flash of Steel","GamblersBrew","Footwork","SpeedPotion"],"campfire_rested":0,"item_purchase_floors":[20,54,54,54],"current_hp_per_floor":[57,54,54,54,54,54,44,21,21,21,21,4,4,20,20,9,52,34,20,20,20,20,20,11,11,11,11,11,10,10,10,10,10,50,50,50,50,50,50,50,50,50,50,50,40,40,40,40,40,63,63,63,63,63,63,37],"gold":46,"neow_bonus":"REMOVE_TWO","is_prod":false,"is_daily":false,"chose_seed":false,"campfire_upgraded":9,"win_rate":0,"timestamp":1565568340,"path_taken":["M","M","?","?","M","R","M","E","T","R","?","E","R","?","R","BOSS","M","M","$","?","?","R","M","?","T","R","?","E","M","?","R","BOSS","M","?","M","M","M","E","$","R","T","E","?","?","M","E","R","BOSS","BOSS","R","$","E","BOSS"],"build_version":"2019-07-17","purchased_purges":3,"victory":true,"max_hp_per_floor":[66,66,66,66,66,66,66,66,66,66,66,66,66,66,66,66,66,66,66,63,63,63,63,63,63,63,63,63,63,63,63,63,63,63,63,63,63,63,63,63,63,63,63,63,63,63,63,63,63,63,63,63,63,63,63,63],"card_choices":[{"not_picked":["Endless Agony","Choke"],"picked":"Tactician","floor":1.0},{"not_picked":["Sucker Punch","Deflect","Bane"],"picked":"SKIP","floor":2.0},{"not_picked":["Blur","Outmaneuver"],"picked":"Well Laid Plans","floor":5.0},{"not_picked":["Acrobatics","Dagger Spray"],"picked":"Noxious Fumes","floor":7.0},{"not_picked":["Tactician","Tools of the Trade"],"picked":"Choke","floor":8.0},{"not_picked":["Flying Knee","Dodge and Roll","Choke"],"picked":"SKIP","floor":12.0},{"not_picked":["Burst","Wraith Form v2"],"picked":"After Image","floor":16.0},{"not_picked":["Leg Sweep","Masterful Stab"],"picked":"Expertise","floor":18.0},{"not_picked":["Deadly Poison","Outmaneuver+1","Caltrops"],"picked":"SKIP","floor":19.0},{"not_picked":["Endless Agony","Dodge and Roll","Bouncing Flask+1"],"picked":"SKIP","floor":24.0},{"not_picked":["Deadly Poison","Bouncing Flask","Deflect"],"picked":"SKIP","floor":29.0},{"not_picked":["Sucker Punch","Heel Hook","Outmaneuver+1"],"picked":"SKIP","floor":30.0},{"not_picked":["Underhanded Strike+1","Outmaneuver","Setup"],"picked":"SKIP","floor":35.0},{"not_picked":["Tactician","Cloak And Dagger+1","Backflip"],"picked":"SKIP","floor":36.0},{"not_picked":["Reflex","Deflect","Skewer"],"picked":"SKIP","floor":37.0},{"not_picked":["Backflip","Concentrate","Dagger Throw"],"picked":"SKIP","floor":38.0},{"not_picked":["Backflip","Dagger Throw"],"picked":"Concentrate","floor":38.0},{"not_picked":["Quick Slash","Deadly Poison","Sucker Punch"],"picked":"SKIP","floor":39.0},{"not_picked":["Burst","PiercingWail+1","Distraction"],"picked":"SKIP","floor":40.0},{"not_picked":["PiercingWail+1","Distraction"],"picked":"Burst","floor":40.0},{"not_picked":["Storm of Steel","Skewer","Finisher","Expertise+1"],"picked":"SKIP","floor":44.0},{"not_picked":["Enlightenment","Madness","Trip"],"picked":"Deep Breath","floor":45.0},{"not_picked":["Forethought","Enlightenment","Secret Technique"],"picked":"Purity","floor":45.0},{"not_picked":["Skewer+1","Riddle With Holes","Poisoned Stab"],"picked":"Escape Plan","floor":47.0},{"not_picked":["Bouncing Flask","Outmaneuver","Acrobatics+1","Endless Agony"],"picked":"SKIP","floor":48.0},{"not_picked":["Dagger Spray","Slice","Bane"],"picked":"Grand Finale","floor":55.0}],"player_experience":861999,"relics_obtained":[{"floor":9.0,"key":"Sundial"},{"floor":12.0,"key":"Dodecahedron"},{"floor":26.0,"key":"Lantern"},{"floor":29.0,"key":"Mummified Hand"},{"floor":40.0,"key":"Question Card"},{"floor":44.0,"key":"Pantograph"},{"floor":48.0,"key":"Orichalcum"},{"floor":55.0,"key":"Ornamental Fan"}],"event_choices":[{"cards_removed":["Strike_G"],"damage_healed":0.0,"max_hp_gain":0.0,"max_hp_loss":0.0,"gold_gain":0.0,"event_name":"Bonfire Elementals","player_choice":"Offered Basic","floor":3.0,"gold_loss":0.0,"damage_taken":0.0},{"damage_healed":0.0,"max_hp_gain":0.0,"max_hp_loss":0.0,"gold_gain":0.0,"event_name":"Scrap Ooze","player_choice":"Fled","floor":11.0,"gold_loss":0.0,"damage_taken":0.0},{"damage_healed":16.0,"max_hp_gain":0.0,"max_hp_loss":0.0,"gold_gain":0.0,"event_name":"Mushrooms","player_choice":"Healed and dodged fight","floor":14.0,"gold_loss":0.0,"damage_taken":0.0,"cards_obtained":["Parasite"]},{"damage_healed":0.0,"max_hp_gain":0.0,"max_hp_loss":0.0,"gold_gain":0.0,"cards_transformed":["Strike_G","Strike_G"],"event_name":"Drug Dealer","player_choice":"Became Test Subject","floor":21.0,"gold_loss":0.0,"damage_taken":0.0,"cards_obtained":["Night Terror","Outmaneuver"]},{"damage_healed":0.0,"max_hp_gain":0.0,"max_hp_loss":0.0,"gold_gain":0.0,"event_name":"Vampires","player_choice":"Ignored","floor":22.0,"gold_loss":0.0,"damage_taken":0.0},{"damage_healed":0.0,"max_hp_gain":0.0,"max_hp_loss":0.0,"gold_gain":0.0,"event_name":"The Library","player_choice":"Read","floor":28.0,"gold_loss":0.0,"damage_taken":0.0,"cards_obtained":["Acrobatics"]},{"damage_healed":0.0,"max_hp_gain":0.0,"max_hp_loss":0.0,"gold_gain":0.0,"event_name":"Lab","player_choice":"Got Potions","floor":31.0,"gold_loss":0.0,"damage_taken":0.0},{"damage_healed":0.0,"max_hp_gain":0.0,"max_hp_loss":0.0,"gold_gain":0.0,"event_name":"SensoryStone","player_choice":"Memory 3","floor":45.0,"gold_loss":0.0,"damage_taken":10.0},{"damage_healed":0.0,"max_hp_gain":0.0,"max_hp_loss":0.0,"gold_gain":0.0,"event_name":"Upgrade Shrine","player_choice":"Upgraded","floor":46.0,"gold_loss":0.0,"damage_taken":0.0,"cards_upgraded":["Deep Breath"]}],"is_beta":false,"boss_relics":[{"not_picked":["Cursed Key","WristBlade"],"picked":"Coffee Dripper"},{"not_picked":["Calling Bell","Runic Dome"],"picked":"Astrolabe"}],"items_purged_floors":[20,41,54],"is_endless":false,"potions_floor_spawned":[1,5,12,16,24,30,33,37,38,48],"ascension_level":20}