{"gold_per_floor":[116,133,153,9,23,57,57,87,87,106,28,55,55,71,71,167,167,107,207,4,15,26,26,58,58,126,138,150,177,6,6,6,107,107,122,140,21,21,41,41],"floor_reached":40,"playtime":3822,"items_purged":["Strike_B","Strike_B"],"score":445,"play_id":"e5e66cde-4aba-4a4b-bef7-f011dd953f6d","local_time":"20190921115605","is_ascension_mode":true,"campfire_choices":[{"floor":7,"key":"REST"},{"floor":15,"key":"REST"},{"data":"Zap","floor":23,"key":"SMITH"},{"data":"Static Discharge","floor":25,"key":"SMITH"},{"data":"Self Repair","floor":27,"key":"SMITH"},{"data":"Loop","floor":32,"key":"SMITH"}],"neow_cost":"NONE","seed_source_timestamp":353529815689215,"circlet_count":0,"master_deck":["Strike_B","Strike_B","Defend_B","Defend_B","Defend_B","Defend_B","Zap+1","Dualcast","Self Repair+1","Static Discharge+1","Leap","White Noise","Reinforced Body+1","Cold Snap","Leap+1","Go for the Eyes","Genetic Algorithm+1","Core Surge","Conserve Battery+1","Ball Lightning","White Noise+1","Go for the Eyes","Auto Shields+1","Biased Cognition","Cold Snap+1","BootSequence+1","Loop+1","Amplify+1","Self Repair+1","Conserve Battery+1","Conserve Battery+1"],"relics":["FrozenCore","Regal Pillow","Matryoshka","The Courier","Toxic Egg 2","Boot","Bag of Preparation","Runic Capacitor","Bottled Tornado","MawBank","Meat on the Bone","Philosopher\u0027s Stone"],"potions_floor_usage":[8,12,12,14,14,14,16,16,33,39,40],"damage_taken":[{"damage":5,"enemies":"Small Slimes","floor":1,"turns":4},{"damage":11,"enemies":"Jaw Worm","floor":2,"turns":3},{"damage":0,"enemies":"Cultist","floor":3,"turns":4},{"damage":0,"enemies":"Large Slime","floor":5,"turns":6},{"damage":36,"enemies":"Lagavulin","floor":6,"turns":8},{"damage":47,"enemies":"Gremlin Nob","floor":8,"turns":5},{"damage":13,"enemies":"Lots of Slimes","floor":10,"turns":7},{"damage":14,"enemies":"Lagavulin","floor":12,"turns":9},{"damage":11,"enemies":"Exordium Thugs","floor":14,"turns":5},{"damage":25,"enemies":"Hexaghost","floor":16,"turns":9},{"damage":18,"enemies":"2 Thieves","floor":18,"turns":4},{"damage":0,"enemies":"Chosen","floor":21,"turns":7},{"damage":12,"enemies":"Snecko","floor":22,"turns":9},{"damage":13,"enemies":"Gremlin Leader","floor":24,"turns":9},{"damage":0,"enemies":"Sentry and Sphere","floor":29,"turns":8},{"damage":74,"enemies":"Automaton","floor":33,"turns":13},{"damage":0,"enemies":"Orb Walker","floor":35,"turns":5},{"damage":11,"enemies":"3 Darklings","floor":36,"turns":5},{"damage":6,"enemies":"Transient","floor":39,"turns":5},{"damage":87,"enemies":"Giant Head","floor":40,"turns":12}],"seed_played":"735489203481855104","potions_obtained":[{"floor":1,"key":"PotionOfCapacity"},{"floor":3,"key":"SteroidPotion"},{"floor":6,"key":"EntropicBrew"},{"floor":12,"key":"EssenceOfDarkness"},{"floor":14,"key":"LiquidBronze"},{"floor":21,"key":"PotionOfCapacity"},{"floor":33,"key":"LiquidBronze"},{"floor":35,"key":"Dexterity Potion"},{"floor":39,"key":"DuplicationPotion"}],"is_trial":false,"path_per_floor":["M","M","M","$","M","E","R","E","T","M","$","E","?","M","R","B",null,"M","?","$","M","M","R","E","R","T","R","?","M","$","?","R","B",null,"M","M","$","?","M","E"],"character_chosen":"DEFECT","items_purchased":["Regal Pillow","Leap+1","Regen Potion","Runic Capacitor","Ball Lightning","White Noise+1","BootSequence+1","Loop","Conserve Battery+1"],"campfire_rested":2,"item_purchase_floors":[4,11,11,20,20,20,30,30,37],"current_hp_per_floor":[77,73,80,80,82,53,82,42,42,36,36,44,44,40,79,54,82,71,71,71,78,73,73,67,67,67,67,67,77,77,77,77,15,82,82,82,82,82,82,0],"gold":41,"neow_bonus":"TEN_PERCENT_HP_BONUS","is_prod":false,"is_daily":false,"chose_seed":false,"campfire_upgraded":4,"win_rate":0,"timestamp":1569092165,"path_taken":["M","M","M","$","M","E","R","E","T","M","$","E","?","M","R","BOSS","M","?","$","?","M","R","E","R","T","R","?","?","$","?","R","BOSS","M","M","$","?","M","E"],"build_version":"2019-09-20","purchased_purges":2,"victory":false,"max_hp_per_floor":[82,82,82,82,82,82,82,82,82,82,82,82,82,82,82,82,82,82,82,82,82,82,82,82,82,82,82,82,82,82,82,82,82,82,82,82,82,82,82,82],"card_choices":[{"not_picked":["Steam","Beam Cell"],"picked":"Self Repair","floor":1},{"not_picked":["Compile Driver","Doom and Gloom","Rip and Tear"],"picked":"SKIP","floor":2},{"not_picked":["Rebound","Gash"],"picked":"Static Discharge","floor":3},{"not_picked":["Hologram","Ball Lightning"],"picked":"Leap","floor":5},{"not_picked":["Rebound","Seek"],"picked":"White Noise","floor":6},{"not_picked":["Static Discharge","Consume"],"picked":"Reinforced Body","floor":8},{"not_picked":["Sunder","Storm"],"picked":"Cold Snap","floor":10},{"not_picked":["Thunder Strike","Ball Lightning"],"picked":"Go for the Eyes","floor":12},{"not_picked":["Sweeping Beam","Recycle+1"],"picked":"Genetic Algorithm+1","floor":14},{"not_picked":["Thunder Strike","Creative AI"],"picked":"Core Surge","floor":16},{"not_picked":["Steam+1","Compile Driver+1"],"picked":"Conserve Battery+1","floor":18},{"not_picked":["Compile Driver","Sweeping Beam"],"picked":"Go for the Eyes","floor":21},{"not_picked":["Go for the Eyes+1","Streamline"],"picked":"Auto Shields+1","floor":22},{"not_picked":["Recycle+1","Sweeping Beam"],"picked":"Biased Cognition","floor":24},{"not_picked":["Stack+1","Steam+1"],"picked":"Cold Snap+1","floor":29},{"not_picked":["Creative AI","Thunder Strike"],"picked":"Amplify+1","floor":33},{"not_picked":["Barrage","Stack+1"],"picked":"Self Repair+1","floor":35},{"not_picked":["Compile Driver","Hologram+1","Stack+1"],"picked":"SKIP","floor":36},{"not_picked":["Hologram+1","Leap+1"],"picked":"Conserve Battery+1","floor":39}],"player_experience":101746,"relics_obtained":[{"floor":6,"key":"Matryoshka"},{"floor":8,"key":"The Courier"},{"floor":9,"key":"Toxic Egg 2"},{"floor":9,"key":"Boot"},{"floor":12,"key":"Bag of Preparation"},{"floor":24,"key":"Bottled Tornado"},{"floor":26,"key":"MawBank"},{"floor":26,"key":"Meat on the Bone"}],"event_choices":[{"damage_healed":0,"gold_gain":0,"player_choice":"Ignored","damage_taken":0,"max_hp_gain":0,"max_hp_loss":0,"event_name":"Shining Light","floor":13,"gold_loss":0},{"damage_healed":0,"gold_gain":100,"player_choice":"Pray","damage_taken":0,"max_hp_gain":0,"max_hp_loss":0,"event_name":"Golden Shrine","floor":19,"gold_loss":0},{"damage_healed":0,"gold_gain":0,"player_choice":"Ignored","damage_taken":0,"max_hp_gain":0,"max_hp_loss":0,"event_name":"N\u0027loth","floor":28,"gold_loss":0},{"damage_healed":0,"gold_gain":0,"player_choice":"Ignored","damage_taken":0,"max_hp_gain":0,"max_hp_loss":0,"event_name":"Cursed Tome","floor":31,"gold_loss":0},{"damage_healed":0,"gold_gain":0,"player_choice":"Upgraded","damage_taken":0,"max_hp_gain":0,"max_hp_loss":0,"event_name":"Upgrade Shrine","floor":38,"gold_loss":0,"cards_upgraded":["Reinforced Body"]}],"is_beta":true,"boss_relics":[{"not_picked":["Empty Cage","Cursed Key"],"picked":"FrozenCore"},{"not_picked":["Nuclear Battery","Busted Crown"],"picked":"Philosopher\u0027s Stone"}],"items_purged_floors":[30,37],"is_endless":false,"potions_floor_spawned":[1,3,6,12,14,21,33,35,39],"killed_by":"Giant Head","ascension_level":1}