{"gold_per_floor":[113,4,21,21,21,54,54,54,77,27,46,59,72,88,88,218,218,233,233,39,60,60,60,60,60,85,124,144,158,182,182,182,303,303,317,191,209,542,562,597,597,609,609,641,641,641,654,667,667,667,667,667,93,120,120],"floor_reached":56,"playtime":2078,"items_purged":["Strike_G","Strike_G","Strike_G","Bouncing Flask+1","Defend_G"],"score":1529,"play_id":"834b9b01-386a-47e2-88cc-49a83283d9ff","local_time":"20190824153944","is_ascension_mode":false,"campfire_choices":[{"data":"Bouncing Flask","floor":7.0,"key":"SMITH"},{"data":"Well Laid Plans","floor":15.0,"key":"SMITH"},{"data":"Calculated Gamble","floor":23.0,"key":"SMITH"},{"data":"Acrobatics","floor":25.0,"key":"SMITH"},{"data":"Tactician","floor":32.0,"key":"SMITH"},{"data":"Reflex","floor":41.0,"key":"SMITH"},{"data":"Prepared","floor":46.0,"key":"SMITH"},{"floor":49,"key":"RECALL"},{"data":"Flechettes","floor":52,"key":"SMITH"}],"neow_cost":"NONE","seed_source_timestamp":0,"circlet_count":0,"master_deck":["Defend_G+1","Defend_G","Defend_G","Survivor","Neutralize","PiercingWail","Well Laid Plans","Well Laid Plans+1","Calculated Gamble+1","Burst+1","Acrobatics+1","Backflip","Flechettes+1","Reflex+1","Prepared+1","Tactician+1"],"special_seed":0,"relics":["Ring of the Snake","NeowsBlessing","Vajra","Ancient Tea Set","Smiling Mask","Orrery","War Paint","PreservedInsect","Runic Dome","The Courier","Thread and Needle","Nunchaku","TheAbacus","Lantern","Oddly Smooth Stone","Happy Flower","Bag of Marbles"],"potions_floor_usage":[55,55,55],"damage_taken":[{"damage":0.0,"enemies":"Small Slimes","floor":1.0,"turns":1.0},{"damage":0.0,"enemies":"Jaw Worm","floor":3.0,"turns":1.0},{"damage":0.0,"enemies":"3 Sentries","floor":6.0,"turns":1.0},{"damage":0.0,"enemies":"2 Louse","floor":11.0,"turns":2.0},{"damage":15.0,"enemies":"Gremlin Gang","floor":12.0,"turns":5.0},{"damage":3.0,"enemies":"Looter","floor":13.0,"turns":3.0},{"damage":4.0,"enemies":"Blue Slaver","floor":14.0,"turns":4.0},{"damage":0.0,"enemies":"The Guardian","floor":16.0,"turns":11.0},{"damage":10.0,"enemies":"Chosen","floor":18.0,"turns":4.0},{"damage":6.0,"enemies":"3 Byrds","floor":21.0,"turns":7.0},{"damage":6.0,"enemies":"Slavers","floor":27.0,"turns":5.0},{"damage":0.0,"enemies":"Snake Plant","floor":28.0,"turns":4.0},{"damage":25.0,"enemies":"Sentry and Sphere","floor":29.0,"turns":5.0},{"damage":2.0,"enemies":"Centurion and Healer","floor":30.0,"turns":6.0},{"damage":0.0,"enemies":"Collector","floor":33.0,"turns":5.0},{"damage":0.0,"enemies":"Orb Walker","floor":35.0,"turns":1.0},{"damage":0.0,"enemies":"3 Shapes","floor":37.0,"turns":1.0},{"damage":0.0,"enemies":"Spire Growth","floor":39.0,"turns":2.0},{"damage":9.0,"enemies":"Nemesis","floor":40.0,"turns":3.0},{"damage":3.0,"enemies":"4 Shapes","floor":42.0,"turns":2.0},{"damage":0.0,"enemies":"Reptomancer","floor":44.0,"turns":3.0},{"damage":0.0,"enemies":"3 Darklings","floor":47.0,"turns":3.0},{"damage":0.0,"enemies":"Maw","floor":48.0,"turns":1.0},{"damage":0,"enemies":"Donu and Deca","floor":50,"turns":3},{"damage":0,"enemies":"Shield and Spear","floor":54,"turns":2},{"damage":38,"enemies":"The Heart","floor":55,"turns":4}],"seed_played":"1795453256976344534","potions_obtained":[{"floor":1.0,"key":"Weak Potion"},{"floor":3.0,"key":"FearPotion"},{"floor":6.0,"key":"GhostInAJar"},{"floor":30.0,"key":"Weak Potion"},{"floor":33.0,"key":"SneckoOil"},{"floor":42.0,"key":"SteroidPotion"}],"is_trial":false,"path_per_floor":["M","$","M","?","?","E","R","T","T","$","M","M","M","M","R","B",null,"M","?","$","M","?","R","?","R","T","E","M","M","M","?","R","B",null,"M","$","M","?","M","E","R","M","T","E","?","R","M","M","R","B",null,"R","$","E","B",null],"character_chosen":"THE_SILENT","items_purchased":["Well Laid Plans","War Paint","GhostInAJar","TheAbacus","Lantern","Oddly Smooth Stone","Happy Flower"],"campfire_rested":0,"item_purchase_floors":[2,20,36,53,53,53,53],"current_hp_per_floor":[70,70,70,70,65,65,65,65,65,65,65,50,47,43,43,43,65,55,55,55,49,49,49,49,49,49,43,43,18,16,16,16,16,65,65,65,65,65,65,56,56,53,53,53,53,53,53,53,53,53,65,65,65,65,27],"gold":120,"neow_bonus":"THREE_ENEMY_KILL","is_prod":false,"is_daily":false,"chose_seed":false,"campfire_upgraded":8,"win_rate":0,"timestamp":1566628784,"path_taken":["M","$","M","?","?","E","R","?","T","$","M","M","M","M","R","BOSS","M","?","$","?","?","R","?","R","T","E","?","M","M","?","R","BOSS","M","$","M","?","M","E","R","M","T","E","?","R","M","M","R","BOSS","R","$","E","BOSS"],"build_version":"2019-07-17","purchased_purges":5,"victory":true,"max_hp_per_floor":[70,70,70,70,65,65,65,65,65,65,65,65,65,65,65,65,65,65,65,65,65,65,65,65,65,65,65,65,65,65,65,65,65,65,65,65,65,65,65,65,65,65,65,65,65,65,65,65,65,65,65,65,65,65,65],"card_choices":[{"not_picked":["Blur","Expertise"],"picked":"PiercingWail","floor":1.0},{"not_picked":["Eviscerate","Expertise"],"picked":"Well Laid Plans","floor":3.0},{"not_picked":["Underhanded Strike","Terror"],"picked":"Bouncing Flask","floor":6.0},{"not_picked":["Accuracy","Flying Knee","Concentrate"],"picked":"SKIP","floor":11.0},{"not_picked":["Quick Slash","PiercingWail","Prepared"],"picked":"SKIP","floor":12.0},{"not_picked":["Deadly Poison","Crippling Poison","Deflect"],"picked":"SKIP","floor":13.0},{"not_picked":["Infinite Blades","All Out Attack"],"picked":"Calculated Gamble","floor":14.0},{"not_picked":["After Image","Die Die Die"],"picked":"Burst","floor":16.0},{"not_picked":["Expertise","Terror"],"picked":"Acrobatics","floor":17.0},{"not_picked":["Masterful Stab","Slice"],"picked":"Backflip","floor":17.0},{"not_picked":["Die Die Die","Flying Knee"],"picked":"Flechettes","floor":18.0},{"not_picked":["Prepared","Skewer","Deadly Poison"],"picked":"SKIP","floor":21.0},{"not_picked":["Terror","Eviscerate"],"picked":"Reflex","floor":27.0},{"not_picked":["Cloak And Dagger","Bane"],"picked":"Prepared","floor":28.0},{"not_picked":["Well Laid Plans","Underhanded Strike","Quick Slash"],"picked":"SKIP","floor":29.0},{"not_picked":["Skewer","Flying Knee","Cloak And Dagger"],"picked":"SKIP","floor":30.0},{"not_picked":["Blade Dance+1","Acrobatics+1","Dodge and Roll"],"picked":"SKIP","floor":35.0},{"not_picked":["Skewer+1","Deflect+1","Acrobatics+1"],"picked":"SKIP","floor":37.0},{"not_picked":["Outmaneuver+1","Deadly Poison+1","Calculated Gamble"],"picked":"SKIP","floor":39.0},{"not_picked":["Reflex","Acrobatics","Outmaneuver+1"],"picked":"SKIP","floor":40.0},{"not_picked":["Expertise","Acrobatics","Dodge and Roll+1"],"picked":"SKIP","floor":42.0},{"not_picked":["Footwork","Dagger Throw+1","Burst"],"picked":"SKIP","floor":44.0},{"not_picked":["Cloak And Dagger","Acrobatics","Concentrate"],"picked":"SKIP","floor":47.0},{"not_picked":["Setup","Backflip+1","Calculated Gamble+1"],"picked":"SKIP","floor":48},{"not_picked":["Bane","Sucker Punch","Predator+1"],"picked":"SKIP","floor":54}],"player_experience":980348,"relics_obtained":[{"floor":6.0,"key":"Vajra"},{"floor":8.0,"key":"Ancient Tea Set"},{"floor":9.0,"key":"Smiling Mask"},{"floor":27.0,"key":"PreservedInsect"},{"floor":40.0,"key":"The Courier"},{"floor":43.0,"key":"Thread and Needle"},{"floor":44.0,"key":"Nunchaku"},{"floor":54,"key":"Bag of Marbles"}],"event_choices":[{"cards_removed":["Strike_G"],"damage_healed":0.0,"max_hp_gain":0.0,"max_hp_loss":0.0,"gold_gain":0.0,"event_name":"Living Wall","player_choice":"Forget","floor":4.0,"gold_loss":0.0,"damage_taken":0.0},{"damage_healed":0.0,"max_hp_gain":0.0,"max_hp_loss":5.0,"gold_gain":0.0,"event_name":"Golden Idol","player_choice":"Lose Max HP","floor":5.0,"gold_loss":0.0,"damage_taken":0.0,"relics_obtained":["Golden Idol"]},{"cards_removed":["Strike_G"],"damage_healed":0.0,"max_hp_gain":0.0,"max_hp_loss":0.0,"gold_gain":0.0,"event_name":"Bonfire Elementals","player_choice":"Offered Basic","floor":19.0,"gold_loss":0.0,"damage_taken":0.0},{"damage_healed":0.0,"max_hp_gain":0.0,"max_hp_loss":0.0,"gold_gain":0.0,"event_name":"The Mausoleum","player_choice":"Ignored","floor":22.0,"gold_loss":0.0,"damage_taken":0.0},{"damage_healed":0.0,"max_hp_gain":0.0,"max_hp_loss":0.0,"gold_gain":0.0,"event_name":"NoteForYourself","player_choice":"Ignored","floor":24.0,"gold_loss":0.0,"damage_taken":0.0},{"damage_healed":0.0,"max_hp_gain":0.0,"max_hp_loss":0.0,"gold_gain":0.0,"cards_transformed":["Defend_G"],"event_name":"Transmorgrifier","player_choice":"Transformed","floor":31.0,"gold_loss":0.0,"damage_taken":0.0,"cards_obtained":["Tactician"]},{"damage_healed":0.0,"max_hp_gain":0.0,"max_hp_loss":0.0,"gold_gain":333.0,"event_name":"The Moai Head","player_choice":"Gave Idol","floor":38.0,"relics_lost":["Golden Idol"],"gold_loss":0.0,"damage_taken":0.0},{"damage_healed":0.0,"max_hp_gain":0.0,"max_hp_loss":0.0,"gold_gain":0.0,"event_name":"Match and Keep!","player_choice":"0 cards matched","floor":45.0,"gold_loss":0.0,"damage_taken":0.0,"cards_obtained":[]}],"is_beta":false,"boss_relics":[{"not_picked":["Ring of the Serpent","Snecko Eye"],"picked":"Orrery"},{"not_picked":["Runic Pyramid","Calling Bell"],"picked":"Runic Dome"}],"items_purged_floors":[2,10,20,36,53],"is_endless":false,"potions_floor_spawned":[1,3,6,13,30,33,37,39,42,48],"ascension_level":0}