{"gold_per_floor":[219,234,117,117,136,169,185,185,185,200,200,218,246,279,279,355,355,372,384,434,451,451,451,480,480,529,542,542,542,560,59,59,131,131,149,199,209,209,209,244,244,276,300,300,300,322,30,48,48,48,48],"floor_reached":52,"playtime":1938,"items_purged":["Strike_B","Defend_B","Beam Cell"],"score":1959,"play_id":"ee23be42-f1ae-4b4e-ad42-a354ee837639","local_time":"20190918172839","is_ascension_mode":true,"campfire_choices":[{"data":"Sunder","floor":11.0,"key":"SMITH"},{"data":"Zap","floor":15.0,"key":"SMITH"},{"data":"Beam Cell","floor":23.0,"key":"SMITH"},{"data":"Turbo","floor":25.0,"key":"SMITH"},{"data":"Heatsinks","floor":28.0,"key":"SMITH"},{"data":"Dualcast","floor":32.0,"key":"SMITH"},{"data":"Recycle","floor":41.0,"key":"SMITH"},{"data":"Hologram","floor":45.0,"key":"SMITH"},{"floor":49,"key":"REST"}],"neow_cost":"NONE","seed_source_timestamp":688818931000321,"circlet_count":0,"master_deck":["AscendersBane","Defend_B","Defend_B","Zap+1","Dualcast+1","Sunder+1","Cold Snap","Heatsinks+1","Core Surge","Undo","Conserve Battery","Beam Cell+1","Biased Cognition","Turbo+1","Coolheaded+1","Hologram+1","Darkness+1","Chill","Core Surge","Biased Cognition","Echo Form","Double Energy+1","Recycle+1","Finesse","Flash of Steel","Force Field","White Noise+1","Heatsinks"],"special_seed":0,"relics":["Cracked Core","Gremlin Horn","Bronze Scales","CultistMask","Letter Opener","Odd Mushroom","Toy Ornithopter","Empty Cage","Potion Belt","Pen Nib","Ancient Tea Set","Runic Dome","CloakClasp","Girya","CeramicFish"],"potions_floor_usage":[48,50,51,51,51],"damage_taken":[{"damage":1.0,"enemies":"Cultist","floor":1.0,"turns":4.0},{"damage":0.0,"enemies":"Small Slimes","floor":2.0,"turns":2.0},{"damage":7.0,"enemies":"Jaw Worm","floor":5.0,"turns":3.0},{"damage":32.0,"enemies":"Gremlin Nob","floor":6.0,"turns":4.0},{"damage":11.0,"enemies":"Looter","floor":7.0,"turns":3.0},{"damage":6.0,"enemies":"Red Slaver","floor":10.0,"turns":3.0},{"damage":0.0,"enemies":"Large Slime","floor":12.0,"turns":4.0},{"damage":0.0,"enemies":"The Mushroom Lair","floor":13.0,"turns":3.0},{"damage":2.0,"enemies":"3 Sentries","floor":14.0,"turns":7.0},{"damage":12.0,"enemies":"The Guardian","floor":16.0,"turns":11.0},{"damage":10.0,"enemies":"2 Thieves","floor":18.0,"turns":3.0},{"damage":8.0,"enemies":"Chosen","floor":19.0,"turns":5.0},{"damage":9.0,"enemies":"Centurion and Healer","floor":21.0,"turns":8.0},{"damage":20.0,"enemies":"Slavers","floor":24.0,"turns":4.0},{"damage":3.0,"enemies":"Cultist and Chosen","floor":27.0,"turns":5.0},{"damage":1.0,"enemies":"Snake Plant","floor":30.0,"turns":2.0},{"damage":5.0,"enemies":"Champ","floor":33.0,"turns":11.0},{"damage":0.0,"enemies":"3 Darklings","floor":35.0,"turns":4.0},{"damage":13.0,"enemies":"Orb Walker","floor":37.0,"turns":3.0},{"damage":0.0,"enemies":"Reptomancer","floor":40.0,"turns":5.0},{"damage":17.0,"enemies":"Giant Head","floor":42.0,"turns":10.0},{"damage":0.0,"enemies":"Jaw Worm Horde","floor":44.0,"turns":1.0},{"damage":0.0,"enemies":"Maw","floor":46.0,"turns":7.0},{"damage":22,"enemies":"Transient","floor":48,"turns":6},{"damage":10,"enemies":"Time Eater","floor":50,"turns":9},{"damage":13,"enemies":"Donu and Deca","floor":51,"turns":8}],"seed_played":"2945255752082952536","potions_obtained":[{"floor":1.0,"key":"AttackPotion"},{"floor":6.0,"key":"Energy Potion"},{"floor":10.0,"key":"EntropicBrew"},{"floor":14.0,"key":"GamblersBrew"},{"floor":18.0,"key":"Poison Potion"},{"floor":27.0,"key":"Poison Potion"},{"floor":30.0,"key":"SteroidPotion"},{"floor":33.0,"key":"DuplicationPotion"},{"floor":35.0,"key":"SmokeBomb"},{"floor":37.0,"key":"Dexterity Potion"},{"floor":46.0,"key":"AttackPotion"},{"floor":48,"key":"GamblersBrew"}],"is_trial":false,"path_per_floor":["M","M","$","T","M","E","M","?","T","M","R","M","?","E","R","B",null,"M","M","?","M","?","R","E","R","T","M","R","?","M","$","R","B",null,"M","?","M","?","?","E","R","E","T","M","R","M","$","M","R","B","B",null],"character_chosen":"DEFECT","items_purchased":["Heatsinks","Core Surge","Biased Cognition","Ancient Tea Set","Ancient Potion","Heatsinks"],"campfire_rested":1,"item_purchase_floors":[3,31,31,31,47,47],"current_hp_per_floor":[63,63,63,63,56,24,13,13,13,7,7,7,7,5,5,3,54,44,36,36,32,32,32,12,12,12,9,9,9,13,13,13,8,55,55,55,42,32,32,32,32,15,15,20,20,20,20,3,24,19,21],"gold":48,"neow_bonus":"HUNDRED_GOLD","is_prod":false,"is_daily":false,"chose_seed":false,"campfire_upgraded":8,"win_rate":0,"timestamp":1568798919,"path_taken":["M","M","$","?","M","E","M","?","T","?","R","M","?","E","R","BOSS","M","M","?","?","?","R","E","R","T","M","R","?","M","$","R","BOSS","M","?","?","?","?","E","R","E","T","M","R","?","$","M","R","BOSS","BOSS"],"build_version":"2019-09-17","purchased_purges":3,"victory":true,"max_hp_per_floor":[71,71,71,71,71,71,71,71,71,71,71,71,71,71,71,71,71,71,71,71,71,71,71,71,71,71,71,71,71,71,71,71,71,71,71,71,71,71,71,71,71,71,71,71,71,71,71,71,71,71,71],"card_choices":[{"not_picked":["Gash","Turbo"],"picked":"Sunder","floor":1.0},{"not_picked":["Leap","Consume"],"picked":"Cold Snap","floor":2.0},{"not_picked":["Stack","Sunder","Tempest"],"picked":"SKIP","floor":5.0},{"not_picked":["Beam Cell","Tempest"],"picked":"Core Surge","floor":6.0},{"not_picked":["Redo","Rip and Tear"],"picked":"Go for the Eyes","floor":7.0},{"not_picked":["Sweeping Beam","Steam"],"picked":"Undo","floor":10.0},{"not_picked":["Gash","Tempest"],"picked":"Conserve Battery","floor":12.0},{"not_picked":["Core Surge","Auto Shields"],"picked":"Beam Cell","floor":14.0},{"not_picked":["Reboot","Buffer"],"picked":"Biased Cognition","floor":16.0},{"not_picked":["Stack","Streamline"],"picked":"Turbo","floor":18.0},{"not_picked":["Turbo+1","Doom and Gloom"],"picked":"Coolheaded+1","floor":19.0},{"not_picked":["Darkness","Redo","Rebound"],"picked":"SKIP","floor":21.0},{"not_picked":["Turbo","Redo"],"picked":"Darkness+1","floor":24.0},{"not_picked":["Conserve Battery","Redo"],"picked":"Chill","floor":27.0},{"not_picked":["Rip and Tear","Cold Snap","Go for the Eyes"],"picked":"SKIP","floor":30.0},{"not_picked":["Rainbow","Seek"],"picked":"Echo Form","floor":33.0},{"not_picked":["Steam","Storm"],"picked":"Double Energy+1","floor":35.0},{"not_picked":["Chaos+1","Compile Driver"],"picked":"Recycle","floor":37.0},{"not_picked":["Purity","Transmutation"],"picked":"Finesse","floor":38.0},{"not_picked":["HandOfGreed","Mind Blast"],"picked":"Flash of Steel","floor":38.0},{"not_picked":["Storm","Barrage","Steam"],"picked":"SKIP","floor":40.0},{"not_picked":["Tempest","Beam Cell"],"picked":"Force Field","floor":42.0},{"not_picked":["Rebound+1","Darkness"],"picked":"White Noise+1","floor":46.0},{"not_picked":["Blizzard","Chill","Cold Snap"],"picked":"SKIP","floor":48}],"player_experience":833625,"relics_obtained":[{"floor":4.0,"key":"Gremlin Horn"},{"floor":6.0,"key":"Bronze Scales"},{"floor":9.0,"key":"Letter Opener"},{"floor":13.0,"key":"Odd Mushroom"},{"floor":14.0,"key":"Toy Ornithopter"},{"floor":24.0,"key":"Potion Belt"},{"floor":26.0,"key":"Pen Nib"},{"floor":40.0,"key":"Girya"},{"floor":42.0,"key":"CeramicFish"}],"event_choices":[{"damage_healed":0.0,"max_hp_gain":0.0,"max_hp_loss":0.0,"gold_gain":0.0,"event_name":"FaceTrader","player_choice":"Trade","floor":8.0,"gold_loss":0.0,"damage_taken":0.0,"relics_obtained":["CultistMask"]},{"damage_healed":0.0,"max_hp_gain":0.0,"max_hp_loss":0.0,"gold_gain":0.0,"event_name":"Mushrooms","player_choice":"Fought Mushrooms","floor":13.0,"gold_loss":0.0,"damage_taken":0.0},{"damage_healed":0.0,"max_hp_gain":0.0,"max_hp_loss":0.0,"gold_gain":100.0,"event_name":"The Joust","player_choice":"Bet on Murderer","floor":20.0,"gold_loss":50.0,"damage_taken":0.0},{"damage_healed":0.0,"max_hp_gain":0.0,"max_hp_loss":0.0,"gold_gain":0.0,"cards_transformed":["Strike_B","Defend_B"],"event_name":"Drug Dealer","player_choice":"Became Test Subject","floor":22.0,"gold_loss":0.0,"damage_taken":0.0,"cards_obtained":["Hologram","Beam Cell"]},{"damage_healed":0.0,"max_hp_gain":0.0,"max_hp_loss":0.0,"gold_gain":0.0,"event_name":"Cursed Tome","player_choice":"Ignored","floor":29.0,"gold_loss":0.0,"damage_taken":0.0},{"damage_healed":0.0,"max_hp_gain":0.0,"max_hp_loss":0.0,"gold_gain":50.0,"event_name":"Golden Shrine","player_choice":"Pray","floor":36.0,"gold_loss":0.0,"damage_taken":0.0},{"damage_healed":0.0,"max_hp_gain":0.0,"max_hp_loss":0.0,"gold_gain":0.0,"event_name":"SensoryStone","player_choice":"Memory 3","floor":38.0,"gold_loss":0.0,"damage_taken":10.0},{"cards_removed":["Go for the Eyes"],"damage_healed":0.0,"max_hp_gain":0.0,"max_hp_loss":0.0,"gold_gain":0.0,"event_name":"WeMeetAgain","player_choice":"Gave Card","floor":39.0,"gold_loss":0.0,"damage_taken":0.0,"relics_obtained":["CloakClasp"]}],"is_beta":true,"boss_relics":[{"not_picked":["Sozu","FrozenCore"],"picked":"Empty Cage"},{"not_picked":["SlaversCollar","Busted Crown"],"picked":"Runic Dome"}],"items_purged_floors":[3,31,47],"is_endless":false,"potions_floor_spawned":[1,6,10,13,14,18,27,30,33,35,37,44,46,48],"ascension_level":20}