{"gold_per_floor":[118,118,134,150,150,161,179,179,234,234,184,195,48,58,58,162,162,182,182,52,71,82,116,116,133,133,0,0,31,51,51,51,146,146,157,10,25,45,45,45,57,57,57,57,91,91,91,101,101,101],"floor_reached":51,"playtime":5431,"items_purged":[],"score":759,"play_id":"18d6d80f-6873-414f-91b3-3dc9dec1c851","local_time":"20190916200943","is_ascension_mode":false,"campfire_choices":[{"data":"Crippling Poison","floor":10,"key":"SMITH"},{"data":"Leg Sweep","floor":15,"key":"SMITH"},{"floor":24,"key":"REST"},{"floor":28,"key":"REST"},{"floor":32,"key":"REST"},{"data":"Leg Sweep","floor":40,"key":"SMITH"},{"data":"Dodge and Roll","floor":42,"key":"SMITH"},{"data":"Envenom","floor":44,"key":"SMITH"},{"floor":49,"key":"REST"}],"neow_cost":"NONE","seed_source_timestamp":192101956184347,"circlet_count":0,"master_deck":["Defend_G+1","Defend_G+1","Defend_G+1","Defend_G+1","Defend_G+1","Survivor+1","Neutralize","Adrenaline","Deadly Poison","Blade Dance","Adrenaline","Crippling Poison+1","Parasite","Leg Sweep+1","Noxious Fumes","Envenom","PiercingWail","Deadly Poison","Noxious Fumes","PiercingWail","PiercingWail","Cloak And Dagger+1","Dodge and Roll+1","Dodge and Roll+1","Poisoned Stab+1","Leg Sweep+1","After Image","Dagger Spray+1","Footwork+1","Dodge and Roll+1","Poisoned Stab","Well Laid Plans","Dodge and Roll+1","Envenom+1","Leg Sweep+1"],"relics":["Ring of the Snake","Pen Nib","Strawberry","Black Star","Kunai","InkBottle","Bag of Preparation","Ninja Scroll","Happy Flower","Astrolabe","OrangePellets","Pantograph","Dodecahedron","Toxic Egg 2"],"potions_floor_usage":[14,16,16,16,23,29,41,41,50,50],"damage_taken":[{"damage":2,"enemies":"Small Slimes","floor":1,"turns":4},{"damage":0,"enemies":"Cultist","floor":3,"turns":4},{"damage":0,"enemies":"2 Louse","floor":4,"turns":2},{"damage":0,"enemies":"Looter","floor":6,"turns":3},{"damage":7,"enemies":"Large Slime","floor":7,"turns":6},{"damage":0,"enemies":"2 Fungi Beasts","floor":12,"turns":3},{"damage":0,"enemies":"Exordium Wildlife","floor":14,"turns":4},{"damage":43,"enemies":"Slime Boss","floor":16,"turns":12},{"damage":15,"enemies":"Chosen","floor":18,"turns":6},{"damage":11,"enemies":"2 Thieves","floor":21,"turns":5},{"damage":8,"enemies":"Sentry and Sphere","floor":22,"turns":6},{"damage":29,"enemies":"Slavers","floor":23,"turns":7},{"damage":0,"enemies":"Shelled Parasite and Fungi","floor":25,"turns":5},{"damage":0,"enemies":"Gremlin Leader","floor":29,"turns":8},{"damage":0,"enemies":"Snecko","floor":30,"turns":6},{"damage":16,"enemies":"Automaton","floor":33,"turns":10},{"damage":5,"enemies":"3 Darklings","floor":35,"turns":6},{"damage":1,"enemies":"Orb Walker","floor":37,"turns":4},{"damage":0,"enemies":"Maw","floor":38,"turns":9},{"damage":3,"enemies":"Transient","floor":41,"turns":5},{"damage":0,"enemies":"Nemesis","floor":45,"turns":11},{"damage":20,"enemies":"Sphere and 2 Shapes","floor":48,"turns":6},{"damage":73,"enemies":"Awakened One","floor":50,"turns":26}],"seed_played":"-843795166774069658","potions_obtained":[{"floor":3,"key":"GhostInAJar"},{"floor":6,"key":"Poison Potion"},{"floor":12,"key":"Weak Potion"},{"floor":14,"key":"Block Potion"},{"floor":21,"key":"GamblersBrew"},{"floor":22,"key":"SkillPotion"},{"floor":29,"key":"Dexterity Potion"},{"floor":33,"key":"Strength Potion"},{"floor":38,"key":"EssenceOfSteel"},{"floor":45,"key":"SpeedPotion"},{"floor":48,"key":"Weak Potion"}],"is_trial":false,"path_per_floor":["M","?","M","M","?","M","M","?","T","R","?","M","$","M","R","B",null,"M","?","$","M","M","E","R","M","T","?","R","E","M","?","R","B",null,"M","$","M","M","$","R","M","R","T","R","E","?","?","M","R","B",null],"character_chosen":"THE_SILENT","items_purchased":["Strawberry","Deadly Poison","Noxious Fumes","PiercingWail","OrangePellets"],"campfire_rested":4,"item_purchase_floors":[13,20,20,20,36],"current_hp_per_floor":[68,73,73,73,73,73,66,75,75,75,75,75,82,82,82,39,82,67,67,67,56,48,19,43,43,43,43,67,67,67,67,82,66,82,77,77,76,76,76,76,73,73,73,73,73,73,73,53,77,9],"gold":101,"neow_bonus":"TRANSFORM_CARD","is_prod":false,"is_daily":false,"chose_seed":false,"campfire_upgraded":5,"win_rate":0.0,"timestamp":1568689783,"path_taken":["M","?","M","M","?","?","M","?","T","R","?","M","$","M","R","BOSS","M","?","$","M","M","E","R","M","T","?","R","E","M","?","R","BOSS","M","$","M","M","$","R","M","R","T","R","E","?","?","M","R","BOSS"],"build_version":"2019-09-16","purchased_purges":0,"victory":true,"max_hp_per_floor":[70,75,75,75,75,75,75,75,75,75,75,75,82,82,82,82,82,82,82,82,82,82,82,82,82,82,82,82,82,82,82,82,82,82,82,82,82,82,82,82,82,82,82,82,82,82,82,82,82,82],"card_choices":[{"not_picked":["Deflect","Quick Slash"],"picked":"Deadly Poison","floor":1},{"not_picked":["Dagger Spray","Tactician"],"picked":"Blade Dance","floor":3},{"not_picked":["Terror","Quick Slash"],"picked":"Adrenaline","floor":4},{"not_picked":["Dagger Throw","Backstab"],"picked":"Bane","floor":6},{"not_picked":["Escape Plan","Acrobatics"],"picked":"Crippling Poison","floor":7},{"not_picked":["Sucker Punch","Poisoned Stab"],"picked":"Leg Sweep","floor":12},{"not_picked":["Blade Dance","Distraction"],"picked":"Noxious Fumes","floor":14},{"not_picked":["Venomology","Storm of Steel"],"picked":"Envenom","floor":16},{"not_picked":["Outmaneuver","Dagger Throw"],"picked":"PiercingWail","floor":18},{"not_picked":["Bane","Backflip"],"picked":"PiercingWail","floor":21},{"not_picked":["Flechettes+1","Sucker Punch"],"picked":"Cloak And Dagger+1","floor":22},{"not_picked":["Reflex","Dagger Spray"],"picked":"Dodge and Roll+1","floor":23},{"not_picked":["Backflip","Deflect"],"picked":"Dodge and Roll+1","floor":25},{"not_picked":["Wraith Form v2","Flechettes+1"],"picked":"Poisoned Stab+1","floor":29},{"not_picked":["Acrobatics","Caltrops"],"picked":"Leg Sweep","floor":30},{"not_picked":["Corpse Explosion","Adrenaline"],"picked":"After Image","floor":33},{"not_picked":["Expertise+1","Sucker Punch"],"picked":"Poisoned Stab","floor":35},{"not_picked":["Eviscerate","Infinite Blades+1"],"picked":"Well Laid Plans","floor":37},{"not_picked":["Prepared","Escape Plan+1"],"picked":"Dodge and Roll","floor":38},{"not_picked":["Prepared+1","Reflex+1"],"picked":"Envenom","floor":41},{"not_picked":["Skewer","Distraction"],"picked":"Leg Sweep+1","floor":45},{"not_picked":["Prepared+1","Flying Knee","Slice+1"],"picked":"SKIP","floor":48}],"player_experience":44029,"relics_obtained":[{"floor":9,"key":"Pen Nib"},{"floor":23,"key":"Kunai"},{"floor":23,"key":"InkBottle"},{"floor":26,"key":"Bag of Preparation"},{"floor":29,"key":"Ninja Scroll"},{"floor":29,"key":"Happy Flower"},{"floor":43,"key":"Pantograph"},{"floor":45,"key":"Dodecahedron"},{"floor":45,"key":"Toxic Egg 2"}],"event_choices":[{"damage_healed":0,"gold_gain":0,"player_choice":"Donut","damage_taken":0,"max_hp_gain":5,"max_hp_loss":0,"event_name":"Big Fish","floor":2,"gold_loss":0},{"damage_healed":0,"gold_gain":0,"player_choice":"Forge","damage_taken":0,"max_hp_gain":0,"max_hp_loss":0,"event_name":"Accursed Blacksmith","floor":5,"gold_loss":0,"cards_upgraded":["Survivor"]},{"damage_healed":18,"gold_gain":0,"player_choice":"Healed and dodged fight","damage_taken":0,"max_hp_gain":0,"max_hp_loss":0,"event_name":"Mushrooms","floor":8,"gold_loss":0,"cards_obtained":["Parasite"]},{"cards_removed":["Strike_G"],"damage_healed":0,"gold_gain":0,"player_choice":"Card Removal","damage_taken":0,"max_hp_gain":0,"max_hp_loss":0,"event_name":"The Cleric","floor":11,"gold_loss":50},{"damage_healed":0,"gold_gain":0,"player_choice":"Simplicity","damage_taken":0,"max_hp_gain":0,"max_hp_loss":0,"event_name":"Back to Basics","floor":19,"gold_loss":0,"cards_upgraded":["Strike_G","Strike_G","Strike_G","Defend_G","Defend_G","Defend_G","Defend_G","Defend_G"]},{"damage_healed":0,"gold_gain":0,"player_choice":"Paid Fearfully","damage_taken":0,"max_hp_gain":0,"max_hp_loss":0,"event_name":"Masked Bandits","floor":27,"gold_loss":133},{"damage_healed":0,"gold_gain":0,"player_choice":"Ignored","damage_taken":0,"max_hp_gain":0,"max_hp_loss":0,"event_name":"The Mausoleum","floor":31,"gold_loss":0},{"damage_healed":0,"gold_gain":0,"player_choice":"Ignored","damage_taken":0,"max_hp_gain":0,"max_hp_loss":0,"event_name":"Mysterious Sphere","floor":46,"gold_loss":0},{"cards_removed":["Bane"],"damage_healed":0,"gold_gain":0,"player_choice":"Removed Attack","damage_taken":0,"max_hp_gain":0,"max_hp_loss":0,"event_name":"Falling","floor":47,"gold_loss":0}],"is_beta":true,"boss_relics":[{"not_picked":["Cursed Key","Empty Cage"],"picked":"Black Star"},{"not_picked":["Coffee Dripper","Snecko Eye"],"picked":"Astrolabe"}],"items_purged_floors":[],"is_endless":false,"potions_floor_spawned":[3,6,12,14,21,22,29,33,38,45,48],"ascension_level":0}