{"gold_per_floor":[112,187,199,199,214,214,242,242,268,268,286,301,301,311,311,413,413,433,140,239,239,257,286,286,300,354,368,368,378,378,378,378,378],"floor_reached":33,"playtime":2656,"items_purged":["Strike_R"],"score":267,"play_id":"6ceefb67-e75b-414d-a0c5-0c88122ff220","local_time":"20190917003006","is_ascension_mode":false,"campfire_choices":[{"floor":6,"key":"REST"},{"floor":8,"key":"REST"},{"floor":10,"key":"REST"},{"data":"Iron Wave","floor":15,"key":"SMITH"},{"floor":24,"key":"REST"},{"floor":28,"key":"REST"},{"floor":30,"key":"REST"},{"data":"Armaments","floor":32,"key":"SMITH"}],"neow_cost":"PERCENT_DAMAGE","seed_source_timestamp":1752750475930600,"circlet_count":0,"master_deck":["Strike_R","Strike_R+1","Strike_R+1","Strike_R","Defend_R+1","Defend_R","Defend_R","Defend_R","Bash+1","Flash of Steel","Deep Breath","Ghostly Armor","Iron Wave+1","Twin Strike","Shrug It Off","Cleave","Twin Strike","Juggernaut","Ghostly Armor","Combust","Armaments+1","Iron Wave","J.A.X."],"relics":["Burning Blood","Dream Catcher","Blood Vial","Busted Crown","Whetstone","Juzu Bracelet","Centennial Puzzle"],"potions_floor_usage":[7,25,33,33],"damage_taken":[{"damage":11,"enemies":"Jaw Worm","floor":1,"turns":5},{"damage":10,"enemies":"2 Louse","floor":3,"turns":3},{"damage":0,"enemies":"Cultist","floor":5,"turns":4},{"damage":45,"enemies":"Lagavulin","floor":7,"turns":9},{"damage":5,"enemies":"Exordium Wildlife","floor":11,"turns":4},{"damage":7,"enemies":"Large Slime","floor":12,"turns":6},{"damage":0,"enemies":"3 Louse","floor":14,"turns":4},{"damage":55,"enemies":"Slime Boss","floor":16,"turns":14},{"damage":8,"enemies":"Spheric Guardian","floor":18,"turns":4},{"damage":12,"enemies":"3 Byrds","floor":22,"turns":6},{"damage":68,"enemies":"Gremlin Leader","floor":23,"turns":8},{"damage":8,"enemies":"Snake Plant","floor":25,"turns":5},{"damage":11,"enemies":"Centurion and Healer","floor":27,"turns":7},{"damage":12,"enemies":"Shelled Parasite and Fungi","floor":29,"turns":6},{"damage":80,"enemies":"Automaton","floor":33,"turns":9}],"seed_played":"8098387417347479899","potions_obtained":[{"floor":3,"key":"EssenceOfSteel"},{"floor":5,"key":"Swift Potion"},{"floor":11,"key":"Block Potion"},{"floor":13,"key":"Energy Potion"},{"floor":13,"key":"Energy Potion"},{"floor":25,"key":"Explosive Potion"},{"floor":27,"key":"SteroidPotion"}],"is_trial":false,"path_per_floor":["M","?","M","?","M","R","E","R","T","R","M","M","?","M","R","B",null,"M","$","?","?","M","E","R","M","T","M","R","M","R","?","R","B"],"character_chosen":"IRONCLAD","items_purchased":["Combust","Whetstone"],"campfire_rested":6,"item_purchase_floors":[19,19],"current_hp_per_floor":[51,40,36,20,26,50,11,35,35,59,62,63,63,71,71,24,80,78,78,78,78,74,14,38,38,38,35,59,55,79,79,79,0],"gold":378,"neow_bonus":"RANDOM_COLORLESS_2","is_prod":false,"is_daily":false,"chose_seed":false,"campfire_upgraded":2,"win_rate":0.0,"timestamp":1568694606,"path_taken":["M","?","M","?","M","R","E","R","T","R","?","M","?","M","R","BOSS","M","$","?","?","M","E","R","M","T","M","R","M","R","?","R","BOSS"],"build_version":"2019-07-17","purchased_purges":1,"victory":false,"max_hp_per_floor":[80,80,80,80,80,80,80,80,80,80,80,80,80,80,80,80,80,80,80,80,80,80,80,80,80,80,80,80,80,80,80,80,80],"card_choices":[{"not_picked":["Cleave","Headbutt"],"picked":"Ghostly Armor","floor":1},{"not_picked":["Bloodletting","Battle Trance"],"picked":"Iron Wave","floor":3},{"not_picked":["True Grit","Seeing Red","Pummel"],"picked":"SKIP","floor":5},{"not_picked":["True Grit","Shockwave"],"picked":"Twin Strike","floor":7},{"not_picked":["Offering","Blood for Blood"],"picked":"Shrug It Off","floor":8},{"not_picked":["Twin Strike","Anger"],"picked":"Cleave","floor":11},{"not_picked":["Intimidate","Iron Wave"],"picked":"Twin Strike","floor":12},{"not_picked":["Feel No Pain","Sword Boomerang","Iron Wave"],"picked":"SKIP","floor":14},{"not_picked":["Bludgeon","Fiend Fire"],"picked":"Juggernaut","floor":16},{"not_picked":[],"picked":"Ghostly Armor","floor":18},{"not_picked":["Pummel"],"picked":"SKIP","floor":22},{"not_picked":["Hemokinesis"],"picked":"SKIP","floor":23},{"not_picked":[],"picked":"Iron Wave","floor":25},{"not_picked":["Spot Weakness"],"picked":"SKIP","floor":27},{"not_picked":["Entrench"],"picked":"SKIP","floor":29}],"player_experience":12615,"relics_obtained":[{"floor":7,"key":"Dream Catcher"},{"floor":9,"key":"Blood Vial"},{"floor":23,"key":"Juzu Bracelet"},{"floor":26,"key":"Centennial Puzzle"}],"event_choices":[{"damage_healed":0,"gold_gain":75,"player_choice":"Gather Gold","damage_taken":11,"max_hp_gain":0,"max_hp_loss":0,"event_name":"World of Goop","floor":2,"gold_loss":0},{"damage_healed":0,"gold_gain":0,"player_choice":"Entered Light","damage_taken":16,"max_hp_gain":0,"max_hp_loss":0,"event_name":"Shining Light","floor":4,"gold_loss":0,"cards_upgraded":["Strike_R","Defend_R"]},{"damage_healed":0,"gold_gain":0,"player_choice":"Got Potions","damage_taken":0,"max_hp_gain":0,"max_hp_loss":0,"event_name":"Lab","floor":13,"gold_loss":0},{"damage_healed":0,"gold_gain":99,"player_choice":"Stole From Cult","damage_taken":0,"max_hp_gain":0,"max_hp_loss":0,"event_name":"Nest","floor":20,"gold_loss":0},{"damage_healed":0,"gold_gain":0,"player_choice":"Read","damage_taken":0,"max_hp_gain":0,"max_hp_loss":0,"event_name":"The Library","floor":21,"gold_loss":0,"cards_obtained":["Armaments"]},{"damage_healed":0,"gold_gain":0,"player_choice":"Obtain J.A.X.","damage_taken":0,"max_hp_gain":0,"max_hp_loss":0,"event_name":"Drug Dealer","floor":31,"gold_loss":0,"cards_obtained":["J.A.X."]}],"is_beta":false,"boss_relics":[{"not_picked":["White Beast Statue","Calling Bell"],"picked":"Busted Crown"}],"items_purged_floors":[19],"is_endless":false,"potions_floor_spawned":[3,5,11,18,25,27,29],"killed_by":"Automaton","ascension_level":0}