{"gold_per_floor":[117,128,128,146,146,476,476,490,490,565,37,50,63,75,75,174,174,188,188,70,56,72,100,100,100,170,170,202,202,202,302,302,405,405,420,420,432,87,101,101,101],"floor_reached":41,"playtime":4678,"items_purged":[],"score":481,"play_id":"375d8108-c9e5-408a-92c6-3d4ff4194341","local_time":"20181227122503","is_ascension_mode":false,"campfire_choices":[{"data":"Armaments","floor":7,"key":"SMITH"},{"floor":15,"key":"REST"},{"floor":27,"key":"REST"},{"floor":29,"key":"REST"},{"floor":32,"key":"REST"},{"floor":40,"key":"REST"}],"neow_cost":"NONE","seed_source_timestamp":10520376122208,"circlet_count":0,"master_deck":["Strike_R","Defend_R","Defend_R","Defend_R","Bash","Armaments+1","Anger","Rampage","Rampage","Iron Wave","Good Instincts","Finisher","Dagger Spray+1","Searing Blow","Reinforced Body+1","Carnage","Panacea+1","Bane","Flex+1","Exhume+1","Streamline","Iron Wave","Envenom","Body Slam+1","Corruption+1","True Grit+1","Outmaneuver+1","Blade Dance+1","Ghostly Armor+1","The Bomb+1","Shockwave+1","Deadly Poison+1"],"relics":["Black Blood","Mercury Hourglass","Old Coin","Red Skull","PrismaticShard","Toxic Egg 2","Juzu Bracelet","MutagenicStrength","Pear","PreservedInsect","Astrolabe"],"potions_floor_usage":[16,16,16,23,23],"damage_taken":[{"damage":1,"enemies":"Cultist","floor":1,"turns":3},{"damage":5,"enemies":"Small Slimes","floor":2,"turns":4},{"damage":1,"enemies":"Jaw Worm","floor":4,"turns":3},{"damage":30,"enemies":"Gremlin Nob","floor":6,"turns":5},{"damage":3,"enemies":"Exordium Thugs","floor":8,"turns":5},{"damage":3,"enemies":"Gremlin Gang","floor":12,"turns":5},{"damage":15,"enemies":"Looter","floor":13,"turns":3},{"damage":2,"enemies":"Blue Slaver","floor":14,"turns":4},{"damage":61,"enemies":"The Guardian","floor":16,"turns":10},{"damage":18,"enemies":"3 Byrds","floor":18,"turns":5},{"damage":10,"enemies":"2 Thieves","floor":21,"turns":4},{"damage":36,"enemies":"Centurion and Healer","floor":22,"turns":6},{"damage":43,"enemies":"Book of Stabbing","floor":23,"turns":5},{"damage":32,"enemies":"Slavers","floor":28,"turns":4},{"damage":90,"enemies":"Collector","floor":33,"turns":12},{"damage":22,"enemies":"3 Shapes","floor":35,"turns":5},{"damage":3,"enemies":"Orb Walker","floor":37,"turns":3},{"damage":51,"enemies":"Sphere and 2 Shapes","floor":39,"turns":8},{"damage":110,"enemies":"Transient","floor":41,"turns":5}],"seed_played":"-2932456748241049646","potions_obtained":[{"floor":4,"key":"Weak Potion"},{"floor":6,"key":"Explosive Potion"},{"floor":12,"key":"Explosive Potion"},{"floor":13,"key":"Regen Potion"},{"floor":18,"key":"BloodPotion"},{"floor":22,"key":"AttackPotion"},{"floor":23,"key":"Explosive Potion"},{"floor":25,"key":"SkillPotion"},{"floor":25,"key":"Regen Potion"}],"is_trial":false,"path_per_floor":["M","M","T","M","?","E","R","M","T","?","$","M","M","M","R","B",null,"M","?","$","M","M","E","?","?","T","R","E","R","?","?","R","B",null,"M","?","M","$","M","R","M"],"character_chosen":"IRONCLAD","items_purchased":["PrismaticShard","Good Instincts","Toxic Egg 2","Carnage","Panacea+1","Ghostly Armor+1","The Bomb+1","Shockwave+1"],"campfire_rested":5,"item_purchase_floors":[11,11,11,20,20,38,38,38],"current_hp_per_floor":[88,88,88,88,88,64,64,67,67,59,59,62,53,57,83,42,88,80,80,80,80,54,29,29,29,39,68,46,75,75,75,98,18,98,86,86,93,93,52,81,0],"gold":101,"neow_bonus":"TEN_PERCENT_HP_BONUS","is_prod":false,"is_daily":false,"chose_seed":false,"campfire_upgraded":1,"win_rate":0.0,"timestamp":1545942303,"path_taken":["M","M","?","M","?","E","R","?","T","?","?","?","M","M","R","BOSS","M","?","?","M","?","E","?","?","T","R","E","R","?","?","R","BOSS","M","?","M","$","M","R","M"],"build_version":"2018-12-20","purchased_purges":0,"victory":false,"max_hp_per_floor":[88,88,88,88,88,88,88,88,88,88,88,88,88,88,88,88,88,88,88,88,88,88,88,88,88,98,98,98,98,98,98,98,98,98,98,98,98,98,98,98,98],"card_choices":[{"not_picked":["True Grit","Shrug It Off"],"picked":"Armaments","floor":1},{"not_picked":["Clothesline","Clash"],"picked":"Anger","floor":2},{"not_picked":["Spot Weakness","Pummel"],"picked":"Rampage","floor":4},{"not_picked":["Combust","Disarm"],"picked":"Rampage","floor":6},{"not_picked":["True Grit","Burning Pact"],"picked":"Iron Wave","floor":8},{"not_picked":["Slice","Blood for Blood"],"picked":"Finisher","floor":12},{"not_picked":["Sweeping Beam","Blizzard"],"picked":"Dagger Spray","floor":13},{"not_picked":["Cold Snap","Prepared+1"],"picked":"Searing Blow","floor":14},{"not_picked":["Thunder Strike","Multi-Cast+1"],"picked":"Fiend Fire","floor":16},{"not_picked":["Thunderclap+1","Prepared+1"],"picked":"Reinforced Body+1","floor":18},{"not_picked":["Gash+1","Cold Snap"],"picked":"Bane","floor":21},{"not_picked":["Redo+1","Inflame"],"picked":"Flex+1","floor":22},{"not_picked":["FTL+1","Undo+1"],"picked":"Exhume+1","floor":23},{"not_picked":["Twin Strike","Finesse+1"],"picked":"Streamline","floor":28},{"not_picked":["Mayhem","Magnetism"],"picked":"Envenom","floor":33},{"not_picked":["Metallicize","Impatience+1"],"picked":"Outmaneuver+1","floor":35},{"not_picked":["Compile Driver+1","Wild Strike+1"],"picked":"Blade Dance+1","floor":37},{"not_picked":["Spot Weakness+1","Carnage+1"],"picked":"Deadly Poison+1","floor":39}],"player_experience":27705,"relics_obtained":[{"floor":3,"key":"Mercury Hourglass"},{"floor":6,"key":"Old Coin"},{"floor":9,"key":"Red Skull"},{"floor":23,"key":"Juzu Bracelet"},{"floor":26,"key":"Pear"},{"floor":28,"key":"PreservedInsect"}],"event_choices":[{"cards_removed":["Strike_R"],"damage_healed":0,"gold_gain":0,"player_choice":"Offered Basic","damage_taken":0,"max_hp_gain":0,"max_hp_loss":0,"event_name":"Bonfire Elementals","floor":5,"gold_loss":0},{"damage_healed":0,"gold_gain":75,"player_choice":"Touch","damage_taken":8,"max_hp_gain":0,"max_hp_loss":0,"event_name":"FaceTrader","floor":10,"gold_loss":0},{"damage_healed":0,"gold_gain":0,"player_choice":"Forge","damage_taken":0,"max_hp_gain":0,"max_hp_loss":0,"event_name":"Accursed Blacksmith","floor":19,"gold_loss":0,"cards_upgraded":["Dagger Spray"]},{"damage_healed":0,"gold_gain":0,"player_choice":"Inject Mutagens","damage_taken":0,"relics_obtained":["MutagenicStrength"],"max_hp_gain":0,"max_hp_loss":0,"event_name":"Drug Dealer","floor":24,"gold_loss":0},{"damage_healed":0,"gold_gain":0,"player_choice":"Got Potions","damage_taken":0,"max_hp_gain":0,"max_hp_loss":0,"event_name":"Lab","floor":25,"gold_loss":0},{"cards_removed":["Fiend Fire"],"damage_healed":0,"gold_gain":0,"player_choice":"Took Card","damage_taken":0,"max_hp_gain":0,"max_hp_loss":0,"event_name":"NoteForYourself","floor":30,"gold_loss":0,"cards_obtained":["Iron Wave"]},{"damage_healed":0,"gold_gain":100,"player_choice":"Pray","damage_taken":0,"max_hp_gain":0,"max_hp_loss":0,"event_name":"Golden Shrine","floor":31,"gold_loss":0},{"cards_removed":["Strike_R"],"damage_healed":0,"gold_gain":0,"player_choice":"Removed Attack","damage_taken":0,"max_hp_gain":0,"max_hp_loss":0,"event_name":"Falling","floor":36,"gold_loss":0}],"is_beta":false,"boss_relics":[{"not_picked":["Empty Cage","Cursed Key"],"picked":"Black Blood"},{"not_picked":["Mark of Pain","Velvet Choker"],"picked":"Astrolabe"}],"items_purged_floors":[],"is_endless":false,"potions_floor_spawned":[4,6,12,13,14,18,22,23,39],"killed_by":"Transient","ascension_level":0}