{"path_per_floor":["M","?","?","?","M","E","R","E","T","R","E","?","M","M","R","B",null,"M","?","M","$","M","R","M","?","T","?","?","M","M","M","R"],"character_chosen":"DEFECT","items_purchased":["Loop","Fire Potion"],"gold_per_floor":[118,118,118,118,131,160,160,193,245,245,270,270,294,308,308,427,427,450,450,469,266,281,281,294,294,362,512,427,452,466,487,487,487],"floor_reached":33,"campfire_rested":1,"playtime":1203,"item_purchase_floors":[21,21],"current_hp_per_floor":[68,68,68,73,73,73,73,52,52,52,37,37,37,37,37,9,58,48,48,46,46,27,27,5,5,5,5,5,7,9,9,32,0],"items_purged":["Strike_B"],"gold":487,"score":394,"play_id":"bd9bf223-faf5-4570-8c08-4dad711683c9","local_time":"20180609150833","is_prod":false,"is_daily":false,"chose_seed":false,"is_ascension_mode":true,"campfire_upgraded":4,"win_rate":0,"timestamp":1528549713,"campfire_choices":[{"data":"Leap","floor":7,"key":"SMITH"},{"data":"Go for the Eyes","floor":10,"key":"SMITH"},{"data":"Hologram","floor":15,"key":"SMITH"},{"data":"Loop","floor":23,"key":"SMITH"},{"floor":32,"key":"REST"}],"path_taken":["M","?","?","?","?","E","R","E","T","R","E","?","M","M","R","BOSS","M","?","M","$","M","R","M","?","T","?","?","M","M","M","R","BOSS"],"build_version":"2018-06-07v3","seed_source_timestamp":79730644524306,"purchased_purges":1,"victory":false,"master_deck":["Strike_B","Strike_B","Defend_B","Defend_B","Defend_B","Defend_B","Zap+1","Dualcast+1","Leap+1","Turbo","Go for the Eyes+1","Seek","Static Discharge","Hologram+1","All For One","Tempest","Go for the Eyes+1","Loop+1","Turbo+1","Reboot","Electrodynamics","Leap+1"],"max_hp_per_floor":[75,75,75,80,80,80,80,80,80,80,80,74,74,74,74,74,74,74,74,74,74,74,74,74,74,74,74,74,76,78,78,78,78],"relics":["Cracked Core","NeowsBlessing","Vajra","Ornamental Fan","Juzu Bracelet","Gambling Chip","Golden Idol","Nuclear Battery","Frozen Egg 2","Singing Bowl"],"card_choices":[{"not_picked":["Redo","Darkness"],"picked":"Leap","floor":1},{"not_picked":["Auto Shields","Steam Power","Redo"],"picked":"SKIP","floor":5},{"not_picked":["Rip and Tear","Redo"],"picked":"Turbo","floor":6},{"not_picked":["Barrage","Conserve Battery"],"picked":"Go for the Eyes","floor":8},{"not_picked":["BootSequence","Chill"],"picked":"Seek","floor":11},{"not_picked":["Double Energy","Scrape"],"picked":"Static Discharge","floor":13},{"not_picked":["Stack","Rebound"],"picked":"Hologram","floor":14},{"not_picked":["Thunder Strike","Hyperbeam"],"picked":"All For One","floor":16},{"not_picked":["Gash+1","Cold Snap"],"picked":"Tempest","floor":18},{"not_picked":["Doom and Gloom","Coolheaded+1"],"picked":"Go for the Eyes+1","floor":20},{"not_picked":["Compile Driver","FTL"],"picked":"Turbo+1","floor":22},{"not_picked":["Rebound","Genetic Algorithm"],"picked":"Reboot","floor":24},{"not_picked":["Glacier","Melter","Go for the Eyes+1"],"picked":"Singing Bowl","floor":29},{"not_picked":["Turbo","Compile Driver","Hello World+1"],"picked":"Singing Bowl","floor":30},{"not_picked":["Double Energy+1","Doom and Gloom+1"],"picked":"Leap+1","floor":31}],"player_experience":832816,"potions_floor_usage":[16,16,29,29,30],"damage_taken":[{"damage":0,"enemies":"Cultist","floor":1,"turns":1},{"damage":0,"enemies":"2 Louse","floor":5,"turns":1},{"damage":0,"enemies":"Gremlin Nob","floor":6,"turns":1},{"damage":21,"enemies":"3 Sentries","floor":8,"turns":8},{"damage":15,"enemies":"Gremlin Nob","floor":11,"turns":4},{"damage":0,"enemies":"Small Slimes","floor":13,"turns":2},{"damage":0,"enemies":"Looter","floor":14,"turns":3},{"damage":28,"enemies":"Hexaghost","floor":16,"turns":9},{"damage":10,"enemies":"Shell Parasite","floor":18,"turns":4},{"damage":2,"enemies":"Chosen","floor":20,"turns":3},{"damage":19,"enemies":"Sentry and Sphere","floor":22,"turns":4},{"damage":22,"enemies":"Snake Plant","floor":24,"turns":4},{"damage":0,"enemies":"Slaver and Parasite","floor":29,"turns":2},{"damage":0,"enemies":"3 Cultists","floor":30,"turns":3},{"damage":0,"enemies":"Cultist and Chosen","floor":31,"turns":3},{"damage":49,"enemies":"Champ","floor":33,"turns":10}],"relics_obtained":[{"floor":6,"key":"Vajra"},{"floor":8,"key":"Ornamental Fan"},{"floor":9,"key":"Juzu Bracelet"},{"floor":11,"key":"Gambling Chip"},{"floor":26,"key":"Frozen Egg 2"}],"event_choices":[{"event_name":"Accursed Blacksmith","player_choice":"Forge","floor":2,"damage_taken":0},{"event_name":"Living Wall","player_choice":"Grow","floor":3,"damage_taken":0},{"event_name":"Big Fish","player_choice":"Donut","floor":4,"damage_taken":0},{"event_name":"Golden Idol","player_choice":"Lose Max HP","floor":12,"damage_taken":0},{"event_name":"Vampires","player_choice":"Ignored","floor":19,"damage_taken":0},{"event_name":"Transmorgrifier","player_choice":"Transform","floor":25,"damage_taken":0},{"event_name":"Nest","player_choice":"Stole From Cult","floor":27,"damage_taken":0},{"event_name":"Addict","player_choice":"Obtained Relic","floor":28,"damage_taken":0}],"boss_relics":[{"not_picked":["Inserter","Ectoplasm"],"picked":"Nuclear Battery"}],"items_purged_floors":[21],"potions_floor_spawned":[5,8,11,18,22,24,29],"seed_played":"3614968995752033397","killed_by":"Champ","ascension_level":7,"potions_obtained":[{"floor":5,"key":"Energy Potion"},{"floor":8,"key":"Dexterity Potion"},{"floor":11,"key":"Strength Potion"},{"floor":18,"key":"Ancient Potion"},{"floor":24,"key":"Swift Potion"},{"floor":29,"key":"Block Potion"}],"is_trial":false}