{"gold_per_floor":[117,117,42,56,1,32,182,182,228,228,244,61,136,152,152,228,228,242,242,260,276,51,51,51],"floor_reached":24,"playtime":1058,"items_purged":["Strike_R","Strike_R","Strike_R"],"score":388,"play_id":"b6f3d118-4fb5-41da-82d8-3539b039dd6c","local_time":"20190521161613","is_ascension_mode":true,"campfire_choices":[{"data":"True Grit","floor":8.0,"key":"SMITH"},{"data":"Battle Trance","floor":10.0,"key":"SMITH"},{"data":"Evolve","floor":15.0,"key":"SMITH"},{"floor":23,"key":"REST"}],"neow_cost":"TEN_PERCENT_HP_LOSS","seed_source_timestamp":281310235289644,"circlet_count":0,"master_deck":["AscendersBane","Defend_R","Defend_R","Defend_R","Rupture","Battle Trance+1","Second Wind","True Grit+1","Feel No Pain","Evolve+1","Clash","Body Slam","Armaments","Finesse"],"special_seed":0,"relics":["Burning Blood","Omamori","Empty Cage","WarpedTongs"],"potions_floor_usage":[],"damage_taken":[{"damage":7.0,"enemies":"2 Louse","floor":1.0,"turns":4.0},{"damage":6.0,"enemies":"Cultist","floor":4.0,"turns":3.0},{"damage":33.0,"enemies":"Gremlin Nob","floor":6.0,"turns":4.0},{"damage":0.0,"enemies":"Small Slimes","floor":11.0,"turns":4.0},{"damage":2.0,"enemies":"Blue Slaver","floor":14.0,"turns":8.0},{"damage":28.0,"enemies":"Slime Boss","floor":16.0,"turns":10.0},{"damage":28.0,"enemies":"Shell Parasite","floor":18.0,"turns":18.0},{"damage":16.0,"enemies":"3 Byrds","floor":20.0,"turns":6.0},{"damage":21,"enemies":"Shelled Parasite and Fungi","floor":21,"turns":6},{"damage":30,"enemies":"Gremlin Leader","floor":24,"turns":4}],"seed_played":"2831903717062614807","potions_obtained":[{"floor":6.0,"key":"Energy Potion"},{"floor":11.0,"key":"EntropicBrew"},{"floor":16.0,"key":"LiquidBronze"}],"is_trial":false,"path_per_floor":["M","?","$","M","$","E","?","R","T","R","M","$","?","M","R","B",null,"M","?","M","M","$","R","E"],"character_chosen":"IRONCLAD","items_purchased":["SteroidPotion","Evolve","Finesse"],"campfire_rested":1,"item_purchase_floors":[5,12,22],"current_hp_per_floor":[67,67,67,67,67,40,40,40,40,40,46,46,35,39,39,17,55,33,33,23,8,8,28,0],"gold":51,"neow_bonus":"TRANSFORM_TWO_CARDS","is_prod":false,"is_daily":false,"chose_seed":false,"campfire_upgraded":3,"win_rate":0,"timestamp":1558426573,"path_taken":["M","?","$","M","?","E","?","R","T","R","M","$","?","M","R","BOSS","M","?","?","M","$","R","E"],"build_version":"2019-05-07","purchased_purges":3,"victory":false,"max_hp_per_floor":[68,68,68,68,68,68,68,68,68,68,68,68,68,68,68,68,68,68,68,68,68,68,68,68],"card_choices":[{"not_picked":["Iron Wave","Combust"],"picked":"Second Wind","floor":1.0},{"not_picked":["Cleave","Iron Wave"],"picked":"True Grit","floor":4.0},{"not_picked":["Shrug It Off","Brutality","Bludgeon"],"picked":"SKIP","floor":6.0},{"not_picked":["Rupture","Sever Soul"],"picked":"Feel No Pain","floor":11.0},{"not_picked":["Sentinel","Anger"],"picked":"Clash","floor":14.0},{"not_picked":["Dual Wield","Clothesline"],"picked":"Body Slam","floor":18.0},{"not_picked":["True Grit","Infernal Blade"],"picked":"Armaments","floor":20.0},{"not_picked":["Wild Strike","Heavy Blade","Cleave"],"picked":"SKIP","floor":21}],"player_experience":3035350,"relics_obtained":[{"floor":6.0,"key":"Omamori"}],"event_choices":[{"damage_healed":0.0,"max_hp_gain":0.0,"max_hp_loss":0.0,"gold_gain":0.0,"event_name":"Match and Keep!","player_choice":"0 cards matched","floor":2.0,"gold_loss":0.0,"damage_taken":0.0,"cards_obtained":[]},{"damage_healed":0.0,"max_hp_gain":0.0,"max_hp_loss":0.0,"gold_gain":150.0,"event_name":"Liars Game","player_choice":"AGREE","floor":7.0,"gold_loss":0.0,"damage_taken":0.0,"cards_obtained":["Doubt"]},{"damage_healed":0.0,"max_hp_gain":0.0,"max_hp_loss":0.0,"gold_gain":75.0,"event_name":"World of Goop","player_choice":"Gather Gold","floor":13.0,"gold_loss":0.0,"damage_taken":11.0},{"damage_healed":0.0,"max_hp_gain":0.0,"max_hp_loss":0.0,"gold_gain":0.0,"event_name":"Accursed Blacksmith","player_choice":"Rummage","floor":19.0,"gold_loss":0.0,"damage_taken":0.0,"relics_obtained":["WarpedTongs"],"cards_obtained":["Pain"]}],"is_beta":true,"boss_relics":[{"not_picked":["Coffee Dripper","White Beast Statue"],"picked":"Empty Cage"}],"items_purged_floors":[3,12,22],"is_endless":false,"potions_floor_spawned":[6,11,16],"killed_by":"Gremlin Leader","ascension_level":20}