{"gold_per_floor":[115,115,135,152,167,167,201,201,201,219,219,219,32,46,46,46],"floor_reached":16,"playtime":1535,"items_purged":[],"score":107,"play_id":"9a2869cb-14e5-474d-a53a-5cad1da3fdd9","local_time":"20190918122442","is_ascension_mode":true,"campfire_choices":[{"data":"Dash","floor":6,"key":"SMITH"},{"floor":8,"key":"REST"},{"floor":12,"key":"DIG"},{"floor":15,"key":"DIG"}],"neow_cost":"NONE","seed_source_timestamp":241736957862995,"circlet_count":0,"master_deck":["Strike_G","Strike_G","Strike_G","Strike_G","Strike_G","Defend_G","Defend_G","Defend_G","Defend_G","Defend_G","Survivor+1","Neutralize","Dash+1","Backflip","Dash","Bullet Time","Backflip","Bouncing Flask"],"relics":["Ring of the Snake","Paper Crane","Torii","Shovel","Eternal Feather","Snake Skull","PreservedInsect","Tingsha"],"potions_floor_usage":[16,16],"damage_taken":[{"damage":0,"enemies":"Jaw Worm","floor":1,"turns":6},{"damage":0,"enemies":"Cultist","floor":3,"turns":4},{"damage":0,"enemies":"Small Slimes","floor":4,"turns":3},{"damage":0,"enemies":"Blue Slaver","floor":5,"turns":5},{"damage":26,"enemies":"3 Sentries","floor":7,"turns":11},{"damage":0,"enemies":"Red Slaver","floor":10,"turns":3},{"damage":0,"enemies":"Looter","floor":14,"turns":3},{"damage":88,"enemies":"Slime Boss","floor":16,"turns":15}],"seed_played":"-8424983799725587217","potions_obtained":[{"floor":1,"key":"FearPotion"},{"floor":3,"key":"Regen Potion"},{"floor":5,"key":"Fire Potion"},{"floor":7,"key":"Energy Potion"}],"is_trial":false,"path_per_floor":["M","?","M","M","M","R","E","R","T","M","?","R","$","M","R","B"],"character_chosen":"THE_SILENT","items_purchased":["PreservedInsect","Bouncing Flask"],"campfire_rested":1,"item_purchase_floors":[13,13],"current_hp_per_floor":[70,70,70,70,70,70,44,65,65,65,62,70,70,70,70,0],"gold":46,"neow_bonus":"UPGRADE_CARD","is_prod":false,"is_daily":false,"chose_seed":false,"campfire_upgraded":1,"win_rate":0,"timestamp":1568834682,"path_taken":["M","?","M","M","M","R","E","R","T","?","?","R","$","M","R","BOSS"],"build_version":"2019-09-18","purchased_purges":0,"victory":false,"max_hp_per_floor":[70,70,70,70,70,70,70,70,70,70,70,70,70,70,70,70],"card_choices":[{"not_picked":["Expertise","Slice","Sucker Punch"],"picked":"SKIP","floor":1},{"not_picked":["Dagger Spray","Phantasmal Killer"],"picked":"Dash","floor":3},{"not_picked":["Skewer","Riddle With Holes"],"picked":"Backflip","floor":4},{"not_picked":["Heel Hook","Bane"],"picked":"Dash","floor":5},{"not_picked":["Escape Plan","Burst"],"picked":"Bullet Time","floor":7},{"not_picked":["Accuracy","Dagger Throw"],"picked":"Backflip","floor":10},{"not_picked":["Underhanded Strike","Dagger Spray","Bane"],"picked":"SKIP","floor":14}],"player_experience":62205,"relics_obtained":[{"floor":7,"key":"Torii"},{"floor":9,"key":"Shovel"},{"floor":12,"key":"Snake Skull"},{"floor":15,"key":"Tingsha"}],"event_choices":[{"damage_healed":0,"gold_gain":0,"player_choice":"Gave Potion","damage_taken":0,"relics_obtained":["Paper Crane"],"max_hp_gain":0,"max_hp_loss":0,"event_name":"WeMeetAgain","floor":2,"gold_loss":0},{"damage_healed":0,"gold_gain":0,"player_choice":"Success","damage_taken":3,"relics_obtained":["Eternal Feather"],"max_hp_gain":0,"max_hp_loss":0,"event_name":"Scrap Ooze","floor":11,"gold_loss":0}],"is_beta":true,"boss_relics":[],"items_purged_floors":[],"is_endless":false,"potions_floor_spawned":[1,3,5,7],"killed_by":"Slime Boss","ascension_level":1}