{"gold_per_floor":[110,185,110,110,128,128,158,158,158,158,175,191,3,17,17,88,88,105,123,143,18,36,36,36,36,107,107,139,139,190,219,219,291,291,310,310,320,331,331,331,362,362,362,393,393,421,174,189,189,189,189,189,189,83,113,113],"floor_reached":57,"playtime":2373,"items_purged":["Strike_G","Strike_G","Defend_G","Defend_G","Defend_G"],"score":3602,"play_id":"22d92b40-8a65-4caf-9502-527005b9a52f","local_time":"20190901171659","is_ascension_mode":true,"campfire_choices":[{"data":"Calculated Gamble","floor":6.0,"key":"SMITH"},{"data":"Flechettes","floor":8.0,"key":"SMITH"},{"data":"Prepared","floor":15.0,"key":"SMITH"},{"data":"Acrobatics","floor":23.0,"key":"SMITH"},{"data":"Tactician","floor":32.0,"key":"SMITH"},{"floor":40.0,"key":"RECALL"},{"data":"Backflip","floor":42.0,"key":"SMITH"},{"data":"Grand Finale","floor":45,"key":"SMITH"},{"data":"Adrenaline","floor":49,"key":"SMITH"},{"data":"Neutralize","floor":53,"key":"SMITH"}],"neow_cost":"NONE","seed_source_timestamp":0,"circlet_count":0,"master_deck":["AscendersBane","Defend_G","Survivor","Neutralize+1","Calculated Gamble+1","Footwork+1","Well Laid Plans+1","Prepared+1","Grand Finale+1","Reflex+1","Acrobatics+1","Tactician+1","After Image+1","Backflip+1","Adrenaline+1"],"special_seed":0,"relics":["Ring of the Snake","Pantograph","Question Card","Frozen Egg 2","Empty Cage","Oddly Smooth Stone","Snake Skull","Smiling Mask","Black Star","Pen Nib","Art of War","FossilizedHelix","PreservedInsect","Thread and Needle","Dream Catcher","MawBank","OrangePellets","Centennial Puzzle","Mummified Hand"],"potions_floor_usage":[50,56,56],"damage_taken":[{"damage":0.0,"enemies":"2 Louse","floor":1.0,"turns":3.0},{"damage":1.0,"enemies":"Small Slimes","floor":5.0,"turns":6.0},{"damage":24.0,"enemies":"3 Sentries","floor":7.0,"turns":17.0},{"damage":0.0,"enemies":"Jaw Worm","floor":11.0,"turns":3.0},{"damage":0.0,"enemies":"Blue Slaver","floor":12.0,"turns":4.0},{"damage":2.0,"enemies":"Lots of Slimes","floor":14.0,"turns":6.0},{"damage":19.0,"enemies":"Slime Boss","floor":16.0,"turns":9.0},{"damage":4.0,"enemies":"Spheric Guardian","floor":18.0,"turns":6.0},{"damage":1.0,"enemies":"3 Byrds","floor":19.0,"turns":4.0},{"damage":11.0,"enemies":"Snecko","floor":20.0,"turns":5.0},{"damage":0.0,"enemies":"3 Cultists","floor":22.0,"turns":3.0},{"damage":0.0,"enemies":"Slavers","floor":28.0,"turns":1.0},{"damage":0.0,"enemies":"Gremlin Leader","floor":31.0,"turns":1.0},{"damage":0.0,"enemies":"Automaton","floor":33.0,"turns":2.0},{"damage":0.0,"enemies":"3 Shapes","floor":35.0,"turns":2.0},{"damage":0.0,"enemies":"Orb Walker","floor":37.0,"turns":1.0},{"damage":11.0,"enemies":"Transient","floor":38.0,"turns":6.0},{"damage":0.0,"enemies":"Nemesis","floor":41.0,"turns":1.0},{"damage":0,"enemies":"Reptomancer","floor":44,"turns":1},{"damage":0,"enemies":"Giant Head","floor":46,"turns":1},{"damage":0,"enemies":"4 Shapes","floor":48,"turns":1},{"damage":0,"enemies":"Time Eater","floor":50,"turns":2},{"damage":0,"enemies":"Awakened One","floor":51,"turns":2},{"damage":0,"enemies":"Shield and Spear","floor":55,"turns":1},{"damage":0,"enemies":"The Heart","floor":56,"turns":4}],"seed_played":"5321131051115368448","potions_obtained":[{"floor":1.0,"key":"Fire Potion"},{"floor":5.0,"key":"SkillPotion"},{"floor":12.0,"key":"SkillPotion"},{"floor":18.0,"key":"Block Potion"},{"floor":28.0,"key":"FearPotion"}],"is_trial":false,"path_per_floor":["M","?","$","?","M","R","E","R","T","?","M","M","$","M","R","B",null,"M","M","M","$","M","R","?","?","T","?","E","?","T","E","R","B",null,"M","?","M","M","?","R","E","R","T","E","R","E","$","M","R","B","B",null,"R","$","E","B",null],"character_chosen":"THE_SILENT","items_purchased":["Well Laid Plans+1","OrangePellets","Swift Potion"],"campfire_rested":0,"item_purchase_floors":[13,47,54],"current_hp_per_floor":[59,48,48,66,65,65,41,41,41,6,6,6,6,4,4,10,52,48,47,36,36,36,36,18,18,18,18,18,18,18,18,18,43,64,64,64,64,53,53,53,53,53,53,53,53,53,53,53,53,71,71,71,71,71,71,71],"gold":113,"neow_bonus":"REMOVE_CARD","is_prod":false,"is_daily":false,"chose_seed":false,"campfire_upgraded":9,"win_rate":0,"timestamp":1567329419,"path_taken":["M","?","$","?","M","R","E","R","T","?","M","M","?","M","R","BOSS","M","M","M","$","?","R","?","?","T","?","E","?","?","E","R","BOSS","M","?","M","M","?","R","E","R","T","E","R","E","$","M","R","BOSS","BOSS","R","$","E","BOSS"],"build_version":"2019-08-26","purchased_purges":5,"victory":true,"max_hp_per_floor":[66,66,66,66,66,66,66,66,66,66,66,66,66,66,66,66,66,66,66,66,66,66,66,71,71,71,71,71,71,71,71,71,71,71,71,71,71,71,71,71,71,71,71,71,71,71,71,71,71,71,71,71,71,71,71,71],"card_choices":[{"not_picked":["Setup","Bane","Dagger Spray"],"picked":"SKIP","floor":1.0},{"not_picked":["Blade Dance","Deadly Poison"],"picked":"Calculated Gamble","floor":5.0},{"not_picked":["Burst","Dagger Spray"],"picked":"Flechettes","floor":7.0},{"not_picked":["Leg Sweep","Dash","Caltrops+1","Deflect"],"picked":"SKIP","floor":11.0},{"not_picked":["Noxious Fumes+1","Masterful Stab","Dagger Spray"],"picked":"Footwork+1","floor":12.0},{"not_picked":["Finisher","Poisoned Stab","Slice"],"picked":"Prepared","floor":14.0},{"not_picked":["Tools of the Trade+1","Venomology","A Thousand Cuts+1"],"picked":"Grand Finale","floor":16.0},{"not_picked":["Sucker Punch","Prepared","Skewer"],"picked":"Reflex+1","floor":18.0},{"not_picked":["Deflect","Deadly Poison","Outmaneuver","Bouncing Flask"],"picked":"SKIP","floor":19.0},{"not_picked":["Slice","Cloak And Dagger","Deadly Poison","Phantasmal Killer"],"picked":"SKIP","floor":20.0},{"not_picked":["Sucker Punch","Expertise","Underhanded Strike"],"picked":"Acrobatics","floor":22.0},{"not_picked":["Sucker Punch","Bane","Dagger Throw","Bullet Time"],"picked":"SKIP","floor":28.0},{"not_picked":["Dagger Throw","Cloak And Dagger","Dagger Spray+1","Eviscerate"],"picked":"SKIP","floor":31.0},{"not_picked":["Grand Finale","Bullet Time","Malaise"],"picked":"After Image+1","floor":33.0},{"not_picked":["Quick Slash","Dagger Throw","Slice"],"picked":"Backflip","floor":35.0},{"not_picked":["Deflect","Dodge and Roll","Outmaneuver+1","PiercingWail"],"picked":"SKIP","floor":37.0},{"not_picked":["Cloak And Dagger","Grand Finale","Dodge and Roll","Slice"],"picked":"SKIP","floor":38.0},{"not_picked":["Heel Hook+1","Slice+1","Deflect","Crippling Poison"],"picked":"SKIP","floor":41.0},{"not_picked":["Underhanded Strike+1","Prepared+1","Doppelganger"],"picked":"Adrenaline","floor":44},{"not_picked":["Deflect","Caltrops+1","Wraith Form v2+1","Footwork+1"],"picked":"SKIP","floor":46},{"not_picked":["Tactician","Deflect+1","Quick Slash","Backflip"],"picked":"SKIP","floor":48},{"not_picked":["Dodge and Roll","Dagger Spray","Masterful Stab","Deflect"],"picked":"SKIP","floor":55}],"player_experience":3146705,"relics_obtained":[{"floor":7.0,"key":"Pantograph"},{"floor":9.0,"key":"Question Card"},{"floor":28.0,"key":"Oddly Smooth Stone"},{"floor":30.0,"key":"Snake Skull"},{"floor":31.0,"key":"Smiling Mask"},{"floor":41.0,"key":"Pen Nib"},{"floor":41.0,"key":"Art of War"},{"floor":43.0,"key":"FossilizedHelix"},{"floor":44,"key":"PreservedInsect"},{"floor":44,"key":"Thread and Needle"},{"floor":46,"key":"Dream Catcher"},{"floor":46,"key":"MawBank"},{"floor":55,"key":"Centennial Puzzle"},{"floor":55,"key":"Mummified Hand"}],"event_choices":[{"damage_healed":0.0,"max_hp_gain":0.0,"max_hp_loss":0.0,"gold_gain":75.0,"event_name":"World of Goop","player_choice":"Gather Gold","floor":2.0,"gold_loss":0.0,"damage_taken":11.0},{"damage_healed":22.0,"max_hp_gain":0.0,"max_hp_loss":0.0,"gold_gain":0.0,"event_name":"Big Fish","player_choice":"Banana","floor":4.0,"gold_loss":0.0,"damage_taken":0.0},{"damage_healed":0.0,"max_hp_gain":0.0,"max_hp_loss":0.0,"gold_gain":0.0,"event_name":"Scrap Ooze","player_choice":"Success","floor":10.0,"gold_loss":0.0,"damage_taken":35.0,"relics_obtained":["Frozen Egg 2"]},{"damage_healed":0.0,"max_hp_gain":5.0,"max_hp_loss":0.0,"gold_gain":0.0,"event_name":"Forgotten Altar","player_choice":"Shed Blood","floor":24.0,"gold_loss":0.0,"damage_taken":23.0},{"cards_removed":["Defend_G"],"damage_healed":0.0,"max_hp_gain":0.0,"max_hp_loss":0.0,"gold_gain":0.0,"event_name":"Back to Basics","player_choice":"Elegance","floor":25.0,"gold_loss":0.0,"damage_taken":0.0},{"damage_healed":0.0,"max_hp_gain":0.0,"max_hp_loss":0.0,"gold_gain":0.0,"event_name":"The Library","player_choice":"Read","floor":27.0,"gold_loss":0.0,"damage_taken":0.0,"cards_obtained":["Tactician"]},{"damage_healed":0.0,"max_hp_gain":0.0,"max_hp_loss":0.0,"gold_gain":0.0,"event_name":"Cursed Tome","player_choice":"Ignored","floor":29.0,"gold_loss":0.0,"damage_taken":0.0},{"damage_healed":0.0,"max_hp_gain":0.0,"max_hp_loss":0.0,"gold_gain":0.0,"event_name":"Tomb of Lord Red Mask","player_choice":"Ignored","floor":36.0,"gold_loss":0.0,"damage_taken":0.0},{"cards_removed":["Flechettes"],"damage_healed":0.0,"max_hp_gain":0.0,"max_hp_loss":0.0,"gold_gain":0.0,"event_name":"Falling","player_choice":"Removed Attack","floor":39.0,"gold_loss":0.0,"damage_taken":0.0}],"is_beta":true,"boss_relics":[{"not_picked":["Busted Crown","Cursed Key"],"picked":"Empty Cage"},{"not_picked":["Lizard Tail","Coffee Dripper"],"picked":"Black Star"}],"items_purged_floors":[3,13,21,47,54],"is_endless":false,"potions_floor_spawned":[1,5,12,18,28,38,41],"ascension_level":20}