{"gold_per_floor":[219,219,219,219,219,219,247,257,257,284,295,295,10,24,24,125,125,138,158,78,94,193,227,227,256,256,12,12,12,30,43,43,147,147,161,172,172,192,5,5,5,5,5,21,0,14,14,28,28,28],"floor_reached":50,"playtime":7333,"items_purged":[],"score":565,"play_id":"94f42c29-c7a1-41ce-95b4-a367fed1869b","local_time":"20190116165100","is_ascension_mode":false,"campfire_choices":[{"data":"Zap","floor":6.0,"key":"SMITH"},{"data":"Chill","floor":12.0,"key":"SMITH"},{"data":"Barrage","floor":15.0,"key":"SMITH"},{"floor":24.0,"key":"REST"},{"floor":28.0,"key":"REST"},{"floor":32.0,"key":"REST"},{"data":"Enlightenment","floor":40,"key":"SMITH"},{"data":"Sunder","floor":42,"key":"SMITH"},{"floor":47,"key":"REST"},{"floor":49,"key":"REST"}],"neow_cost":"NONE","seed_source_timestamp":169371075546318,"circlet_count":0,"master_deck":["Zap+1","Dualcast","Sunder","Ball Lightning","Chill+1","BootSequence","Barrage+1","Go for the Eyes","Enlightenment+1","All For One","Defragment","Rip and Tear","Meteor Strike","Coolheaded","Stack","Double Energy","Conserve Battery","Ball Lightning","Reinforced Body","Chill","Glacier","Hologram","Sunder+1","Transmutation+1","Capacitor","Auto Shields+1","Sunder+1","Echo Form","Hologram+1","Reinforced Body+1","Stack+1","Apotheosis+1","Violence+1","Conserve Battery+1","Sunder+1"],"special_seed":0,"relics":["Cracked Core","Oddly Smooth Stone","Pear","Centennial Puzzle","Juzu Bracelet","Pandora\u0027s Box","Toxic Egg 2","Sundial","Singing Bowl","Nuclear Battery","Mummified Hand","Red Mask"],"potions_floor_usage":[44,44,50],"damage_taken":[{"damage":4.0,"enemies":"2 Louse","floor":1.0,"turns":3.0},{"damage":7.0,"enemies":"3 Sentries","floor":7.0,"turns":5.0},{"damage":0.0,"enemies":"Small Slimes","floor":8.0,"turns":3.0},{"damage":12.0,"enemies":"Gremlin Nob","floor":10.0,"turns":4.0},{"damage":0.0,"enemies":"Jaw Worm","floor":11.0,"turns":3.0},{"damage":0.0,"enemies":"Blue Slaver","floor":14.0,"turns":2.0},{"damage":34.0,"enemies":"Hexaghost","floor":16.0,"turns":10.0},{"damage":9.0,"enemies":"Shell Parasite","floor":18.0,"turns":5.0},{"damage":5.0,"enemies":"Spheric Guardian","floor":19.0,"turns":5.0},{"damage":5.0,"enemies":"Centurion and Healer","floor":21.0,"turns":5.0},{"damage":18.0,"enemies":"Gremlin Leader","floor":23.0,"turns":6.0},{"damage":27.0,"enemies":"Book of Stabbing","floor":25.0,"turns":6.0},{"damage":11.0,"enemies":"Sentry and Sphere","floor":30.0,"turns":6.0},{"damage":5.0,"enemies":"Snake Plant","floor":31.0,"turns":4.0},{"damage":31.0,"enemies":"Automaton","floor":33.0,"turns":12.0},{"damage":0.0,"enemies":"3 Shapes","floor":35.0,"turns":3.0},{"damage":19.0,"enemies":"3 Darklings","floor":36.0,"turns":10.0},{"damage":0,"enemies":"Sphere and 2 Shapes","floor":38,"turns":5},{"damage":34,"enemies":"Spire Growth","floor":44,"turns":6},{"damage":11,"enemies":"3 Darklings","floor":46,"turns":5},{"damage":14,"enemies":"Sphere and 2 Shapes","floor":48,"turns":7},{"damage":83,"enemies":"Awakened One","floor":50,"turns":7}],"seed_played":"3072071952844838381","potions_obtained":[{"floor":1.0,"key":"Explosive Potion"},{"floor":10.0,"key":"Weak Potion"},{"floor":21.0,"key":"Fire Potion"},{"floor":30.0,"key":"Block Potion"},{"floor":31.0,"key":"Fire Potion"},{"floor":33.0,"key":"GamblersBrew"},{"floor":36,"key":"FearPotion"},{"floor":38,"key":"Strength Potion"},{"floor":48,"key":"SteroidPotion"}],"is_trial":false,"path_per_floor":["M","?","?","?","?","R","E","M","T","E","M","R","$","M","R","B",null,"M","M","$","M","?","E","R","E","T","$","R","?","M","M","R","B",null,"M","M","?","M","$","R","?","R","T","M","?","M","R","M","R","B"],"character_chosen":"DEFECT","items_purchased":["Juzu Bracelet","Go for the Eyes","Enlightenment","Glacier","Transmutation+1","Capacitor","Apotheosis+1"],"campfire_rested":5,"item_purchase_floors":[13,13,13,20,27,27,39],"current_hp_per_floor":[71,71,76,76,76,76,69,69,79,67,67,67,67,67,67,33,90,81,76,76,71,71,53,80,53,53,53,80,80,71,66,92,61,92,92,73,73,73,73,73,73,73,73,39,39,30,58,44,72,0],"gold":28,"neow_bonus":"HUNDRED_GOLD","is_prod":false,"is_daily":false,"chose_seed":false,"campfire_upgraded":5,"win_rate":0.0,"timestamp":1547686260,"path_taken":["M","?","?","?","?","R","E","M","T","E","M","R","$","M","R","BOSS","M","M","$","M","?","E","R","E","T","$","R","?","M","M","R","BOSS","M","M","?","M","$","R","?","R","T","M","?","M","R","M","R","BOSS"],"build_version":"2019-01-10","purchased_purges":0,"victory":false,"max_hp_per_floor":[75,75,80,80,80,80,80,80,90,90,90,90,90,90,90,90,90,90,90,90,90,90,90,90,90,90,90,90,90,92,92,92,92,92,92,92,92,92,92,92,92,92,92,92,92,94,94,94,94,94],"card_choices":[{"not_picked":["Lockon","Conserve Battery"],"picked":"Sunder","floor":1.0},{"not_picked":["White Noise","Heatsinks"],"picked":"Ball Lightning","floor":7.0},{"not_picked":["Beam Cell","Conserve Battery"],"picked":"Chill","floor":8.0},{"not_picked":["Consume","Leap"],"picked":"BootSequence","floor":10.0},{"not_picked":["Genetic Algorithm","Melter"],"picked":"Barrage","floor":11.0},{"not_picked":["Heatsinks","Chill"],"picked":"Capacitor","floor":14.0},{"not_picked":["Core Surge","Machine Learning"],"picked":"All For One","floor":16.0},{"not_picked":["Steam+1","Hologram"],"picked":"Reinforced Body","floor":18.0},{"not_picked":["Loop","Turbo+1"],"picked":"Chill","floor":19.0},{"not_picked":["Double Energy","Steam"],"picked":"Hologram","floor":21.0},{"not_picked":["Streamline","Rip and Tear","Gash"],"picked":"SKIP","floor":23.0},{"not_picked":["Thunder Strike","Sweeping Beam"],"picked":"Sunder+1","floor":25.0},{"not_picked":["Loop","Force Field+1","Double Energy+1"],"picked":"Singing Bowl","floor":30.0},{"not_picked":["Leap+1","Consume+1"],"picked":"Sunder","floor":31.0},{"not_picked":["Rainbow+1","Creative AI"],"picked":"Echo Form","floor":33.0},{"not_picked":["Beam Cell+1","Compile Driver"],"picked":"Hologram+1","floor":35.0},{"not_picked":["Aggregate+1","Conserve Battery+1"],"picked":"Reinforced Body+1","floor":36},{"not_picked":["Turbo+1","Static Discharge"],"picked":"Stack+1","floor":38},{"not_picked":["Mind Blast","Discovery+1"],"picked":"Violence+1","floor":41},{"not_picked":["Reinforced Body+1","Ball Lightning"],"picked":"Conserve Battery+1","floor":44},{"not_picked":["Go for the Eyes","Blizzard+1","Redo+1"],"picked":"Singing Bowl","floor":46},{"not_picked":["Beam Cell","Ball Lightning+1"],"picked":"Sunder+1","floor":48}],"player_experience":198050,"relics_obtained":[{"floor":7.0,"key":"Oddly Smooth Stone"},{"floor":9.0,"key":"Pear"},{"floor":10.0,"key":"Centennial Puzzle"},{"floor":23.0,"key":"Toxic Egg 2"},{"floor":25.0,"key":"Sundial"},{"floor":26.0,"key":"Singing Bowl"},{"floor":43,"key":"Mummified Hand"}],"event_choices":[{"damage_healed":0.0,"max_hp_gain":0.0,"max_hp_loss":0.0,"gold_gain":0.0,"event_name":"Golden Idol","player_choice":"Ignored","floor":2.0,"gold_loss":0.0,"damage_taken":0.0},{"damage_healed":0.0,"max_hp_gain":5.0,"max_hp_loss":0.0,"gold_gain":0.0,"event_name":"Big Fish","player_choice":"Donut","floor":3.0,"gold_loss":0.0,"damage_taken":0.0},{"damage_healed":0.0,"max_hp_gain":0.0,"max_hp_loss":0.0,"gold_gain":0.0,"event_name":"Shining Light","player_choice":"Ignored","floor":4.0,"gold_loss":0.0,"damage_taken":0.0},{"damage_healed":0.0,"max_hp_gain":0.0,"max_hp_loss":0.0,"gold_gain":0.0,"event_name":"The Cleric","player_choice":"Leave","floor":5.0,"gold_loss":0.0,"damage_taken":0.0},{"damage_healed":0.0,"max_hp_gain":0.0,"max_hp_loss":0.0,"gold_gain":99.0,"event_name":"Nest","player_choice":"Stole From Cult","floor":22.0,"gold_loss":0.0,"damage_taken":0.0},{"damage_healed":0.0,"max_hp_gain":0.0,"max_hp_loss":0.0,"gold_gain":0.0,"event_name":"The Library","player_choice":"Read","floor":29.0,"gold_loss":0.0,"damage_taken":0.0,"cards_obtained":["Auto Shields"]},{"cards_removed":["Capacitor"],"damage_healed":0,"gold_gain":0,"player_choice":"Removed Power","damage_taken":0,"max_hp_gain":0,"max_hp_loss":0,"event_name":"Falling","floor":37,"gold_loss":0},{"damage_healed":0,"gold_gain":0,"player_choice":"Memory 1","damage_taken":0,"max_hp_gain":0,"max_hp_loss":0,"event_name":"SensoryStone","floor":41,"gold_loss":0},{"damage_healed":0,"gold_gain":0,"player_choice":"Paid","damage_taken":0,"relics_obtained":["Red Mask"],"max_hp_gain":0,"max_hp_loss":0,"event_name":"Tomb of Lord Red Mask","floor":45,"gold_loss":21}],"is_beta":false,"boss_relics":[{"not_picked":["Sozu","Busted Crown"],"picked":"Pandora\u0027s Box"},{"not_picked":["Philosopher\u0027s Stone","Runic Dome"],"picked":"Nuclear Battery"}],"items_purged_floors":[],"is_endless":false,"potions_floor_spawned":[1,10,21,30,31,33,36,38,48],"killed_by":"Awakened One","ascension_level":0}