{"gold_per_floor":[116,66,86,105,105,105,136,151,178,178,55,55,55,55,55,153,153,164,6,22,32,32,32,51,68,68,68,81,81,111,111,111,208,208,225,241,57,57,57,75,75,89,89,189,149,149,165,176,176,176],"floor_reached":51,"playtime":3429,"items_purged":["Defend_R","Strike_R"],"score":642,"play_id":"6f3bfa89-c2f3-439a-8022-ef743b71c033","local_time":"20190917054600","is_ascension_mode":false,"campfire_choices":[{"data":"Armaments","floor":6,"key":"SMITH"},{"data":"Brutality","floor":10,"key":"SMITH"},{"data":"Shrug It Off","floor":12,"key":"SMITH"},{"floor":15,"key":"REST"},{"floor":23,"key":"REST"},{"floor":27,"key":"REST"},{"floor":32,"key":"REST"},{"floor":41,"key":"REST"},{"floor":46,"key":"REST"},{"floor":49,"key":"REST"}],"neow_cost":"NONE","seed_source_timestamp":1770912890583200,"circlet_count":0,"master_deck":["Strike_R","Strike_R","Defend_R","Defend_R","Defend_R","Bash","Headbutt","Armaments+1","Brutality+1","Clash+1","Impervious","Shrug It Off+1","Juggernaut","Impervious+1","Reaper","Ghostly Armor","Juggernaut","Dramatic Entrance","Flame Barrier"],"relics":["Runic Dome","Pen Nib","Regal Pillow","Fusion Hammer","Ice Cream","Oddly Smooth Stone","Velvet Choker","Bottled Tornado","Calipers"],"potions_floor_usage":[30,33,33,50,50],"damage_taken":[{"damage":6,"enemies":"Jaw Worm","floor":1,"turns":2},{"damage":3,"enemies":"2 Louse","floor":3,"turns":3},{"damage":1,"enemies":"Cultist","floor":4,"turns":3},{"damage":28,"enemies":"Gremlin Nob","floor":7,"turns":4},{"damage":0,"enemies":"Blue Slaver","floor":8,"turns":3},{"damage":13,"enemies":"The Guardian","floor":16,"turns":8},{"damage":21,"enemies":"3 Byrds","floor":18,"turns":5},{"damage":0,"enemies":"2 Thieves","floor":20,"turns":4},{"damage":28,"enemies":"Cultist and Chosen","floor":21,"turns":6},{"damage":19,"enemies":"Centurion and Healer","floor":24,"turns":6},{"damage":4,"enemies":"3 Cultists","floor":25,"turns":5},{"damage":31,"enemies":"Sentry and Sphere","floor":28,"turns":6},{"damage":6,"enemies":"Book of Stabbing","floor":30,"turns":6},{"damage":88,"enemies":"Collector","floor":33,"turns":12},{"damage":30,"enemies":"3 Darklings","floor":35,"turns":6},{"damage":7,"enemies":"3 Shapes","floor":36,"turns":6},{"damage":4,"enemies":"3 Darklings","floor":40,"turns":5},{"damage":6,"enemies":"4 Shapes","floor":42,"turns":4},{"damage":3,"enemies":"Mind Bloom Boss Battle","floor":44,"turns":7},{"damage":10,"enemies":"Sphere and 2 Shapes","floor":47,"turns":4},{"damage":8,"enemies":"3 Darklings","floor":48,"turns":4},{"damage":31,"enemies":"Donu and Deca","floor":50,"turns":12}],"seed_played":"-2215091774582801048","potions_obtained":[{"floor":4,"key":"Weak Potion"},{"floor":8,"key":"Energy Potion"},{"floor":18,"key":"Dexterity Potion"},{"floor":33,"key":"SpeedPotion"},{"floor":36,"key":"Energy Potion"},{"floor":40,"key":"Dexterity Potion"}],"is_trial":false,"path_per_floor":["M","?","M","M","?","R","E","M","T","R","$","R","?","?","R","B",null,"M","$","M","M","$","R","M","M","T","R","M","?","E","?","R","B",null,"M","M","$","?","$","M","R","M","T","?","?","R","M","M","R","B",null],"character_chosen":"IRONCLAD","items_purchased":["Shrug It Off","Impervious","Dramatic Entrance"],"campfire_rested":7,"item_purchase_floors":[11,19,37],"current_hp_per_floor":[74,74,71,70,70,70,42,42,42,42,42,42,42,42,80,67,80,59,59,59,31,31,70,61,57,57,80,49,49,55,55,80,2,80,65,70,70,70,70,78,80,78,78,77,77,80,75,72,80,57],"gold":176,"neow_bonus":"BOSS_RELIC","is_prod":false,"is_daily":false,"chose_seed":false,"campfire_upgraded":3,"win_rate":0.0,"timestamp":1568713560,"path_taken":["M","?","M","M","?","R","E","?","T","R","$","R","?","?","R","BOSS","M","?","M","M","$","R","M","M","T","R","M","?","E","?","R","BOSS","M","M","$","?","$","M","R","M","T","?","?","R","M","M","R","BOSS"],"build_version":"2019-07-17","purchased_purges":2,"victory":true,"max_hp_per_floor":[80,80,80,80,80,80,80,80,80,80,80,80,80,80,80,80,80,80,80,80,80,80,80,80,80,80,80,80,80,80,80,80,80,80,80,80,80,80,80,80,80,80,80,80,80,80,80,80,80,80],"card_choices":[{"not_picked":["Pommel Strike","Feel No Pain"],"picked":"Headbutt","floor":1},{"not_picked":["Clothesline","Dual Wield"],"picked":"Armaments","floor":3},{"not_picked":["Power Through","Corruption","Anger"],"picked":"SKIP","floor":4},{"not_picked":["True Grit","Cleave"],"picked":"Clash","floor":7},{"not_picked":["Twin Strike","Anger"],"picked":"Impervious","floor":8},{"not_picked":["Reaper","Limit Break"],"picked":"Juggernaut","floor":16},{"not_picked":["Cleave+1","Twin Strike+1","Headbutt"],"picked":"SKIP","floor":18},{"not_picked":["Anger","Heavy Blade","Armaments"],"picked":"SKIP","floor":20},{"not_picked":["Cleave","Headbutt+1"],"picked":"Reaper","floor":21},{"not_picked":["Fire Breathing","Clothesline+1","Searing Blow"],"picked":"SKIP","floor":24},{"not_picked":["Blood for Blood","Pommel Strike+1","Thunderclap"],"picked":"SKIP","floor":25},{"not_picked":["Burning Pact+1","Clash","Sword Boomerang"],"picked":"SKIP","floor":28},{"not_picked":["Power Through","Wild Strike","Headbutt"],"picked":"SKIP","floor":30},{"not_picked":["Demon Form","Brutality"],"picked":"Juggernaut","floor":33},{"not_picked":["Inflame","Armaments+1","Searing Blow"],"picked":"SKIP","floor":35},{"not_picked":["Heavy Blade+1","Dual Wield","Thunderclap"],"picked":"SKIP","floor":36},{"not_picked":["Thunderclap","Heavy Blade+1","Bloodletting+1"],"picked":"SKIP","floor":40},{"not_picked":["Headbutt","Brutality","True Grit+1"],"picked":"SKIP","floor":42},{"not_picked":["Sword Boomerang+1","Dual Wield"],"picked":"Flame Barrier","floor":47},{"not_picked":["Iron Wave","Rage+1","Feel No Pain"],"picked":"SKIP","floor":48}],"player_experience":24663,"relics_obtained":[{"floor":7,"key":"Pen Nib"},{"floor":9,"key":"Regal Pillow"},{"floor":26,"key":"Ice Cream"},{"floor":30,"key":"Oddly Smooth Stone"},{"floor":43,"key":"Bottled Tornado"},{"floor":44,"key":"Calipers"}],"event_choices":[{"cards_removed":["Strike_R"],"damage_healed":0,"gold_gain":0,"player_choice":"Card Removal","damage_taken":0,"max_hp_gain":0,"max_hp_loss":0,"event_name":"The Cleric","floor":2,"gold_loss":50},{"damage_healed":0,"gold_gain":0,"cards_transformed":["Strike_R"],"player_choice":"Transformed","damage_taken":0,"max_hp_gain":0,"max_hp_loss":0,"event_name":"Transmorgrifier","floor":5,"gold_loss":0,"cards_obtained":["Brutality"]},{"damage_healed":0,"gold_gain":0,"player_choice":"Ignored","damage_taken":0,"max_hp_gain":0,"max_hp_loss":0,"event_name":"Golden Idol","floor":13,"gold_loss":0},{"cards_removed":["Iron Wave"],"damage_healed":0,"gold_gain":0,"player_choice":"Took Card","damage_taken":0,"max_hp_gain":0,"max_hp_loss":0,"event_name":"NoteForYourself","floor":14,"gold_loss":0,"cards_obtained":["Iron Wave"]},{"damage_healed":0,"gold_gain":0,"player_choice":"Ignored","damage_taken":0,"max_hp_gain":0,"max_hp_loss":0,"event_name":"Ghosts","floor":29,"gold_loss":0},{"damage_healed":0,"gold_gain":0,"player_choice":"Read","damage_taken":0,"max_hp_gain":0,"max_hp_loss":0,"event_name":"The Library","floor":31,"gold_loss":0,"cards_obtained":["Ghostly Armor"]},{"damage_healed":0,"gold_gain":0,"player_choice":"Ignored","damage_taken":0,"max_hp_gain":0,"max_hp_loss":0,"event_name":"Mysterious Sphere","floor":38,"gold_loss":0},{"damage_healed":0,"gold_gain":0,"player_choice":"Fight","damage_taken":0,"max_hp_gain":0,"max_hp_loss":0,"event_name":"MindBloom","floor":44,"gold_loss":0},{"damage_healed":0,"gold_gain":0,"player_choice":"Upgraded Two","damage_taken":0,"max_hp_gain":0,"max_hp_loss":0,"event_name":"Designer","floor":45,"gold_loss":40,"cards_upgraded":["Clash","Impervious"]}],"is_beta":false,"boss_relics":[{"not_picked":["Astrolabe","Busted Crown"],"picked":"Fusion Hammer"},{"not_picked":["Mark of Pain","Tiny House"],"picked":"Velvet Choker"}],"items_purged_floors":[11,37],"is_endless":false,"potions_floor_spawned":[4,7,8,18,21,28,33,36,40,44],"ascension_level":0}