{"gold_per_floor":[112,128,145,145,164,190,190,201,201,236,256,256,256,256,256,353,353,365,380,0,0,14,14,14,26,26,46,80,97,114,114,114,216,266,280,298,22,22,37,37,37,69,108,120,156,179,191,219,231,243],"floor_reached":51,"playtime":6615,"items_purged":[],"score":788,"play_id":"bcfc586a-2e48-4836-8514-f4074b9759ca","local_time":"20190826173553","is_ascension_mode":false,"campfire_choices":[{"floor":7.0,"key":"REST"},{"floor":13.0,"key":"REST"},{"floor":15.0,"key":"REST"},{"floor":23.0,"key":"REST"},{"floor":32.0,"key":"REST"},{"floor":40.0,"key":"REST"},{"floor":44.0,"key":"REST"},{"floor":49,"key":"REST"}],"neow_cost":"NONE","seed_source_timestamp":0,"circlet_count":0,"master_deck":["Strike_G+1","Strike_G+1","Strike_G+1","Strike_G+1","Strike_G+1","Defend_G+1","Defend_G+1","Defend_G+1","Defend_G+1","Defend_G+1","Survivor","Neutralize","Quick Slash","Flying Knee","Deadly Poison","Skewer","Cloak And Dagger","Predator+1","Cloak And Dagger","Dash","Backflip","Parasite","Deflect","Die Die Die+1","Escape Plan+1","Deadly Poison","Good Instincts","Quick Slash+1","Terror","Predator","Cloak And Dagger+1","Dagger Throw","Leg Sweep","Poisoned Stab","Crippling Poison+1","Corpse Explosion","Predator","Cloak And Dagger+1","Deflect","Apotheosis","Noxious Fumes+1","Dash","Dagger Throw+1","Cloak And Dagger","Writhe","Backstab","Dodge and Roll","Cloak And Dagger+1","Dash","Good Instincts","Sucker Punch+1","Catalyst+1"],"special_seed":0,"relics":["Ring of the Snake","Matryoshka","Dream Catcher","Pantograph","Bottled Lightning","Bronze Scales","Mercury Hourglass","Black Star","Mango","Paper Crane","Frozen Egg 2","Ninja Scroll","MutagenicStrength","Tiny House","MawBank","Oddly Smooth Stone","PreservedInsect"],"potions_floor_usage":[50,50],"damage_taken":[{"damage":2.0,"enemies":"Cultist","floor":1.0,"turns":4.0},{"damage":1.0,"enemies":"Jaw Worm","floor":2.0,"turns":6.0},{"damage":3.0,"enemies":"Small Slimes","floor":3.0,"turns":4.0},{"damage":7.0,"enemies":"Looter","floor":5.0,"turns":3.0},{"damage":33.0,"enemies":"3 Sentries","floor":6.0,"turns":10.0},{"damage":0.0,"enemies":"2 Fungi Beasts","floor":8.0,"turns":3.0},{"damage":59.0,"enemies":"Gremlin Nob","floor":10.0,"turns":6.0},{"damage":1.0,"enemies":"Exordium Thugs","floor":11.0,"turns":4.0},{"damage":49.0,"enemies":"Slime Boss","floor":16.0,"turns":14.0},{"damage":16.0,"enemies":"2 Thieves","floor":18.0,"turns":4.0},{"damage":12.0,"enemies":"Spheric Guardian","floor":19.0,"turns":4.0},{"damage":0.0,"enemies":"Chosen and Byrds","floor":22.0,"turns":4.0},{"damage":1.0,"enemies":"Centurion and Healer","floor":25.0,"turns":9.0},{"damage":4.0,"enemies":"Snecko","floor":27.0,"turns":5.0},{"damage":21.0,"enemies":"Gremlin Leader","floor":28.0,"turns":5.0},{"damage":12.0,"enemies":"Sentry and Sphere","floor":29.0,"turns":5.0},{"damage":8.0,"enemies":"Centurion and Healer","floor":30.0,"turns":7.0},{"damage":80.0,"enemies":"Champ","floor":33.0,"turns":16.0},{"damage":1.0,"enemies":"Orb Walker","floor":35.0,"turns":3.0},{"damage":14.0,"enemies":"3 Darklings","floor":36.0,"turns":3.0},{"damage":13.0,"enemies":"Spire Growth","floor":39.0,"turns":6.0},{"damage":41.0,"enemies":"Nemesis","floor":42.0,"turns":7.0},{"damage":8.0,"enemies":"Jaw Worm Horde","floor":45.0,"turns":3.0},{"damage":25,"enemies":"Maw","floor":46,"turns":10},{"damage":18,"enemies":"4 Shapes","floor":48,"turns":4},{"damage":71,"enemies":"Time Eater","floor":50,"turns":13}],"seed_played":"7969865079739124991","potions_obtained":[{"floor":3.0,"key":"Regen Potion"},{"floor":8.0,"key":"Dexterity Potion"},{"floor":16.0,"key":"Poison Potion"},{"floor":22.0,"key":"Swift Potion"},{"floor":27.0,"key":"Poison Potion"},{"floor":29.0,"key":"LiquidBronze"},{"floor":34.0,"key":"Ancient Potion"},{"floor":36.0,"key":"LiquidBronze"},{"floor":46,"key":"Ancient Potion"}],"is_trial":false,"path_per_floor":["M","M","M","?","M","E","R","M","T","E","M","T","R","?","R","B",null,"M","M","$","?","M","R","?","M","T","M","E","M","M","?","R","B",null,"M","M","$","?","M","R","?","E","T","R","M","M","?","M","R","B",null],"character_chosen":"THE_SILENT","items_purchased":["Mango","Good Instincts","Apotheosis","Noxious Fumes+1","Dash"],"campfire_rested":8,"item_purchase_floors":[20,20,37,37,37],"current_hp_per_floor":[75,74,71,76,69,51,75,75,75,16,15,15,39,59,82,33,82,66,54,68,68,68,96,96,95,95,91,70,58,50,50,78,16,101,100,86,86,86,73,101,101,60,60,90,82,57,57,39,69,23],"gold":255,"neow_bonus":"TEN_PERCENT_HP_BONUS","is_prod":false,"is_daily":false,"chose_seed":false,"campfire_upgraded":0,"win_rate":0,"timestamp":1566866153,"path_taken":["M","M","M","?","M","E","R","M","T","E","M","?","R","?","R","BOSS","M","M","$","?","M","R","?","?","T","M","E","M","M","?","R","BOSS","M","M","$","?","?","R","?","E","T","R","M","M","?","M","R","BOSS"],"build_version":"2019-07-17","purchased_purges":0,"victory":true,"max_hp_per_floor":[77,77,77,82,82,82,82,82,82,82,82,82,82,82,82,82,82,82,82,96,96,96,96,96,96,96,96,96,96,96,96,96,96,101,101,101,101,101,101,101,101,101,101,101,101,101,101,101,101,101],"card_choices":[{"not_picked":["Endless Agony","Blade Dance"],"picked":"Quick Slash","floor":1.0},{"not_picked":["Slice","Well Laid Plans"],"picked":"Flying Knee","floor":2.0},{"not_picked":["Slice","Dodge and Roll"],"picked":"Deadly Poison","floor":3.0},{"not_picked":["Calculated Gamble","Backstab"],"picked":"Skewer","floor":5.0},{"not_picked":["Flying Knee","Underhanded Strike"],"picked":"Cloak And Dagger","floor":6.0},{"not_picked":["Venomology","Dagger Throw"],"picked":"Predator","floor":8.0},{"not_picked":["Dodge and Roll","Backflip"],"picked":"Cloak And Dagger","floor":10.0},{"not_picked":["Outmaneuver","Flying Knee"],"picked":"Dash","floor":11.0},{"not_picked":["Masterful Stab","Acrobatics"],"picked":"Backflip","floor":13.0},{"not_picked":["Slice","Choke"],"picked":"Deflect","floor":15.0},{"not_picked":["Tools of the Trade","Adrenaline"],"picked":"Die Die Die","floor":16.0},{"not_picked":["Blade Dance","Dodge and Roll"],"picked":"Escape Plan+1","floor":18.0},{"not_picked":["Slice+1","Riddle With Holes"],"picked":"Deadly Poison","floor":19.0},{"not_picked":["Bane","Blade Dance"],"picked":"Quick Slash+1","floor":22.0},{"not_picked":["Outmaneuver","Backflip+1"],"picked":"Terror","floor":23.0},{"not_picked":["Venomology","Accuracy"],"picked":"Predator","floor":25.0},{"not_picked":["Dodge and Roll+1","Distraction"],"picked":"Cloak And Dagger+1","floor":27.0},{"not_picked":["Choke+1","Acrobatics"],"picked":"Dagger Throw","floor":28.0},{"not_picked":["Backflip","Dagger Spray"],"picked":"Leg Sweep","floor":29.0},{"not_picked":["Prepared","Masterful Stab"],"picked":"Poisoned Stab","floor":30.0},{"not_picked":["Dagger Throw","Leg Sweep"],"picked":"Crippling Poison+1","floor":32.0},{"not_picked":["Unload","Wraith Form v2+1"],"picked":"Corpse Explosion","floor":33.0},{"not_picked":["Sucker Punch","Terror"],"picked":"Predator","floor":34.0},{"not_picked":["Calculated Gamble","Dagger Throw+1"],"picked":"Cloak And Dagger+1","floor":35.0},{"not_picked":["Footwork+1","Outmaneuver+1"],"picked":"Deflect","floor":36.0},{"not_picked":["Finisher+1","Setup+1"],"picked":"Dagger Throw+1","floor":39.0},{"not_picked":["Deflect","Dagger Spray"],"picked":"Cloak And Dagger","floor":40.0},{"not_picked":["Poisoned Stab+1","Dagger Spray+1"],"picked":"Backstab","floor":42.0},{"not_picked":["Finisher","Slice"],"picked":"Dodge and Roll","floor":44.0},{"not_picked":["Backflip","Dagger Throw"],"picked":"Cloak And Dagger+1","floor":45},{"not_picked":["Dagger Throw+1","Masterful Stab+1"],"picked":"Dash","floor":46},{"not_picked":["Swift Strike","Flash of Steel"],"picked":"Good Instincts","floor":47},{"not_picked":["Quick Slash","Doppelganger"],"picked":"Sucker Punch+1","floor":48},{"not_picked":["Outmaneuver","Acrobatics"],"picked":"Catalyst+1","floor":49}],"player_experience":416752,"relics_obtained":[{"floor":6.0,"key":"Matryoshka"},{"floor":9.0,"key":"Dream Catcher"},{"floor":9.0,"key":"Pantograph"},{"floor":10.0,"key":"Bottled Lightning"},{"floor":12.0,"key":"Bronze Scales"},{"floor":12.0,"key":"Mercury Hourglass"},{"floor":26.0,"key":"Paper Crane"},{"floor":28.0,"key":"Frozen Egg 2"},{"floor":28.0,"key":"Ninja Scroll"},{"floor":42.0,"key":"MawBank"},{"floor":42.0,"key":"Oddly Smooth Stone"},{"floor":43.0,"key":"PreservedInsect"}],"event_choices":[{"damage_healed":0.0,"max_hp_gain":5.0,"max_hp_loss":0.0,"gold_gain":0.0,"event_name":"Big Fish","player_choice":"Donut","floor":4.0,"gold_loss":0.0,"damage_taken":0.0},{"damage_healed":20.0,"max_hp_gain":0.0,"max_hp_loss":0.0,"gold_gain":0.0,"event_name":"Mushrooms","player_choice":"Healed and dodged fight","floor":14.0,"gold_loss":0.0,"damage_taken":0.0,"cards_obtained":["Parasite"]},{"damage_healed":0.0,"max_hp_gain":0.0,"max_hp_loss":0.0,"gold_gain":0.0,"event_name":"Back to Basics","player_choice":"Simplicity","floor":21.0,"gold_loss":0.0,"damage_taken":0.0,"cards_upgraded":["Strike_G","Strike_G","Strike_G","Strike_G","Strike_G","Defend_G","Defend_G","Defend_G","Defend_G","Defend_G"]},{"damage_healed":0.0,"max_hp_gain":0.0,"max_hp_loss":0.0,"gold_gain":0.0,"event_name":"Accursed Blacksmith","player_choice":"Forge","floor":24.0,"gold_loss":0.0,"damage_taken":0.0,"cards_upgraded":["Predator"]},{"damage_healed":0.0,"max_hp_gain":0.0,"max_hp_loss":0.0,"gold_gain":0.0,"event_name":"Drug Dealer","player_choice":"Inject Mutagens","floor":31.0,"gold_loss":0.0,"damage_taken":0.0,"relics_obtained":["MutagenicStrength"]},{"damage_healed":0.0,"max_hp_gain":0.0,"max_hp_loss":0.0,"gold_gain":0.0,"event_name":"NoteForYourself","player_choice":"Ignored","floor":38.0,"gold_loss":0.0,"damage_taken":0.0},{"damage_healed":25.0,"max_hp_gain":0.0,"max_hp_loss":0.0,"gold_gain":0.0,"event_name":"Winding Halls","player_choice":"Writhe","floor":41.0,"gold_loss":0.0,"damage_taken":0.0,"cards_obtained":["Writhe"]},{"damage_healed":0,"gold_gain":0,"player_choice":"Memory 1","damage_taken":0,"max_hp_gain":0,"max_hp_loss":0,"event_name":"SensoryStone","floor":47,"gold_loss":0}],"is_beta":false,"boss_relics":[{"not_picked":["Coffee Dripper","Empty Cage"],"picked":"Black Star"},{"not_picked":["WristBlade","Snecko Eye"],"picked":"Tiny House"}],"items_purged_floors":[],"is_endless":false,"potions_floor_spawned":[3,8,16,22,27,29,36,46],"ascension_level":0}