{"gold_per_floor":[111,123,46,61,61,61,71,71,71,86,86,98,114,142,142,238,238,223,237,162,174,174,174,74,74,74,84,84,104,130,147,147,147],"floor_reached":33,"playtime":1859,"items_purged":["Decay","Shame"],"score":273,"play_id":"c2e36de6-6a7a-4de5-a286-1daf00670e94","local_time":"20190918090736","is_ascension_mode":false,"campfire_choices":[{"data":"1","floor":6,"key":"LIFT"},{"data":"2","floor":8,"key":"LIFT"},{"floor":11,"key":"REST"},{"floor":15,"key":"REST"},{"floor":23,"key":"REST"},{"data":"3","floor":25,"key":"LIFT"},{"floor":28,"key":"REST"},{"floor":32,"key":"REST"}],"neow_cost":"NONE","seed_source_timestamp":1870996536408600,"circlet_count":0,"master_deck":["Strike_G","Strike_G","Strike_G","Strike_G","Strike_G","Defend_G","Defend_G","Defend_G","Defend_G","Defend_G","Survivor","Neutralize","Doubt","Blur","Noxious Fumes","Footwork","Deadly Poison","Dagger Spray","Caltrops","Bullet Time","Dodge and Roll","Cloak And Dagger+1"],"relics":["Calling Bell","Girya","Blue Candle","Regal Pillow","Kunai","Paper Crane","Fusion Hammer","Smiling Mask","Toxic Egg 2"],"potions_floor_usage":[14,14,22,27,29],"damage_taken":[{"damage":15,"enemies":"Cultist","floor":1,"turns":6},{"damage":4,"enemies":"Small Slimes","floor":2,"turns":4},{"damage":11,"enemies":"2 Louse","floor":4,"turns":4},{"damage":4,"enemies":"Large Slime","floor":7,"turns":7},{"damage":12,"enemies":"2 Fungi Beasts","floor":10,"turns":5},{"damage":22,"enemies":"Lots of Slimes","floor":12,"turns":4},{"damage":1,"enemies":"Exordium Thugs","floor":13,"turns":5},{"damage":20,"enemies":"Gremlin Nob","floor":14,"turns":4},{"damage":32,"enemies":"The Guardian","floor":16,"turns":12},{"damage":30,"enemies":"2 Thieves","floor":18,"turns":4},{"damage":12,"enemies":"3 Byrds","floor":19,"turns":5},{"damage":15,"enemies":"Snake Plant","floor":21,"turns":5},{"damage":9,"enemies":"Cultist and Chosen","floor":22,"turns":4},{"damage":9,"enemies":"3 Cultists","floor":27,"turns":5},{"damage":21,"enemies":"Snake Plant","floor":29,"turns":7},{"damage":26,"enemies":"Slavers","floor":30,"turns":6},{"damage":18,"enemies":"Snecko","floor":31,"turns":6},{"damage":63,"enemies":"Automaton","floor":33,"turns":6}],"seed_played":"-4546680714123997761","potions_obtained":[{"floor":2,"key":"SmokeBomb"},{"floor":4,"key":"Explosive Potion"},{"floor":13,"key":"Fire Potion"},{"floor":16,"key":"GamblersBrew"},{"floor":19,"key":"Explosive Potion"}],"is_trial":false,"path_per_floor":["M","M","$","M","$","R","M","R","T","M","R","M","M","E","R","B",null,"M","M","$","M","M","R","$","R","T","M","R","M","E","M","R","B"],"character_chosen":"THE_SILENT","items_purchased":["Footwork"],"campfire_rested":5,"item_purchase_floors":[3],"current_hp_per_floor":[55,51,51,40,40,40,36,36,36,24,60,38,37,17,53,21,70,40,28,28,13,4,40,40,40,40,31,67,46,20,2,38,0],"gold":147,"neow_bonus":"BOSS_RELIC","is_prod":false,"is_daily":false,"chose_seed":false,"campfire_upgraded":0,"win_rate":0,"timestamp":1568812056,"path_taken":["M","M","$","M","$","R","M","R","T","M","R","M","M","E","R","BOSS","M","?","$","M","M","R","$","R","T","M","R","M","E","M","R","BOSS"],"build_version":"2019-07-17","purchased_purges":2,"victory":false,"max_hp_per_floor":[70,70,70,70,70,70,70,70,70,70,70,70,70,70,70,70,70,70,70,70,70,70,70,70,70,70,70,70,70,70,70,70,70],"card_choices":[{"not_picked":["Poisoned Stab","Deflect"],"picked":"Blur","floor":1},{"not_picked":["Cloak And Dagger","Poisoned Stab"],"picked":"Noxious Fumes","floor":2},{"not_picked":["Prepared","Backflip"],"picked":"Deadly Poison","floor":4},{"not_picked":["Acrobatics","Reflex","Leg Sweep"],"picked":"SKIP","floor":7},{"not_picked":["Tactician","Prepared"],"picked":"Dagger Spray","floor":10},{"not_picked":["Calculated Gamble","Heel Hook","Outmaneuver"],"picked":"SKIP","floor":12},{"not_picked":["Leg Sweep","Dagger Throw","Poisoned Stab"],"picked":"SKIP","floor":13},{"not_picked":["Tactician","Infinite Blades"],"picked":"Caltrops","floor":14},{"not_picked":["Venomology","Night Terror"],"picked":"Bullet Time","floor":16},{"not_picked":["Dagger Spray","Sucker Punch"],"picked":"Dodge and Roll","floor":18},{"not_picked":["PiercingWail+1","Crippling Poison","Deadly Poison"],"picked":"SKIP","floor":19},{"not_picked":["Acrobatics","Endless Agony","Poisoned Stab"],"picked":"SKIP","floor":21},{"not_picked":["Catalyst","Underhanded Strike","Well Laid Plans"],"picked":"SKIP","floor":27},{"not_picked":["Underhanded Strike","Envenom"],"picked":"Cloak And Dagger+1","floor":29},{"not_picked":["Slice","Quick Slash","Outmaneuver"],"picked":"SKIP","floor":30},{"not_picked":["Prepared+1","Catalyst+1","Phantasmal Killer+1"],"picked":"SKIP","floor":31}],"player_experience":78215,"relics_obtained":[{"floor":0,"key":"Girya"},{"floor":0,"key":"Blue Candle"},{"floor":0,"key":"Regal Pillow"},{"floor":9,"key":"Kunai"},{"floor":14,"key":"Paper Crane"},{"floor":26,"key":"Smiling Mask"},{"floor":30,"key":"Toxic Egg 2"}],"event_choices":[],"is_beta":false,"boss_relics":[{"not_picked":["WristBlade","Philosopher\u0027s Stone"],"picked":"Fusion Hammer"}],"items_purged_floors":[20,24],"is_endless":false,"potions_floor_spawned":[2,4,13,16,19,22],"killed_by":"Automaton","ascension_level":0}