{"gold_per_floor":[114,130,55,55,73,98,110,10,57,77,91,91,105,124,124,203,203,213,15,15,15,15,15,15,45,45,45,60,74,74,107,107,182,182,195,242,117,137,154,154,183,206,259,259,276,286,302,69,69,69,69,69,69,12,45,45],"floor_reached":57,"playtime":2254,"items_purged":["Strike_G","Strike_G","Defend_G","Flechettes"],"score":3298,"play_id":"fbbd2d3a-b5c9-4c4e-b356-0e522190ca71","local_time":"20190907112425","is_ascension_mode":true,"campfire_choices":[{"data":"Acrobatics","floor":12.0,"key":"SMITH"},{"data":"Well Laid Plans","floor":15.0,"key":"SMITH"},{"data":"Prepared","floor":23.0,"key":"SMITH"},{"data":"Grand Finale","floor":27.0,"key":"SMITH"},{"floor":32.0,"key":"RECALL"},{"data":"Blur","floor":40.0,"key":"SMITH"},{"data":"Neutralize","floor":44,"key":"SMITH"},{"data":"Concentrate","floor":49,"key":"SMITH"},{"data":"Backstab","floor":53,"key":"SMITH"}],"neow_cost":"NONE","seed_source_timestamp":1980364394406400,"circlet_count":0,"master_deck":["AscendersBane","Defend_G","Defend_G","Defend_G","Survivor","Neutralize+1","Grand Finale+1","Well Laid Plans+1","Concentrate+1","Acrobatics+1","Prepared+1","Purity+1","Backstab+1","Blur+1","Escape Plan+1","Backflip+1"],"special_seed":0,"relics":["Ring of the Snake","NeowsBlessing","Ornamental Fan","Coffee Dripper","Ancient Tea Set","Happy Flower","Ninja Scroll","Molten Egg 2","White Beast Statue","Pocketwatch","Juzu Bracelet","Potion Belt","Pen Nib","Blood Vial"],"potions_floor_usage":[41,45,50,56,56,56,56],"damage_taken":[{"damage":0.0,"enemies":"Jaw Worm","floor":1.0,"turns":1.0},{"damage":0.0,"enemies":"2 Louse","floor":2.0,"turns":1.0},{"damage":0.0,"enemies":"Cultist","floor":5.0,"turns":1.0},{"damage":15.0,"enemies":"Lagavulin","floor":6.0,"turns":5.0},{"damage":5.0,"enemies":"Lots of Slimes","floor":7.0,"turns":7.0},{"damage":8.0,"enemies":"3 Louse","floor":10.0,"turns":2.0},{"damage":1.0,"enemies":"Looter","floor":11.0,"turns":4.0},{"damage":0.0,"enemies":"Red Slaver","floor":13.0,"turns":4.0},{"damage":1.0,"enemies":"3 Louse","floor":14.0,"turns":3.0},{"damage":23.0,"enemies":"Slime Boss","floor":16.0,"turns":5.0},{"damage":7.0,"enemies":"2 Thieves","floor":18.0,"turns":4.0},{"damage":13.0,"enemies":"Slavers","floor":25.0,"turns":2.0},{"damage":9.0,"enemies":"Chosen","floor":28.0,"turns":4.0},{"damage":0.0,"enemies":"Snecko","floor":29.0,"turns":3.0},{"damage":0.0,"enemies":"Gremlin Leader","floor":31.0,"turns":4.0},{"damage":0.0,"enemies":"Collector","floor":33.0,"turns":3.0},{"damage":0.0,"enemies":"3 Shapes","floor":35.0,"turns":2.0},{"damage":16.0,"enemies":"2 Orb Walkers","floor":36.0,"turns":2.0},{"damage":0.0,"enemies":"3 Darklings","floor":38.0,"turns":2.0},{"damage":0.0,"enemies":"Sphere and 2 Shapes","floor":39.0,"turns":2.0},{"damage":0,"enemies":"Nemesis","floor":41,"turns":3},{"damage":3,"enemies":"4 Shapes","floor":45,"turns":2},{"damage":0,"enemies":"Writhing Mass","floor":46,"turns":2},{"damage":0,"enemies":"Sphere and 2 Shapes","floor":47,"turns":2},{"damage":0,"enemies":"Donu and Deca","floor":50,"turns":1},{"damage":0,"enemies":"Awakened One","floor":51,"turns":3},{"damage":5,"enemies":"Shield and Spear","floor":55,"turns":3},{"damage":53,"enemies":"The Heart","floor":56,"turns":6}],"seed_played":"-8164784082112284900","potions_obtained":[{"floor":1.0,"key":"Explosive Potion"},{"floor":2.0,"key":"GamblersBrew"},{"floor":10.0,"key":"FearPotion"},{"floor":13.0,"key":"GhostInAJar"},{"floor":16.0,"key":"Strength Potion"},{"floor":18.0,"key":"PowerPotion"},{"floor":28.0,"key":"Dexterity Potion"},{"floor":35.0,"key":"Weak Potion"},{"floor":36.0,"key":"Fruit Juice"},{"floor":38.0,"key":"GamblersBrew"},{"floor":39.0,"key":"Swift Potion"},{"floor":41,"key":"Fire Potion"},{"floor":45,"key":"Poison Potion"},{"floor":46,"key":"Explosive Potion"},{"floor":47,"key":"AttackPotion"}],"is_trial":false,"path_per_floor":["M","M","?","?","M","E","M","$","T","M","M","R","M","M","R","B",null,"M","$","T","?","?","R","?","E","T","R","M","M","?","E","R","B",null,"M","?","$","M","M","R","E","T","T","R","M","M","M","$","R","B","B",null,"R","$","E","B",null],"character_chosen":"THE_SILENT","items_purchased":["Acrobatics","Purity","GamblersBrew","Fire Potion"],"campfire_rested":0,"item_purchase_floors":[8,19,48,54],"current_hp_per_floor":[59,59,59,59,59,44,39,39,39,31,30,30,30,29,29,6,51,44,44,44,44,44,44,44,31,31,31,22,22,22,22,22,22,55,55,44,44,44,44,44,44,44,44,44,41,41,41,41,41,41,41,64,64,64,59,8],"gold":45,"neow_bonus":"THREE_ENEMY_KILL","is_prod":false,"is_daily":false,"chose_seed":false,"campfire_upgraded":8,"win_rate":0,"timestamp":1567826665,"path_taken":["M","M","?","?","?","E","M","$","T","M","M","R","M","M","R","BOSS","M","$","?","?","?","R","?","E","T","R","M","?","?","E","R","BOSS","M","?","$","M","M","R","E","?","T","R","M","M","M","?","R","BOSS","BOSS","R","$","E","BOSS"],"build_version":"2019-08-26","purchased_purges":4,"victory":true,"max_hp_per_floor":[66,66,66,66,66,66,66,66,66,66,66,66,66,66,66,66,66,66,66,66,66,66,66,66,66,66,66,66,66,66,66,66,66,66,66,71,71,71,71,71,71,71,71,71,71,71,71,71,71,71,71,71,71,71,71,71],"card_choices":[{"not_picked":["Caltrops","Backflip","Dash"],"picked":"SKIP","floor":1.0},{"not_picked":["Dodge and Roll","Bane"],"picked":"Flechettes","floor":2.0},{"not_picked":["Acrobatics","Blur"],"picked":"Well Laid Plans","floor":5.0},{"not_picked":["Dagger Spray","Glass Knife"],"picked":"Concentrate","floor":6.0},{"not_picked":["Deadly Poison","Deflect","Finisher"],"picked":"SKIP","floor":7.0},{"not_picked":["Outmaneuver","Predator","PiercingWail"],"picked":"SKIP","floor":10.0},{"not_picked":["Poisoned Stab","Setup","Dagger Throw"],"picked":"SKIP","floor":11.0},{"not_picked":["Accuracy","Dodge and Roll","Distraction"],"picked":"SKIP","floor":13.0},{"not_picked":["Burst","Skewer","Cloak And Dagger"],"picked":"SKIP","floor":14.0},{"not_picked":["Catalyst","Flying Knee+1"],"picked":"Prepared","floor":18.0},{"not_picked":["Acrobatics","Caltrops","Slice"],"picked":"SKIP","floor":25.0},{"not_picked":["Masterful Stab","Infinite Blades","Dagger Spray"],"picked":"SKIP","floor":28.0},{"not_picked":["Flying Knee","PiercingWail","Bullet Time"],"picked":"SKIP","floor":29.0},{"not_picked":["Slice","Dodge and Roll"],"picked":"Escape Plan+1","floor":31.0},{"not_picked":["Bane+1","Deflect+1","Sucker Punch+1"],"picked":"SKIP","floor":35.0},{"not_picked":["Escape Plan","Expertise","Wraith Form v2"],"picked":"SKIP","floor":38.0},{"not_picked":["PiercingWail","Bane+1","Underhanded Strike+1"],"picked":"SKIP","floor":39.0},{"not_picked":["Well Laid Plans","Blade Dance","Choke+1"],"picked":"SKIP","floor":41},{"not_picked":["Flying Knee+1","PiercingWail","Sucker Punch+1"],"picked":"SKIP","floor":45},{"not_picked":["Underhanded Strike+1","Quick Slash+1"],"picked":"Backflip+1","floor":46},{"not_picked":["Flying Knee+1","Noxious Fumes+1","Slice+1"],"picked":"SKIP","floor":47},{"not_picked":["Flechettes+1","Slice+1","Concentrate+1"],"picked":"SKIP","floor":55}],"player_experience":3190585,"relics_obtained":[{"floor":6.0,"key":"Ornamental Fan"},{"floor":20.0,"key":"Ancient Tea Set"},{"floor":25.0,"key":"Happy Flower"},{"floor":26.0,"key":"Ninja Scroll"},{"floor":31.0,"key":"Molten Egg 2"},{"floor":36.0,"key":"Pocketwatch"},{"floor":41,"key":"Juzu Bracelet"},{"floor":42,"key":"Potion Belt"},{"floor":43,"key":"Pen Nib"},{"floor":55,"key":"Blood Vial"}],"event_choices":[{"cards_removed":["Strike_G"],"damage_healed":0.0,"max_hp_gain":0.0,"max_hp_loss":0.0,"gold_gain":0.0,"event_name":"The Cleric","player_choice":"Card Removal","floor":3.0,"gold_loss":75.0,"damage_taken":0.0},{"damage_healed":0.0,"max_hp_gain":0.0,"max_hp_loss":0.0,"gold_gain":0.0,"cards_transformed":["Strike_G"],"event_name":"Transmorgrifier","player_choice":"Transformed","floor":4.0,"gold_loss":0.0,"damage_taken":0.0,"cards_obtained":["Grand Finale"]},{"damage_healed":0.0,"max_hp_gain":0.0,"max_hp_loss":0.0,"gold_gain":0.0,"cards_transformed":["Defend_G","Strike_G"],"event_name":"Drug Dealer","player_choice":"Became Test Subject","floor":21.0,"gold_loss":0.0,"damage_taken":0.0,"cards_obtained":["Backstab","Blur"]},{"damage_healed":0.0,"max_hp_gain":0.0,"max_hp_loss":0.0,"gold_gain":0.0,"event_name":"The Mausoleum","player_choice":"Ignored","floor":22.0,"gold_loss":0.0,"damage_taken":0.0},{"damage_healed":0.0,"max_hp_gain":0.0,"max_hp_loss":0.0,"gold_gain":0.0,"event_name":"Accursed Blacksmith","player_choice":"Forge","floor":24.0,"gold_loss":0.0,"damage_taken":0.0,"cards_upgraded":["Purity"]},{"damage_healed":0.0,"max_hp_gain":0.0,"max_hp_loss":0.0,"gold_gain":0.0,"event_name":"Vampires","player_choice":"Ignored","floor":30.0,"gold_loss":0.0,"damage_taken":0.0},{"damage_healed":0.0,"max_hp_gain":0.0,"max_hp_loss":0.0,"gold_gain":0.0,"event_name":"Mysterious Sphere","player_choice":"Fight","floor":36.0,"gold_loss":0.0,"damage_taken":0.0}],"is_beta":true,"boss_relics":[{"not_picked":["Runic Dome","Philosopher\u0027s Stone"],"picked":"Coffee Dripper"},{"not_picked":["Sozu","Velvet Choker"],"picked":"White Beast Statue"}],"items_purged_floors":[8,19,37,48],"is_endless":false,"potions_floor_spawned":[1,2,10,13,16,18,28,35,36,38,39,41,45,46,47,55],"ascension_level":20}