{"gold_per_floor":[110,122,140,150,166,195,213,213,213,231,231,246,279,229,229,330,330,340,340,340,351,351],"floor_reached":22,"playtime":1689,"items_purged":[],"score":200,"play_id":"96d4f7b9-2752-47fc-883b-42e8f5897887","local_time":"20190827184026","is_ascension_mode":false,"campfire_choices":[{"floor":8,"key":"REST"},{"floor":15,"key":"REST"}],"neow_cost":"NONE","seed_source_timestamp":307231606918167,"circlet_count":0,"master_deck":["Strike_R","Strike_R","Strike_R","Strike_R","Defend_R","Defend_R","Defend_R","Defend_R","Bash","Entrench","Anger","Whirlwind","Cleave","Uppercut","Body Slam","Cleave","Spot Weakness","Barricade","Iron Wave+1","RitualDagger","Power Through"],"relics":["Burning Blood","Pen Nib","Omamori","Juzu Bracelet","Runic Pyramid"],"potions_floor_usage":[7,13,13,16,16,21,21,22],"damage_taken":[{"damage":6,"enemies":"Jaw Worm","floor":1,"turns":4},{"damage":1,"enemies":"2 Louse","floor":2,"turns":5},{"damage":1,"enemies":"Cultist","floor":3,"turns":3},{"damage":8,"enemies":"Large Slime","floor":4,"turns":6},{"damage":7,"enemies":"Exordium Wildlife","floor":5,"turns":3},{"damage":43,"enemies":"3 Sentries","floor":6,"turns":9},{"damage":11,"enemies":"Blue Slaver","floor":7,"turns":4},{"damage":9,"enemies":"Red Slaver","floor":10,"turns":2},{"damage":6,"enemies":"3 Louse","floor":12,"turns":3},{"damage":26,"enemies":"Lagavulin","floor":13,"turns":4},{"damage":57,"enemies":"Hexaghost","floor":16,"turns":9},{"damage":46,"enemies":"3 Byrds","floor":18,"turns":7},{"damage":20,"enemies":"Chosen","floor":21,"turns":5},{"damage":43,"enemies":"Shelled Parasite and Fungi","floor":22,"turns":3}],"seed_played":"-7343741224308924885","potions_obtained":[{"floor":1,"key":"Explosive Potion"},{"floor":3,"key":"Poison Potion"},{"floor":6,"key":"Swift Potion"},{"floor":10,"key":"LiquidBronze"},{"floor":13,"key":"FearPotion"},{"floor":18,"key":"Poison Potion"},{"floor":19,"key":"Weak Potion"},{"floor":19,"key":"SteroidPotion"}],"is_trial":false,"path_per_floor":["M","M","M","M","M","E","M","R","T","M","?","M","E","?","R","B",null,"M","?","?","M","M"],"character_chosen":"IRONCLAD","items_purchased":[],"campfire_rested":2,"item_purchase_floors":[],"current_hp_per_floor":[88,88,88,86,85,48,43,69,69,66,88,88,68,68,88,37,88,48,48,42,28,0],"gold":351,"neow_bonus":"TEN_PERCENT_HP_BONUS","is_prod":false,"is_daily":false,"chose_seed":false,"campfire_upgraded":0,"win_rate":0.0,"timestamp":1566956426,"path_taken":["M","M","M","M","M","E","M","R","T","M","?","M","E","?","R","BOSS","M","?","?","M","M"],"build_version":"2019-07-17","purchased_purges":0,"victory":false,"max_hp_per_floor":[88,88,88,88,88,88,88,88,88,88,88,88,88,88,88,88,88,88,88,88,88,88],"card_choices":[{"not_picked":["Power Through","Fire Breathing"],"picked":"Entrench","floor":1},{"not_picked":["Body Slam","Metallicize"],"picked":"Anger","floor":2},{"not_picked":["Clash","Sever Soul","Fire Breathing"],"picked":"SKIP","floor":3},{"not_picked":["Fire Breathing","Warcry"],"picked":"Whirlwind","floor":4},{"not_picked":["Shrug It Off","Sever Soul"],"picked":"Cleave","floor":5},{"not_picked":["Wild Strike","Warcry"],"picked":"Uppercut","floor":6},{"not_picked":["Second Wind","Hemokinesis"],"picked":"Body Slam","floor":7},{"not_picked":["Offering","Twin Strike"],"picked":"Cleave","floor":10},{"not_picked":["Rage","Warcry"],"picked":"Spot Weakness","floor":12},{"not_picked":["Clash","Wild Strike","Body Slam"],"picked":"SKIP","floor":13},{"not_picked":["Berserk","Dark Embrace"],"picked":"Barricade","floor":16},{"not_picked":["Warcry","Shockwave+1"],"picked":"Iron Wave+1","floor":18},{"not_picked":["Clothesline+1","Shockwave"],"picked":"Power Through","floor":21}],"player_experience":428956,"relics_obtained":[{"floor":6,"key":"Pen Nib"},{"floor":9,"key":"Omamori"},{"floor":13,"key":"Juzu Bracelet"}],"event_choices":[{"damage_healed":22,"gold_gain":0,"player_choice":"Healed and dodged fight","damage_taken":0,"max_hp_gain":0,"max_hp_loss":0,"event_name":"Mushrooms","floor":11,"gold_loss":0,"cards_obtained":["Parasite"]},{"cards_removed":["Strike_R"],"damage_healed":0,"gold_gain":0,"player_choice":"Card Removal","damage_taken":0,"max_hp_gain":0,"max_hp_loss":0,"event_name":"The Cleric","floor":14,"gold_loss":50},{"damage_healed":0,"gold_gain":0,"player_choice":"Got Potions","damage_taken":0,"max_hp_gain":0,"max_hp_loss":0,"event_name":"Lab","floor":19,"gold_loss":0},{"damage_healed":0,"gold_gain":0,"player_choice":"Joined the Cult","damage_taken":6,"max_hp_gain":0,"max_hp_loss":0,"event_name":"Nest","floor":20,"gold_loss":0,"cards_obtained":["RitualDagger"]}],"is_beta":false,"boss_relics":[{"not_picked":["Runic Cube","Snecko Eye"],"picked":"Runic Pyramid"}],"items_purged_floors":[],"is_endless":false,"potions_floor_spawned":[1,3,6,10,12,13,18],"killed_by":"Shelled Parasite and Fungi","ascension_level":0}