{"gold_per_floor":[119,219,230,243,253,253,272,272,272,285,304,304,323,47,47,152,152,171,182,182,182],"floor_reached":21,"playtime":1445,"items_purged":["Strike_B"],"score":175,"play_id":"fbb14e79-8341-4c80-b065-9eef70fbb4e6","local_time":"20190919032018","is_ascension_mode":false,"campfire_choices":[{"floor":6,"key":"REST"},{"floor":8,"key":"REST"},{"data":"Streamline","floor":15,"key":"SMITH"}],"neow_cost":"NONE","seed_source_timestamp":1936972974057300,"circlet_count":0,"master_deck":["Strike_B","Strike_B","Strike_B","Defend_B","Defend_B","Defend_B","Defend_B","Zap","Dualcast","Seek","Leap","Compile Driver","BootSequence","Capacitor","Streamline+1","Rainbow","Defragment","Leap","Seek"],"relics":["Cracked Core","Ice Cream","NlothsMask","Lee\u0027s Waffle","Velvet Choker"],"potions_floor_usage":[5,16,16,16,21],"damage_taken":[{"damage":17,"enemies":"Small Slimes","floor":1,"turns":3},{"damage":6,"enemies":"Cultist","floor":3,"turns":3},{"damage":6,"enemies":"Jaw Worm","floor":4,"turns":3},{"damage":11,"enemies":"Gremlin Gang","floor":5,"turns":6},{"damage":15,"enemies":"Exordium Thugs","floor":7,"turns":4},{"damage":0,"enemies":"Blue Slaver","floor":10,"turns":4},{"damage":9,"enemies":"Exordium Wildlife","floor":11,"turns":6},{"damage":1,"enemies":"Looter","floor":13,"turns":3},{"damage":75,"enemies":"Hexaghost","floor":16,"turns":13},{"damage":56,"enemies":"3 Byrds","floor":18,"turns":6},{"damage":15,"enemies":"Spheric Guardian","floor":19,"turns":4},{"damage":12,"enemies":"Snake Plant","floor":21,"turns":2}],"seed_played":"7877696346966037400","potions_obtained":[{"floor":4,"key":"PowerPotion"},{"floor":10,"key":"Regen Potion"},{"floor":11,"key":"SpeedPotion"},{"floor":13,"key":"SpeedPotion"},{"floor":19,"key":"Fire Potion"}],"is_trial":false,"path_per_floor":["M","?","M","M","M","R","M","R","T","M","M","?","M","$","R","B",null,"M","M","?","M"],"character_chosen":"DEFECT","items_purchased":["Lee\u0027s Waffle"],"campfire_rested":2,"item_purchase_floors":[14],"current_hp_per_floor":[58,58,52,46,35,57,42,64,64,64,55,55,54,82,82,17,82,26,11,11,0],"gold":182,"neow_bonus":"ONE_RANDOM_RARE_CARD","is_prod":false,"is_daily":false,"chose_seed":false,"campfire_upgraded":1,"win_rate":0.0,"timestamp":1568877618,"path_taken":["M","?","M","M","?","R","M","R","T","M","M","?","M","$","R","BOSS","M","?","?","M"],"build_version":"2019-07-17","purchased_purges":1,"victory":false,"max_hp_per_floor":[75,75,75,75,75,75,75,75,75,75,75,75,75,82,82,82,82,82,82,82,82],"card_choices":[{"not_picked":["Compile Driver","Cold Snap"],"picked":"Leap","floor":1},{"not_picked":["Chaos","Stack"],"picked":"Compile Driver","floor":3},{"not_picked":["Heatsinks","Genetic Algorithm"],"picked":"BootSequence","floor":4},{"not_picked":["Go for the Eyes","Steam Power","Beam Cell"],"picked":"SKIP","floor":5},{"not_picked":["Hologram","Go for the Eyes","Barrage"],"picked":"SKIP","floor":7},{"not_picked":["Defragment","Stack"],"picked":"Capacitor","floor":10},{"not_picked":["BootSequence","Storm","Seek"],"picked":"SKIP","floor":11},{"not_picked":["Sweeping Beam","Coolheaded"],"picked":"Streamline","floor":13},{"not_picked":["Fission","Biased Cognition"],"picked":"Rainbow","floor":16},{"not_picked":["Steam","Gash"],"picked":"Defragment","floor":18},{"not_picked":["White Noise","Stack"],"picked":"Leap","floor":19}],"player_experience":92820,"relics_obtained":[{"floor":9,"key":"Ice Cream"}],"event_choices":[{"damage_healed":0,"gold_gain":100,"player_choice":"Pray","damage_taken":0,"max_hp_gain":0,"max_hp_loss":0,"event_name":"Golden Shrine","floor":2,"gold_loss":0},{"damage_healed":0,"gold_gain":0,"player_choice":"Trade","damage_taken":0,"relics_obtained":["NlothsMask"],"max_hp_gain":0,"max_hp_loss":0,"event_name":"FaceTrader","floor":12,"gold_loss":0},{"damage_healed":0,"gold_gain":0,"player_choice":"Copied","damage_taken":0,"max_hp_gain":0,"max_hp_loss":0,"event_name":"Duplicator","floor":20,"gold_loss":0,"cards_obtained":["Seek"]}],"is_beta":false,"boss_relics":[{"not_picked":["FrozenCore","Calling Bell"],"picked":"Velvet Choker"}],"items_purged_floors":[14],"is_endless":false,"potions_floor_spawned":[4,10,11,13,19],"killed_by":"Snake Plant","ascension_level":0}