{"gold_per_floor":[118,43,43,58,69,69,97,97,97,97,113,127,127,27,27,102,102,113,113,127,147,147,72,72,103,103,137,12,12,71,86,86,165,165,177,193,193,43,43,78,78,113,113,113,147,167,15,32,32,32,32,32,32,32,61,61],"floor_reached":57,"playtime":1993,"items_purged":["Strike_R","Strike_R","Regret","Bash+1"],"score":3692,"play_id":"8321be6c-d612-4d0d-9eca-a0979497e3e5","local_time":"20190907143753","is_ascension_mode":true,"campfire_choices":[{"data":"Bash","floor":6.0,"key":"SMITH"},{"data":"Burning Pact","floor":8.0,"key":"SMITH"},{"data":"Second Wind","floor":10.0,"key":"SMITH"},{"data":"Shrug It Off","floor":15.0,"key":"SMITH"},{"data":"Offering","floor":24.0,"key":"SMITH"},{"floor":29.0,"key":"RECALL"},{"data":"Evolve","floor":32.0,"key":"SMITH"},{"data":"Body Slam","floor":41.0,"key":"SMITH"},{"data":"Dropkick+1","floor":44.0,"key":"PURGE"},{"data":"Entrench","floor":49.0,"key":"SMITH"},{"data":"Defend_R","floor":53,"key":"PURGE"}],"neow_cost":"PERCENT_DAMAGE","seed_source_timestamp":1988133683322200,"circlet_count":0,"master_deck":["AscendersBane","Defend_R","Defend_R","Defend_R","Burning Pact+1","Shrug It Off+1","Second Wind+1","Intimidate","Offering+1","Evolve+1","Reckless Charge","Body Slam+1","Entrench+1","Dark Embrace","Warcry+1"],"special_seed":0,"relics":["Burning Blood","Darkstone Periapt","Sundial","Omamori","Philosopher\u0027s Stone","Peace Pipe","Bag of Marbles","Prayer Wheel","Bottled Lightning","FossilizedHelix","Tiny Chest","Orrery","Mummified Hand","Calipers","Oddly Smooth Stone","Lantern"],"potions_floor_usage":[56,56],"damage_taken":[{"damage":0.0,"enemies":"2 Louse","floor":1.0,"turns":2.0},{"damage":3.0,"enemies":"Small Slimes","floor":4.0,"turns":4.0},{"damage":6.0,"enemies":"Cultist","floor":5.0,"turns":5.0},{"damage":50.0,"enemies":"Lagavulin","floor":7.0,"turns":8.0},{"damage":0.0,"enemies":"Exordium Wildlife","floor":11.0,"turns":6.0},{"damage":16.0,"enemies":"Blue Slaver","floor":12.0,"turns":4.0},{"damage":0.0,"enemies":"Hexaghost","floor":16.0,"turns":4.0},{"damage":9.0,"enemies":"Shell Parasite","floor":18.0,"turns":4.0},{"damage":3.0,"enemies":"2 Thieves","floor":20.0,"turns":3.0},{"damage":9.0,"enemies":"Cultist and Chosen","floor":21.0,"turns":6.0},{"damage":6.0,"enemies":"Slavers","floor":25.0,"turns":1.0},{"damage":6.0,"enemies":"Gremlin Leader","floor":27.0,"turns":1.0},{"damage":0.0,"enemies":"Book of Stabbing","floor":30.0,"turns":1.0},{"damage":0.0,"enemies":"Snake Plant","floor":31.0,"turns":2.0},{"damage":0.0,"enemies":"Collector","floor":33.0,"turns":1.0},{"damage":0.0,"enemies":"3 Darklings","floor":35.0,"turns":1.0},{"damage":0.0,"enemies":"3 Shapes","floor":36.0,"turns":3.0},{"damage":0.0,"enemies":"Giant Head","floor":40.0,"turns":1.0},{"damage":0.0,"enemies":"Reptomancer","floor":42.0,"turns":1.0},{"damage":0.0,"enemies":"Nemesis","floor":45.0,"turns":1.0},{"damage":0.0,"enemies":"Spire Growth","floor":46.0,"turns":2.0},{"damage":0.0,"enemies":"Sphere and 2 Shapes","floor":48.0,"turns":2.0},{"damage":0,"enemies":"Time Eater","floor":50,"turns":4},{"damage":0,"enemies":"Donu and Deca","floor":51,"turns":2},{"damage":0,"enemies":"Shield and Spear","floor":55,"turns":2},{"damage":0,"enemies":"The Heart","floor":56,"turns":4}],"seed_played":"4921109284187548541","potions_obtained":[{"floor":4.0,"key":"FairyPotion"},{"floor":11.0,"key":"Fire Potion"},{"floor":12.0,"key":"Fruit Juice"},{"floor":20.0,"key":"BloodPotion"},{"floor":30.0,"key":"BloodPotion"},{"floor":31.0,"key":"PowerPotion"},{"floor":33.0,"key":"FearPotion"}],"is_trial":false,"path_per_floor":["M","$","?","M","M","R","E","R","T","R","M","M","?","$","R","B",null,"M","?","M","M","?","?","R","E","T","E","$","R","E","M","R","B",null,"M","M","?","$","?","E","R","E","T","R","E","M","$","M","R","B","B",null,"R","$","E","B",null],"character_chosen":"IRONCLAD","items_purchased":["Dark Embrace"],"campfire_rested":0,"item_purchase_floors":[47],"current_hp_per_floor":[56,56,62,65,65,65,21,21,21,21,27,22,8,8,8,14,68,65,65,68,65,65,65,65,65,65,65,65,65,71,86,86,86,86,86,86,86,86,86,86,86,86,86,86,86,86,86,86,86,86,86,86,86,86,86,86],"gold":61,"neow_bonus":"TRANSFORM_TWO_CARDS","is_prod":false,"is_daily":false,"chose_seed":false,"campfire_upgraded":8,"win_rate":0,"timestamp":1567838273,"path_taken":["M","$","?","M","M","R","E","R","T","R","M","M","?","$","R","BOSS","M","?","M","M","?","?","R","E","T","E","$","R","E","M","R","BOSS","M","?","?","$","?","E","R","E","T","R","E","M","$","?","R","BOSS","BOSS","R","$","E","BOSS"],"build_version":"2019-08-26","purchased_purges":4,"victory":true,"max_hp_per_floor":[75,75,81,81,81,81,81,81,81,81,81,86,86,86,86,86,86,86,86,86,86,86,86,86,86,86,86,86,86,86,86,86,86,86,86,86,86,86,86,86,86,86,86,86,86,86,86,86,86,86,86,86,86,86,86,86],"card_choices":[{"not_picked":["Havoc","Sword Boomerang"],"picked":"Shrug It Off","floor":1.0},{"not_picked":["Wild Strike","Hemokinesis"],"picked":"Second Wind","floor":4.0},{"not_picked":["Reaper","Warcry","True Grit"],"picked":"SKIP","floor":5.0},{"not_picked":["Sentinel","Clothesline","Twin Strike"],"picked":"SKIP","floor":7.0},{"not_picked":["Heavy Blade","Infernal Blade","Havoc"],"picked":"SKIP","floor":11.0},{"not_picked":["Pummel","Clash","Dropkick"],"picked":"SKIP","floor":12.0},{"not_picked":["Pummel","Clash"],"picked":"Dropkick","floor":12.0},{"not_picked":["Reckless Charge","Warcry","Flame Barrier"],"picked":"SKIP","floor":18.0},{"not_picked":["Iron Wave+1","Clash","Spot Weakness"],"picked":"SKIP","floor":20.0},{"not_picked":["Havoc","True Grit","Wild Strike"],"picked":"SKIP","floor":21.0},{"not_picked":["Corruption","Rupture","Limit Break"],"picked":"SKIP","floor":25.0},{"not_picked":["Second Wind","Sword Boomerang"],"picked":"Evolve","floor":27.0},{"not_picked":["Limit Break","Headbutt+1"],"picked":"Reckless Charge","floor":30.0},{"not_picked":["Clothesline","Evolve+1","Iron Wave"],"picked":"SKIP","floor":31.0},{"not_picked":["Thunderclap","Shrug It Off","Reckless Charge"],"picked":"SKIP","floor":31.0},{"not_picked":["Reckless Charge","Spot Weakness"],"picked":"Body Slam","floor":34.0},{"not_picked":["Warcry","Twin Strike","Headbutt"],"picked":"SKIP","floor":35.0},{"not_picked":["Pummel","Searing Blow","Dual Wield"],"picked":"SKIP","floor":35.0},{"not_picked":["Wild Strike","Thunderclap","Burning Pact"],"picked":"SKIP","floor":36.0},{"not_picked":["Anger","Headbutt","Second Wind"],"picked":"SKIP","floor":36.0},{"not_picked":["Metallicize+1","Dual Wield","Fiend Fire"],"picked":"SKIP","floor":40.0},{"not_picked":["Juggernaut","Dropkick","Flex+1"],"picked":"SKIP","floor":42.0},{"not_picked":["Armaments+1","Thunderclap"],"picked":"Entrench","floor":45.0},{"not_picked":["Clash","Heavy Blade","Headbutt+1"],"picked":"SKIP","floor":46.0},{"not_picked":["Flex","Infernal Blade","Iron Wave+1"],"picked":"SKIP","floor":46.0},{"not_picked":["True Grit","Flex"],"picked":"Warcry+1","floor":48.0},{"not_picked":["Bloodletting","Sentinel","Fiend Fire"],"picked":"SKIP","floor":48.0},{"not_picked":["Shockwave","Anger","Corruption+1"],"picked":"SKIP","floor":55}],"player_experience":3193674,"relics_obtained":[{"floor":7.0,"key":"Sundial"},{"floor":9.0,"key":"Omamori"},{"floor":25.0,"key":"Prayer Wheel"},{"floor":26.0,"key":"Bottled Lightning"},{"floor":27.0,"key":"FossilizedHelix"},{"floor":30.0,"key":"Tiny Chest"},{"floor":40.0,"key":"Mummified Hand"},{"floor":42.0,"key":"Calipers"},{"floor":45.0,"key":"Oddly Smooth Stone"},{"floor":55,"key":"Lantern"}],"event_choices":[{"damage_healed":0.0,"max_hp_gain":0.0,"max_hp_loss":0.0,"gold_gain":0.0,"event_name":"Big Fish","player_choice":"Box","floor":3.0,"gold_loss":0.0,"damage_taken":0.0,"relics_obtained":["Darkstone Periapt"],"cards_obtained":["Regret"]},{"damage_healed":0.0,"max_hp_gain":0.0,"max_hp_loss":0.0,"gold_gain":0.0,"event_name":"Shining Light","player_choice":"Entered Light","floor":13.0,"gold_loss":0.0,"damage_taken":26.0,"cards_upgraded":["Sword Boomerang","Dropkick"]},{"damage_healed":0.0,"max_hp_gain":0.0,"max_hp_loss":0.0,"gold_gain":0.0,"event_name":"Addict","player_choice":"Stole Relic","floor":19.0,"gold_loss":0.0,"damage_taken":0.0,"relics_obtained":["Peace Pipe"],"cards_obtained":["Shame"]},{"damage_healed":0.0,"max_hp_gain":0.0,"max_hp_loss":0.0,"gold_gain":0.0,"event_name":"The Mausoleum","player_choice":"Opened","floor":22.0,"gold_loss":0.0,"damage_taken":0.0,"relics_obtained":["Bag of Marbles"],"cards_obtained":["Writhe"]},{"damage_healed":0.0,"max_hp_gain":0.0,"max_hp_loss":0.0,"gold_gain":0.0,"cards_transformed":["Sword Boomerang","Strike_R"],"event_name":"Designer","player_choice":"Transformed Cards","floor":23.0,"gold_loss":75.0,"damage_taken":0.0,"cards_obtained":["Intimidate","Offering"]},{"damage_healed":0.0,"max_hp_gain":0.0,"max_hp_loss":0.0,"gold_gain":0.0,"event_name":"Tomb of Lord Red Mask","player_choice":"Ignored","floor":37.0,"gold_loss":0.0,"damage_taken":0.0},{"damage_healed":0.0,"max_hp_gain":0.0,"max_hp_loss":0.0,"gold_gain":0.0,"event_name":"SecretPortal","player_choice":"Ignored","floor":39.0,"gold_loss":0.0,"damage_taken":0.0}],"is_beta":true,"boss_relics":[{"not_picked":["Velvet Choker","Runic Cube"],"picked":"Philosopher\u0027s Stone"},{"not_picked":["Sozu","Cursed Key"],"picked":"Orrery"}],"items_purged_floors":[2,14,28,38],"is_endless":false,"potions_floor_spawned":[4,11,12,20,30,31,33,40,42,45],"ascension_level":20}