{"gold_per_floor":[113,113,124,124,124,124,27,44,126,143,143,158,170,199,199,300,300,316,213,233,16,16],"floor_reached":22,"playtime":2524,"items_purged":[],"score":176,"play_id":"eab6fcd6-f699-45ee-9ba5-02dee42d8a53","local_time":"20181226164824","is_ascension_mode":false,"campfire_choices":[{"floor":6.0,"key":"REST"},{"data":"Zap","floor":11.0,"key":"SMITH"},{"floor":15,"key":"REST"}],"neow_cost":"NONE","seed_source_timestamp":0,"circlet_count":0,"master_deck":["Strike_B","Strike_B","Strike_B","Strike_B","Defend_B","Defend_B","Defend_B","Defend_B","Zap+1","Dualcast","Leap","Steam Power","Enlightenment","Beam Cell","Ball Lightning","Capacitor","Cold Snap","Sweeping Beam","All For One","Genetic Algorithm","Streamline","Lockon","Glacier","Barrage","Defragment","Fusion","Streamline","Streamline","Rip and Tear"],"special_seed":0,"relics":["Cracked Core","Strawberry","Darkstone Periapt","Odd Mushroom","Orrery","Lantern"],"potions_floor_usage":[],"damage_taken":[{"damage":10.0,"enemies":"Cultist","floor":1.0,"turns":4.0},{"damage":2.0,"enemies":"Small Slimes","floor":3.0,"turns":4.0},{"damage":7.0,"enemies":"2 Louse","floor":8.0,"turns":3.0},{"damage":12.0,"enemies":"2 Fungi Beasts","floor":10.0,"turns":4.0},{"damage":18.0,"enemies":"Large Slime","floor":12.0,"turns":6.0},{"damage":7.0,"enemies":"Blue Slaver","floor":13.0,"turns":3.0},{"damage":8.0,"enemies":"The Mushroom Lair","floor":14.0,"turns":5.0},{"damage":61,"enemies":"Slime Boss","floor":16,"turns":12},{"damage":17,"enemies":"Spheric Guardian","floor":18,"turns":5},{"damage":4,"enemies":"Chosen","floor":20,"turns":5},{"damage":85,"enemies":"3 Cultists","floor":22,"turns":7}],"seed_played":"2481620242898446212","potions_obtained":[{"floor":3.0,"key":"SkillPotion"},{"floor":8.0,"key":"Energy Potion"},{"floor":10.0,"key":"Strength Potion"}],"is_trial":false,"path_per_floor":["M","T","M","?","?","R","$","M","T","M","R","M","M","?","R","B",null,"M","$","M","$","M"],"character_chosen":"DEFECT","items_purchased":["Enlightenment","Fusion","Streamline","Lantern","Rip and Tear"],"campfire_rested":2,"item_purchase_floors":[7,19,19,21,21],"current_hp_per_floor":[72,79,77,77,77,89,89,82,82,70,70,52,45,37,63,2,89,72,72,68,68,0],"gold":16,"neow_bonus":"TEN_PERCENT_HP_BONUS","is_prod":false,"is_daily":false,"chose_seed":false,"campfire_upgraded":1,"win_rate":0.0,"timestamp":1545871704,"path_taken":["M","?","M","?","?","R","$","M","T","M","R","M","M","?","R","BOSS","M","$","M","$","M"],"build_version":"2018-12-20","purchased_purges":0,"victory":false,"max_hp_per_floor":[82,89,89,89,89,89,89,89,89,89,89,89,89,89,89,89,89,89,89,89,89,89],"card_choices":[{"not_picked":["Sweeping Beam","Compile Driver"],"picked":"Leap","floor":1.0},{"not_picked":["Barrage","Compile Driver"],"picked":"Steam Power","floor":3.0},{"not_picked":["Aggregate","Force Field"],"picked":"Beam Cell","floor":8.0},{"not_picked":["Gash","Skim"],"picked":"Ball Lightning","floor":10.0},{"not_picked":["Sweeping Beam","Reinforced Body"],"picked":"Capacitor","floor":12.0},{"not_picked":["Conserve Battery","Coolheaded"],"picked":"Cold Snap","floor":13.0},{"not_picked":["Steam Power","Consume"],"picked":"Sweeping Beam","floor":14.0},{"not_picked":["Seek","Biased Cognition"],"picked":"All For One","floor":16},{"not_picked":["Consume","Coolheaded"],"picked":"Genetic Algorithm","floor":17},{"not_picked":["Consume","Genetic Algorithm"],"picked":"Streamline","floor":17},{"not_picked":["Go for the Eyes","Steam"],"picked":"Lockon","floor":17},{"not_picked":["Leap","Barrage"],"picked":"Glacier","floor":17},{"not_picked":["Leap","Conserve Battery"],"picked":"Barrage","floor":17},{"not_picked":["Coolheaded","Hologram"],"picked":"Defragment","floor":18},{"not_picked":["Scrape","Machine Learning"],"picked":"Streamline","floor":20}],"player_experience":14368,"relics_obtained":[{"floor":2.0,"key":"Strawberry"},{"floor":9.0,"key":"Darkstone Periapt"},{"floor":14.0,"key":"Odd Mushroom"}],"event_choices":[{"damage_healed":0.0,"max_hp_gain":0.0,"max_hp_loss":0.0,"gold_gain":0.0,"event_name":"Shining Light","player_choice":"Ignored","floor":4.0,"gold_loss":0.0,"damage_taken":0.0},{"damage_healed":0.0,"max_hp_gain":0.0,"max_hp_loss":0.0,"gold_gain":0.0,"event_name":"The Cleric","player_choice":"Leave","floor":5.0,"gold_loss":0.0,"damage_taken":0.0},{"damage_healed":0.0,"max_hp_gain":0.0,"max_hp_loss":0.0,"gold_gain":0.0,"event_name":"Mushrooms","player_choice":"Fought Mushrooms","floor":14.0,"gold_loss":0.0,"damage_taken":0.0}],"is_beta":false,"boss_relics":[{"not_picked":["Calling Bell","Black Star"],"picked":"Orrery"}],"items_purged_floors":[],"is_endless":false,"potions_floor_spawned":[3,8,10,16,18],"killed_by":"3 Cultists","ascension_level":0}