{"path_per_floor":["M","?","?","?","$","E","M","R","T","M","R","M","M","M","R"],"character_chosen":"DEFECT","items_purchased":["Defragment","Go for the Eyes"],"gold_per_floor":[19,194,194,269,92,126,147,147,147,161,161,174,187,211,211,211],"floor_reached":16,"campfire_rested":0,"playtime":612,"item_purchase_floors":[5,5],"current_hp_per_floor":[67,67,67,56,56,29,19,19,19,12,12,11,11,9,9,0],"items_purged":["Doubt"],"gold":211,"score":168,"play_id":"216afcf9-1785-4dfc-9d73-0156ac7587c7","local_time":"20180610152607","is_prod":false,"is_daily":false,"chose_seed":false,"is_ascension_mode":true,"campfire_upgraded":3,"win_rate":0,"timestamp":1528637167,"campfire_choices":[{"data":"Defragment","floor":8,"key":"SMITH"},{"data":"Zap","floor":11,"key":"SMITH"},{"data":"Barrage","floor":15,"key":"SMITH"}],"path_taken":["M","?","?","?","?","E","M","R","T","M","R","?","M","?","R","BOSS"],"build_version":"2018-06-07v3","seed_source_timestamp":60710324574169,"purchased_purges":1,"victory":false,"master_deck":["Strike_B","Strike_B","Defend_B","Defend_B","Defend_B","Defend_B","Zap+1","Dualcast","AscendersBane","Fission","Multi-Cast","Genetic Algorithm","Defragment+1","Go for the Eyes","Barrage+1","Glacier","Sweeping Beam","Conserve Battery"],"max_hp_per_floor":[75,75,69,69,69,69,69,69,69,69,69,69,69,69,69,69],"relics":["Cracked Core","Golden Idol","Pantograph","Frozen Egg 2"],"card_choices":[{"not_picked":["Conserve Battery","Gash"],"picked":"Genetic Algorithm","floor":1},{"not_picked":["Hello World","Redo"],"picked":"Barrage","floor":6},{"not_picked":["Skim","Streamline"],"picked":"Glacier","floor":7},{"not_picked":["Thunder Strike","Storm+1","Streamline"],"picked":"SKIP","floor":10},{"not_picked":["Beam Cell","Go for the Eyes","Undo"],"picked":"SKIP","floor":12},{"not_picked":["Steam","Beam Cell"],"picked":"Sweeping Beam","floor":13},{"not_picked":["Beam Cell","Stack"],"picked":"Conserve Battery","floor":14}],"player_experience":856077,"potions_floor_usage":[16],"damage_taken":[{"damage":1,"enemies":"Cultist","floor":1,"turns":4},{"damage":27,"enemies":"Lagavulin","floor":6,"turns":8},{"damage":10,"enemies":"Small Slimes","floor":7,"turns":3},{"damage":7,"enemies":"2 Louse","floor":10,"turns":2},{"damage":1,"enemies":"Looter","floor":12,"turns":4},{"damage":0,"enemies":"Large Slime","floor":13,"turns":7},{"damage":2,"enemies":"2 Fungi Beasts","floor":14,"turns":4},{"damage":36,"enemies":"Slime Boss","floor":16,"turns":12}],"relics_obtained":[{"floor":6,"key":"Pantograph"},{"floor":9,"key":"Frozen Egg 2"}],"event_choices":[{"event_name":"Liars Game","player_choice":"agreed","floor":2,"damage_taken":0},{"event_name":"Golden Idol","player_choice":"Lose Max HP","floor":3,"damage_taken":0},{"event_name":"World of Goop","player_choice":"Gather Gold","floor":4,"damage_taken":0}],"boss_relics":[],"items_purged_floors":[5],"potions_floor_spawned":[6,10,12,13,14],"seed_played":"433270940312012485","killed_by":"Slime Boss","ascension_level":13,"potions_obtained":[{"floor":6,"key":"Strength Potion"},{"floor":10,"key":"Block Potion"},{"floor":12,"key":"PowerPotion"},{"floor":13,"key":"FocusPotion"},{"floor":14,"key":"Fire Potion"}],"is_trial":false}