{"gold_per_floor":[114,131,131,149,149,149,168,93,118,118,118,152,152,171,171,268,268,279,127,145,20,36,62,62,97,97,108,208,227,253,267,267,368,368,381,400,400,400,415,478,510,554,589,629,641,679,472,492,492,492,492,492,111,140,140],"floor_reached":56,"playtime":1798,"items_purged":["Strike_G","Flying Knee+1","Flechettes+1","Defend_G+1","Defend_G+1"],"score":2683,"play_id":"2cd6e475-b04c-49f9-b695-9e6c987844a9","local_time":"20190825134530","is_ascension_mode":true,"campfire_choices":[{"data":"Flechettes","floor":6.0,"key":"SMITH"},{"data":"Acrobatics","floor":11.0,"key":"SMITH"},{"data":"Neutralize","floor":15.0,"key":"SMITH"},{"data":"Prepared","floor":24.0,"key":"SMITH"},{"floor":32.0,"key":"RECALL"},{"data":"Footwork","floor":49.0,"key":"SMITH"},{"floor":52,"key":"REST"}],"neow_cost":"TEN_PERCENT_HP_LOSS","seed_source_timestamp":0,"circlet_count":0,"master_deck":["AscendersBane","Defend_G+1","Survivor+1","Neutralize+1","Acrobatics+1","Backflip+1","Grand Finale+1","Concentrate+1","Reflex+1","Prepared+1","Expertise+1","After Image+1","Footwork+1"],"special_seed":0,"relics":["Ring of the Snake","Bronze Scales","Boot","Ornamental Fan","Astrolabe","Regal Pillow","Lantern","WingedGreaves","Dream Catcher","Busted Crown","Mark of the Bloom","Tiny Chest","MawBank","Oddly Smooth Stone","Potion Belt","Whetstone","Singing Bowl","Anchor","Mummified Hand"],"potions_floor_usage":[55,55,55,55,55],"damage_taken":[{"damage":9.0,"enemies":"Cultist","floor":1.0,"turns":7.0},{"damage":0.0,"enemies":"2 Louse","floor":2.0,"turns":4.0},{"damage":2.0,"enemies":"Jaw Worm","floor":4.0,"turns":7.0},{"damage":10.0,"enemies":"Large Slime","floor":7.0,"turns":7.0},{"damage":9.0,"enemies":"Lagavulin","floor":12.0,"turns":6.0},{"damage":1.0,"enemies":"Blue Slaver","floor":14.0,"turns":2.0},{"damage":32.0,"enemies":"Slime Boss","floor":16.0,"turns":12.0},{"damage":0.0,"enemies":"2 Thieves","floor":18.0,"turns":2.0},{"damage":0.0,"enemies":"Shell Parasite","floor":20.0,"turns":2.0},{"damage":0.0,"enemies":"Chosen and Byrds","floor":22.0,"turns":1.0},{"damage":0.0,"enemies":"Slavers","floor":23.0,"turns":1.0},{"damage":0.0,"enemies":"Book of Stabbing","floor":25.0,"turns":2.0},{"damage":0.0,"enemies":"Centurion and Healer","floor":27.0,"turns":1.0},{"damage":0.0,"enemies":"Colosseum Slavers","floor":28.0,"turns":1.0},{"damage":0.0,"enemies":"Colosseum Nobs","floor":28.0,"turns":3.0},{"damage":0.0,"enemies":"Snake Plant","floor":29.0,"turns":1.0},{"damage":0.0,"enemies":"Slavers","floor":30.0,"turns":1.0},{"damage":0.0,"enemies":"Shelled Parasite and Fungi","floor":31.0,"turns":1.0},{"damage":0.0,"enemies":"Automaton","floor":33.0,"turns":1.0},{"damage":0.0,"enemies":"Orb Walker","floor":35.0,"turns":1.0},{"damage":0.0,"enemies":"3 Shapes","floor":36.0,"turns":1.0},{"damage":0.0,"enemies":"Jaw Worm Horde","floor":39.0,"turns":1.0},{"damage":0.0,"enemies":"Giant Head","floor":40.0,"turns":1.0},{"damage":0.0,"enemies":"Reptomancer","floor":41.0,"turns":1.0},{"damage":0.0,"enemies":"Giant Head","floor":42.0,"turns":2.0},{"damage":0.0,"enemies":"Reptomancer","floor":44.0,"turns":1.0},{"damage":0.0,"enemies":"Nemesis","floor":46.0,"turns":1.0},{"damage":0.0,"enemies":"Sphere and 2 Shapes","floor":48.0,"turns":1.0},{"damage":0.0,"enemies":"Awakened One","floor":50.0,"turns":2.0},{"damage":0,"enemies":"Shield and Spear","floor":54,"turns":1},{"damage":0,"enemies":"The Heart","floor":55,"turns":5}],"seed_played":"-5282714823559255277","potions_obtained":[{"floor":2.0,"key":"Regen Potion"},{"floor":4.0,"key":"Block Potion"},{"floor":7.0,"key":"SpeedPotion"},{"floor":14.0,"key":"SkillPotion"},{"floor":22.0,"key":"AttackPotion"},{"floor":25.0,"key":"SkillPotion"},{"floor":31.0,"key":"GhostInAJar"},{"floor":44.0,"key":"GhostInAJar"}],"is_trial":false,"path_per_floor":["M","M","?","M","?","R","M","$","T","?","R","E","?","M","R","B",null,"M","$","M","$","M","E","R","E","T","M","?","M","E","M","R","B",null,"M","M","?","?","M","E","E","E","T","E","?","E","$","M","R","B",null,"R","$","E","B",null],"character_chosen":"THE_SILENT","items_purchased":["Prepared","Footwork","Anchor","FearPotion"],"campfire_rested":1,"item_purchase_floors":[19,47,53,53],"current_hp_per_floor":[54,54,54,52,34,34,24,24,24,11,11,17,38,37,37,5,49,49,49,49,49,49,49,49,49,49,49,49,49,49,49,49,49,60,60,60,60,60,60,60,60,60,60,60,60,60,60,60,60,60,60,60,60,60,60],"gold":140,"neow_bonus":"REMOVE_TWO","is_prod":false,"is_daily":false,"chose_seed":false,"campfire_upgraded":5,"win_rate":0,"timestamp":1566708330,"path_taken":["M","M","?","M","?","R","M","$","T","?","R","E","?","M","R","BOSS","M","$","M","$","M","E","R","E","T","M","?","M","E","M","R","BOSS","M","M","?","?","M","E","E","E","T","E","?","E","$","M","R","BOSS","R","$","E","BOSS"],"build_version":"2019-07-17","purchased_purges":5,"victory":true,"max_hp_per_floor":[63,63,63,63,63,63,63,63,63,63,63,63,63,63,63,63,63,63,63,63,63,63,63,63,63,63,63,63,63,63,63,63,63,63,63,63,63,63,63,63,63,63,63,63,63,65,65,67,67,67,67,69,69,71,71],"card_choices":[{"not_picked":["Blade Dance","Footwork"],"picked":"Acrobatics","floor":1.0},{"not_picked":["Setup","Backflip","Backstab"],"picked":"SKIP","floor":2.0},{"not_picked":["All Out Attack","Slice"],"picked":"Flechettes","floor":4.0},{"not_picked":["Deadly Poison","Dagger Spray","Backflip"],"picked":"SKIP","floor":7.0},{"not_picked":["Poisoned Stab","Accuracy","Blur"],"picked":"SKIP","floor":12.0},{"not_picked":["Backflip","Deflect","Cloak And Dagger"],"picked":"SKIP","floor":14.0},{"not_picked":["Deflect","Cloak And Dagger"],"picked":"Backflip","floor":14.0},{"not_picked":["Venomology","Unload"],"picked":"Grand Finale","floor":16.0},{"not_picked":["Footwork","Predator","Bane+1"],"picked":"SKIP","floor":18.0},{"not_picked":["Quick Slash","Endless Agony+1"],"picked":"Expertise+1","floor":20.0},{"not_picked":["Acrobatics","Slice","Flying Knee"],"picked":"SKIP","floor":22.0},{"not_picked":["Blade Dance+1","Dagger Spray","Outmaneuver+1"],"picked":"SKIP","floor":23.0},{"not_picked":["Footwork","Malaise","Blade Dance"],"picked":"SKIP","floor":25.0},{"not_picked":["PiercingWail","Heel Hook+1","Concentrate"],"picked":"SKIP","floor":27.0},{"not_picked":["Terror","Sucker Punch","Underhanded Strike+1"],"picked":"SKIP","floor":29.0},{"not_picked":["Adrenaline","Dash","Distraction"],"picked":"SKIP","floor":30.0},{"not_picked":["Setup","Deadly Poison","Flying Knee+1"],"picked":"SKIP","floor":31.0},{"not_picked":["Grand Finale","Venomology"],"picked":"After Image","floor":33.0},{"not_picked":["Predator"],"picked":"SKIP","floor":35.0},{"not_picked":["PiercingWail"],"picked":"SKIP","floor":36.0},{"not_picked":["Dash"],"picked":"SKIP","floor":39.0},{"not_picked":["Dagger Throw"],"picked":"SKIP","floor":40.0},{"not_picked":["Finisher+1"],"picked":"SKIP","floor":41.0},{"not_picked":["Prepared+1"],"picked":"SKIP","floor":42.0},{"not_picked":["Night Terror"],"picked":"SKIP","floor":44.0},{"not_picked":["Backflip"],"picked":"Singing Bowl","floor":46.0},{"not_picked":["Catalyst"],"picked":"Singing Bowl","floor":48.0},{"not_picked":["Flechettes+1"],"picked":"Singing Bowl","floor":52},{"not_picked":["PiercingWail+1"],"picked":"Singing Bowl","floor":54}],"player_experience":982426,"relics_obtained":[{"floor":9.0,"key":"Boot"},{"floor":12.0,"key":"Ornamental Fan"},{"floor":23.0,"key":"Regal Pillow"},{"floor":25.0,"key":"Lantern"},{"floor":28.0,"key":"WingedGreaves"},{"floor":30.0,"key":"Dream Catcher"},{"floor":40.0,"key":"Tiny Chest"},{"floor":41.0,"key":"MawBank"},{"floor":42.0,"key":"Oddly Smooth Stone"},{"floor":43.0,"key":"Potion Belt"},{"floor":44.0,"key":"Whetstone"},{"floor":46.0,"key":"Singing Bowl"},{"floor":54,"key":"Mummified Hand"}],"event_choices":[{"damage_healed":0.0,"max_hp_gain":0.0,"max_hp_loss":0.0,"gold_gain":0.0,"event_name":"Liars Game","player_choice":"Ignored","floor":3.0,"gold_loss":0.0,"damage_taken":0.0},{"damage_healed":0.0,"max_hp_gain":0.0,"max_hp_loss":0.0,"gold_gain":0.0,"event_name":"Scrap Ooze","player_choice":"Success","floor":5.0,"gold_loss":0.0,"damage_taken":18.0,"relics_obtained":["Bronze Scales"]},{"damage_healed":0.0,"max_hp_gain":0.0,"max_hp_loss":0.0,"gold_gain":0.0,"event_name":"Shining Light","player_choice":"Entered Light","floor":10.0,"gold_loss":0.0,"damage_taken":13.0,"cards_upgraded":["Defend_G","Defend_G"]},{"damage_healed":21.0,"max_hp_gain":0.0,"max_hp_loss":0.0,"gold_gain":0.0,"event_name":"Big Fish","player_choice":"Banana","floor":13.0,"gold_loss":0.0,"damage_taken":0.0},{"damage_healed":0.0,"max_hp_gain":0.0,"max_hp_loss":0.0,"gold_gain":0.0,"event_name":"Colosseum","player_choice":"Fight","floor":28.0,"gold_loss":0.0,"damage_taken":0.0},{"damage_healed":0.0,"max_hp_gain":0.0,"max_hp_loss":0.0,"gold_gain":0.0,"event_name":"Colosseum","player_choice":"Fought Nobs","floor":28.0,"gold_loss":0.0,"damage_taken":0.0},{"damage_healed":0.0,"max_hp_gain":0.0,"max_hp_loss":0.0,"gold_gain":0.0,"event_name":"MindBloom","player_choice":"Upgrade","floor":37.0,"gold_loss":0.0,"damage_taken":0.0,"cards_upgraded":["Defend_G","Defend_G","Survivor","Backflip","Grand Finale","After Image"],"relics_obtained":["Mark of the Bloom"]},{"damage_healed":0.0,"max_hp_gain":0.0,"max_hp_loss":0.0,"gold_gain":0.0,"event_name":"Tomb of Lord Red Mask","player_choice":"Ignored","floor":38.0,"gold_loss":0.0,"damage_taken":0.0},{"cards_removed":["Defend_G"],"damage_healed":0.0,"max_hp_gain":0.0,"max_hp_loss":0.0,"gold_gain":0.0,"event_name":"Wheel of Change","player_choice":"Card Removal","floor":45.0,"gold_loss":0.0,"damage_taken":0.0}],"is_beta":false,"boss_relics":[{"not_picked":["Sozu","Black Star"],"picked":"Astrolabe"},{"not_picked":["Lizard Tail","Snecko Eye"],"picked":"Busted Crown"}],"items_purged_floors":[8,19,21,47,53],"is_endless":false,"potions_floor_spawned":[2,4,7,14,22,25,27,28,31,35,39,42,44,54],"ascension_level":10}