{"gold_per_floor":[116,266,105,105,5,5,32,46,46,46,80,80,80,93,93,169,169,188,63,63,77,91,91,159,209,209,209],"floor_reached":27,"playtime":783,"items_purged":["Doubt","Outmaneuver","Strike_G"],"score":538,"play_id":"69ccc769-0e56-4cee-b6f1-318d89011400","local_time":"20190908025027","is_ascension_mode":true,"campfire_choices":[{"data":"Catalyst","floor":6.0,"key":"SMITH"},{"floor":10.0,"key":"REST"},{"data":"Deadly Poison","floor":15.0,"key":"SMITH"},{"data":"Catalyst","floor":23.0,"key":"SMITH"}],"neow_cost":"NONE","seed_source_timestamp":0,"circlet_count":0,"master_deck":["AscendersBane","Strike_G","Defend_G","Defend_G","Defend_G","Defend_G","Defend_G","Survivor","Neutralize","Deadly Poison+1","Catalyst+1","PiercingWail","Acrobatics","Catalyst+1","Prepared"],"special_seed":0,"relics":["Ring of the Snake","Darkstone Periapt","Mercury Hourglass","Oddly Smooth Stone","Peace Pipe","White Beast Statue","SsserpentHead","PreservedInsect"],"potions_floor_usage":[27,27],"damage_taken":[{"damage":3.0,"enemies":"Jaw Worm","floor":1.0,"turns":6.0},{"damage":53.0,"enemies":"3 Sentries","floor":7.0,"turns":22.0},{"damage":0.0,"enemies":"2 Louse","floor":8.0,"turns":2.0},{"damage":20.0,"enemies":"Lagavulin","floor":11.0,"turns":8.0},{"damage":0.0,"enemies":"Small Slimes","floor":14.0,"turns":5.0},{"damage":0.0,"enemies":"The Guardian","floor":16.0,"turns":8.0},{"damage":11.0,"enemies":"Spheric Guardian","floor":18.0,"turns":5.0},{"damage":6.0,"enemies":"Chosen","floor":21.0,"turns":4.0},{"damage":0.0,"enemies":"Snecko","floor":22.0,"turns":3.0},{"damage":29.0,"enemies":"3 Cultists","floor":24.0,"turns":8.0},{"damage":4,"enemies":"Slavers","floor":27,"turns":2}],"seed_played":"-5793800502216627883","potions_obtained":[{"floor":1.0,"key":"EntropicBrew"},{"floor":8.0,"key":"FearPotion"},{"floor":11.0,"key":"SkillPotion"},{"floor":18.0,"key":"SpeedPotion"},{"floor":21.0,"key":"Fire Potion"},{"floor":22.0,"key":"LiquidBronze"},{"floor":24.0,"key":"Energy Potion"}],"is_trial":false,"path_per_floor":["M","?","$","?","$","R","E","M","T","R","E","?","?","M","R","B",null,"M","$","?","M","M","R","M","?","T","E"],"character_chosen":"THE_SILENT","items_purchased":["Catalyst"],"campfire_rested":1,"item_purchase_floors":[3],"current_hp_per_floor":[56,56,56,56,56,56,3,3,3,22,2,2,2,2,2,2,50,39,39,39,33,33,33,4,4,4,0],"gold":209,"neow_bonus":"TRANSFORM_CARD","is_prod":false,"is_daily":false,"chose_seed":false,"campfire_upgraded":3,"win_rate":0,"timestamp":1567878627,"path_taken":["M","?","$","?","$","R","E","M","T","R","E","?","?","?","R","BOSS","M","$","?","M","M","R","?","?","T","E"],"build_version":"2019-07-17","purchased_purges":3,"victory":false,"max_hp_per_floor":[66,66,66,66,66,66,66,66,66,66,66,66,66,66,66,66,66,66,66,66,66,66,66,66,66,66,66],"card_choices":[{"not_picked":["Poisoned Stab","Blur"],"picked":"Deadly Poison","floor":1.0},{"not_picked":["Blade Dance","Choke","Flying Knee"],"picked":"SKIP","floor":7.0},{"not_picked":["Dodge and Roll","Backstab"],"picked":"PiercingWail","floor":8.0},{"not_picked":["Distraction","Choke","Backstab"],"picked":"SKIP","floor":11.0},{"not_picked":["Noxious Fumes","Skewer"],"picked":"Acrobatics","floor":14.0},{"not_picked":["Acrobatics","Infinite Blades"],"picked":"Catalyst","floor":18.0},{"not_picked":["Outmaneuver","Terror","Cloak And Dagger"],"picked":"SKIP","floor":21.0},{"not_picked":["Prepared","Sucker Punch+1","PiercingWail"],"picked":"SKIP","floor":22.0},{"not_picked":["Sucker Punch+1","PiercingWail"],"picked":"Prepared","floor":22.0},{"not_picked":["Bane","Heel Hook","Skewer"],"picked":"SKIP","floor":24.0}],"player_experience":1018925,"relics_obtained":[{"floor":7.0,"key":"Darkstone Periapt"},{"floor":9.0,"key":"Mercury Hourglass"},{"floor":11.0,"key":"Oddly Smooth Stone"},{"floor":26.0,"key":"PreservedInsect"}],"event_choices":[{"damage_healed":0.0,"max_hp_gain":0.0,"max_hp_loss":0.0,"gold_gain":150.0,"event_name":"Liars Game","player_choice":"AGREE","floor":2.0,"gold_loss":0.0,"damage_taken":0.0,"cards_obtained":["Doubt"]},{"cards_removed":["Strike_G"],"damage_healed":0.0,"max_hp_gain":0.0,"max_hp_loss":0.0,"gold_gain":0.0,"event_name":"Living Wall","player_choice":"Forget","floor":4.0,"gold_loss":0.0,"damage_taken":0.0},{"damage_healed":0.0,"max_hp_gain":0.0,"max_hp_loss":0.0,"gold_gain":0.0,"event_name":"Dead Adventurer","player_choice":"Searched \u00271\u0027 times","floor":12.0,"gold_loss":0.0,"damage_taken":0.0,"relics_obtained":["Peace Pipe"]},{"cards_removed":["Strike_G"],"damage_healed":0.0,"max_hp_gain":0.0,"max_hp_loss":0.0,"gold_gain":0.0,"event_name":"Wheel of Change","player_choice":"Card Removal","floor":13.0,"gold_loss":0.0,"damage_taken":0.0},{"damage_healed":0.0,"max_hp_gain":0.0,"max_hp_loss":0.0,"gold_gain":0.0,"event_name":"FaceTrader","player_choice":"Trade","floor":20.0,"gold_loss":0.0,"damage_taken":0.0,"relics_obtained":["SsserpentHead"]},{"damage_healed":0.0,"max_hp_gain":0.0,"max_hp_loss":0.0,"gold_gain":0.0,"event_name":"Cursed Tome","player_choice":"Ignored","floor":25.0,"gold_loss":0.0,"damage_taken":0.0}],"is_beta":false,"boss_relics":[{"not_picked":["Orrery","Eternal Feather"],"picked":"White Beast Statue"}],"items_purged_floors":[3,5,19],"is_endless":false,"potions_floor_spawned":[1,8,11,14,18,21,22,24],"killed_by":"Slavers","ascension_level":20}