{"gold_per_floor":[117,144,155,43,55,81,81,98,98,98,23,50,62,75,75,148,148,164,164,174,174,223,223,257,157,157,157],"floor_reached":27,"playtime":891,"items_purged":["Strike_R","Defend_R"],"score":482,"play_id":"3205e226-59d3-47bb-9b63-6f2185e16efa","local_time":"20190419184744","is_ascension_mode":true,"campfire_choices":[{"data":"1","floor":7.0,"key":"LIFT"},{"data":"2","floor":10.0,"key":"LIFT"},{"data":"Body Slam","floor":15.0,"key":"SMITH"},{"data":"True Grit","floor":23,"key":"SMITH"}],"neow_cost":"NONE","seed_source_timestamp":107747268311219,"circlet_count":0,"master_deck":["AscendersBane","Defend_R","Defend_R","Defend_R","Evolve","Power Through","Shockwave","Body Slam+1","True Grit+1","Feel No Pain","Offering","Dual Wield+1","Shrug It Off+1","Seeing Red+1","Pummel"],"special_seed":0,"relics":["Burning Blood","Potion Belt","Orichalcum","Girya","Gambling Chip","StoneCalendar","Astrolabe","MutagenicStrength","Dodecahedron","Dead Branch"],"potions_floor_usage":[],"damage_taken":[{"damage":7.0,"enemies":"Cultist","floor":1.0,"turns":4.0},{"damage":10.0,"enemies":"2 Louse","floor":3.0,"turns":3.0},{"damage":4.0,"enemies":"Small Slimes","floor":5.0,"turns":4.0},{"damage":22.0,"enemies":"3 Sentries","floor":6.0,"turns":12.0},{"damage":13.0,"enemies":"Exordium Wildlife","floor":8.0,"turns":8.0},{"damage":15.0,"enemies":"Gremlin Nob","floor":12.0,"turns":5.0},{"damage":9.0,"enemies":"Red Slaver","floor":13.0,"turns":4.0},{"damage":1.0,"enemies":"3 Louse","floor":14.0,"turns":5.0},{"damage":12.0,"enemies":"Slime Boss","floor":16.0,"turns":7.0},{"damage":6.0,"enemies":"Spheric Guardian","floor":18.0,"turns":1.0},{"damage":18.0,"enemies":"2 Thieves","floor":20.0,"turns":4.0},{"damage":30,"enemies":"Book of Stabbing","floor":24,"turns":4},{"damage":0,"enemies":"Gremlin Leader","floor":27,"turns":1}],"seed_played":"-8470134682227765799","potions_obtained":[{"floor":3.0,"key":"Fire Potion"},{"floor":8.0,"key":"SpeedPotion"},{"floor":13.0,"key":"Strength Potion"},{"floor":16.0,"key":"Strength Potion"},{"floor":24,"key":"SmokeBomb"}],"is_trial":false,"path_per_floor":["M","T","M","$","M","E","R","M","T","R","?","E","M","M","R","B",null,"M","?","M","?","T","R","E","$","T","E"],"character_chosen":"IRONCLAD","items_purchased":["Evolve"],"campfire_rested":0,"item_purchase_floors":[4],"current_hp_per_floor":[67,67,63,63,65,49,49,42,42,42,42,33,30,35,35,29,64,64,64,52,52,52,52,28,28,28,28],"gold":157,"neow_bonus":"RANDOM_COMMON_RELIC","is_prod":false,"is_daily":false,"chose_seed":false,"campfire_upgraded":2,"win_rate":0,"timestamp":1555670864,"path_taken":["M","?","M","$","M","E","R","?","T","R","?","E","M","M","R","BOSS","M","?","?","?","?","R","E","$","T","E"],"build_version":"2019-04-04","purchased_purges":2,"victory":false,"max_hp_per_floor":[75,75,75,75,75,75,75,75,75,75,75,75,75,75,75,75,75,75,75,75,75,75,75,75,75,75,75],"card_choices":[{"not_picked":["Wild Strike","Cleave","Ghostly Armor"],"picked":"SKIP","floor":1.0},{"not_picked":["Cleave","Sever Soul","Sword Boomerang"],"picked":"SKIP","floor":3.0},{"not_picked":["Inflame","Wild Strike"],"picked":"Power Through","floor":5.0},{"not_picked":["Pommel Strike","Double Tap"],"picked":"Shockwave","floor":6.0},{"not_picked":["Infernal Blade","Rage","Anger"],"picked":"SKIP","floor":8.0},{"not_picked":["Battle Trance","Bloodletting"],"picked":"Body Slam","floor":12.0},{"not_picked":["Pummel","Shrug It Off"],"picked":"True Grit","floor":13.0},{"not_picked":["Clothesline","Wild Strike"],"picked":"Feel No Pain","floor":14.0},{"not_picked":["Feed","Dark Embrace"],"picked":"Offering","floor":16.0},{"not_picked":["Hemokinesis","Fire Breathing","Pommel Strike"],"picked":"SKIP","floor":18.0},{"not_picked":["Cleave","Inflame","Havoc"],"picked":"SKIP","floor":20.0},{"not_picked":["Blood for Blood","Iron Wave+1","Sentinel"],"picked":"SKIP","floor":24},{"not_picked":["Blood for Blood","Iron Wave+1","Sentinel"],"picked":"SKIP","floor":24}],"player_experience":3031729,"relics_obtained":[{"floor":2.0,"key":"Orichalcum"},{"floor":6.0,"key":"Girya"},{"floor":9.0,"key":"Gambling Chip"},{"floor":12.0,"key":"StoneCalendar"},{"floor":24,"key":"Dodecahedron"},{"floor":26,"key":"Dead Branch"}],"event_choices":[{"cards_removed":["Strike_R"],"damage_healed":0.0,"max_hp_gain":0.0,"max_hp_loss":0.0,"gold_gain":0.0,"event_name":"The Cleric","player_choice":"Card Removal","floor":11.0,"gold_loss":75.0,"damage_taken":0.0},{"damage_healed":0.0,"max_hp_gain":0.0,"max_hp_loss":0.0,"gold_gain":0.0,"cards_transformed":["Bash"],"event_name":"Transmorgrifier","player_choice":"Transformed","floor":19.0,"gold_loss":0.0,"damage_taken":0.0,"cards_obtained":["Pummel"]},{"damage_healed":0,"gold_gain":0,"player_choice":"Inject Mutagens","damage_taken":0,"relics_obtained":["MutagenicStrength"],"max_hp_gain":0,"max_hp_loss":0,"event_name":"Drug Dealer","floor":21,"gold_loss":0}],"is_beta":true,"boss_relics":[{"not_picked":["Sozu","Fusion Hammer"],"picked":"Astrolabe"}],"items_purged_floors":[4,25],"is_endless":false,"potions_floor_spawned":[3,8,13,16,24],"killed_by":"Gremlin Leader","ascension_level":20}