{"gold_per_floor":[114,31,47,47,47,47,80,80,80,5,5,15,43,122,122,195,195,206,131,131,141,159,159,175,175,257,0,16,32,32,52,52,126,126,137,54,54,70,70],"floor_reached":39,"playtime":1249,"items_purged":["Strike_G","Defend_G"],"score":828,"play_id":"f8c70d38-1326-478b-a49c-a8bac53d715d","local_time":"20190918205125","is_ascension_mode":true,"campfire_choices":[{"data":"Neutralize","floor":6.0,"key":"SMITH"},{"data":"Predator","floor":8.0,"key":"SMITH"},{"data":"Blade Dance","floor":15.0,"key":"SMITH"},{"floor":23,"key":"REST"},{"data":"Calculated Gamble","floor":30,"key":"SMITH"},{"data":"Footwork","floor":32,"key":"SMITH"}],"neow_cost":"NONE","seed_source_timestamp":701797687613821,"circlet_count":0,"master_deck":["AscendersBane","Defend_G","Defend_G","Defend_G","Survivor+1","Neutralize+1","Terror","Concentrate+1","PiercingWail","Blade Dance+1","Corpse Explosion","Footwork+1","Calculated Gamble+1","Deflect+1","Escape Plan+1","Footwork","Acrobatics"],"special_seed":0,"relics":["Ring of the Snake","NeowsBlessing","Dodecahedron","Shuriken","CloakClasp","Tiny Chest","Empty Cage","Ornamental Fan","Omamori","Runic Dome"],"potions_floor_usage":[16,24,24,29,33],"damage_taken":[{"damage":0.0,"enemies":"Cultist","floor":1.0,"turns":1.0},{"damage":0.0,"enemies":"2 Louse","floor":3.0,"turns":1.0},{"damage":0.0,"enemies":"Gremlin Nob","floor":7.0,"turns":1.0},{"damage":0.0,"enemies":"Small Slimes","floor":12.0,"turns":3.0},{"damage":32.0,"enemies":"3 Sentries","floor":13.0,"turns":11.0},{"damage":1,"enemies":"Hexaghost","floor":16,"turns":9},{"damage":19,"enemies":"Shell Parasite","floor":18,"turns":5},{"damage":3,"enemies":"Chosen","floor":21,"turns":4},{"damage":18,"enemies":"Shelled Parasite and Fungi","floor":22,"turns":8},{"damage":15,"enemies":"Sentry and Sphere","floor":24,"turns":7},{"damage":0,"enemies":"3 Cultists","floor":28,"turns":3},{"damage":0,"enemies":"Chosen and Byrds","floor":29,"turns":7},{"damage":0,"enemies":"Snecko","floor":31,"turns":7},{"damage":20,"enemies":"Champ","floor":33,"turns":16},{"damage":4,"enemies":"3 Shapes","floor":35,"turns":2},{"damage":27,"enemies":"3 Darklings","floor":38,"turns":4},{"damage":30,"enemies":"Maw","floor":39,"turns":9}],"seed_played":"2949481730419339062","potions_obtained":[{"floor":1.0,"key":"SteroidPotion"},{"floor":13.0,"key":"PowerPotion"},{"floor":16,"key":"SmokeBomb"},{"floor":18,"key":"GamblersBrew"},{"floor":22,"key":"EntropicBrew"},{"floor":24,"key":"Block Potion"},{"floor":29,"key":"Explosive Potion"},{"floor":35,"key":"PowerPotion"}],"is_trial":false,"path_per_floor":["M","$","M","?","?","R","E","R","T","$","?","M","E","T","R","B",null,"M","?","?","M","M","R","M","?","T","$","M","M","R","M","R","B",null,"M","$","?","M","M"],"character_chosen":"THE_SILENT","items_purchased":["Terror","Omamori","Footwork"],"campfire_rested":1,"item_purchase_floors":[2,27,36],"current_hp_per_floor":[59,59,59,64,64,64,64,64,64,64,43,43,11,11,11,10,56,37,37,37,34,16,37,22,22,22,22,22,22,22,22,22,2,54,50,50,50,23,0],"gold":70,"neow_bonus":"THREE_ENEMY_KILL","is_prod":false,"is_daily":false,"chose_seed":false,"campfire_upgraded":5,"win_rate":0,"timestamp":1568811085,"path_taken":["M","?","M","?","?","R","E","R","T","$","?","M","E","?","R","BOSS","M","?","?","?","M","R","M","?","T","$","M","M","R","M","R","BOSS","M","$","?","M","M"],"build_version":"2019-09-17","purchased_purges":2,"victory":false,"max_hp_per_floor":[66,66,66,71,71,71,71,71,71,71,71,71,71,71,71,71,71,71,71,71,71,71,71,71,71,71,71,71,71,71,71,71,71,71,71,71,71,71,71],"card_choices":[{"not_picked":["Dagger Throw","Masterful Stab","Slice"],"picked":"SKIP","floor":1.0},{"not_picked":["Deflect","Blade Dance","Accuracy"],"picked":"SKIP","floor":3.0},{"not_picked":["Finisher","Backflip"],"picked":"Predator","floor":7.0},{"not_picked":["Backflip","Quick Slash"],"picked":"PiercingWail","floor":12.0},{"not_picked":["Venomology","Acrobatics"],"picked":"Blade Dance","floor":13.0},{"not_picked":["Wraith Form v2","Envenom"],"picked":"Corpse Explosion","floor":16},{"not_picked":["Blade Dance+1","All Out Attack"],"picked":"Footwork","floor":18},{"not_picked":["Poisoned Stab","Choke+1","Crippling Poison"],"picked":"SKIP","floor":21},{"not_picked":["Sucker Punch","Leg Sweep","Dagger Spray+1"],"picked":"SKIP","floor":22},{"not_picked":["Deadly Poison","Outmaneuver"],"picked":"Calculated Gamble","floor":24},{"not_picked":["PiercingWail","Doppelganger"],"picked":"Deflect+1","floor":28},{"not_picked":["Predator","Eviscerate","Bouncing Flask"],"picked":"SKIP","floor":29},{"not_picked":["Concentrate","Dodge and Roll","Terror+1"],"picked":"SKIP","floor":31},{"not_picked":["Dagger Throw","Infinite Blades+1"],"picked":"Escape Plan+1","floor":35},{"not_picked":["PiercingWail+1","Dagger Spray"],"picked":"Acrobatics","floor":38}],"player_experience":842561,"relics_obtained":[{"floor":7.0,"key":"Dodecahedron"},{"floor":9.0,"key":"Shuriken"},{"floor":13.0,"key":"CloakClasp"},{"floor":14.0,"key":"Tiny Chest"},{"floor":26,"key":"Ornamental Fan"}],"event_choices":[{"damage_healed":0.0,"max_hp_gain":5.0,"max_hp_loss":0.0,"gold_gain":0.0,"event_name":"Big Fish","player_choice":"Donut","floor":4.0,"gold_loss":0.0,"damage_taken":0.0},{"damage_healed":0.0,"max_hp_gain":0.0,"max_hp_loss":0.0,"gold_gain":0.0,"cards_transformed":["Strike_G"],"event_name":"Living Wall","player_choice":"Change","floor":5.0,"gold_loss":0.0,"damage_taken":0.0,"cards_obtained":["Concentrate"]},{"damage_healed":0.0,"max_hp_gain":0.0,"max_hp_loss":0.0,"gold_gain":0.0,"event_name":"Shining Light","player_choice":"Entered Light","floor":11.0,"gold_loss":0.0,"damage_taken":21.0,"cards_upgraded":["Concentrate","Survivor"]},{"cards_removed":["Strike_G"],"damage_healed":0,"gold_gain":0,"player_choice":"Gave Gold","damage_taken":0,"max_hp_gain":0,"max_hp_loss":0,"event_name":"Beggar","floor":19,"gold_loss":75},{"damage_healed":0,"gold_gain":0,"player_choice":"Got Potions","damage_taken":0,"max_hp_gain":0,"max_hp_loss":0,"event_name":"Lab","floor":20,"gold_loss":0},{"cards_removed":["Defend_G"],"damage_healed":0,"gold_gain":0,"player_choice":"Elegance","damage_taken":0,"max_hp_gain":0,"max_hp_loss":0,"event_name":"Back to Basics","floor":25,"gold_loss":0},{"cards_removed":["Predator"],"damage_healed":0,"gold_gain":0,"player_choice":"Removed Attack","damage_taken":0,"max_hp_gain":0,"max_hp_loss":0,"event_name":"Falling","floor":37,"gold_loss":0}],"is_beta":true,"boss_relics":[{"not_picked":["SacredBark","HoveringKite"],"picked":"Empty Cage"},{"not_picked":["Sozu","Black Star"],"picked":"Runic Dome"}],"items_purged_floors":[10,27],"is_endless":false,"potions_floor_spawned":[1,13,16,18,22,24,29,35],"killed_by":"Maw","ascension_level":20}