{"gold_per_floor":[114,134,209,17,33,64,75,75,75,86,96,96,115,169,169,274,274,260,273,79,93,93],"floor_reached":22,"playtime":1969,"items_purged":["Strike_R","Strike_R"],"score":190,"play_id":"3fa3e55c-a763-44a5-818d-b1f7cbdf92b1","local_time":"20190910142640","is_ascension_mode":false,"campfire_choices":[{"data":"Armaments","floor":8,"key":"SMITH"},{"data":"Headbutt","floor":12,"key":"SMITH"},{"data":"Ghostly Armor","floor":15,"key":"SMITH"}],"neow_cost":"NONE","seed_source_timestamp":1019143686462225,"circlet_count":0,"master_deck":["Strike_R","Strike_R","Strike_R","Defend_R","Defend_R","Defend_R","Defend_R","Bash","Perfected Strike","Armaments+1","Body Slam","Inflame","Twin Strike","Ghostly Armor+1","Metallicize","Shockwave","Armaments","Headbutt+1","Flex","Demon Form","Flex","Shrug It Off","Rage","Shrug It Off","Metallicize"],"relics":["Burning Blood","Question Card","Shuriken","Blood Vial","Black Star"],"potions_floor_usage":[7,7,16,16,16,21,22],"damage_taken":[{"damage":6,"enemies":"Jaw Worm","floor":1,"turns":3},{"damage":5,"enemies":"Cultist","floor":2,"turns":4},{"damage":0,"enemies":"2 Louse","floor":5,"turns":3},{"damage":32,"enemies":"Gremlin Nob","floor":6,"turns":5},{"damage":13,"enemies":"Red Slaver","floor":7,"turns":5},{"damage":0,"enemies":"2 Fungi Beasts","floor":10,"turns":4},{"damage":8,"enemies":"3 Louse","floor":11,"turns":3},{"damage":4,"enemies":"Red Slaver","floor":13,"turns":3},{"damage":38,"enemies":"Hexaghost","floor":16,"turns":12},{"damage":15,"enemies":"2 Thieves","floor":18,"turns":5},{"damage":41,"enemies":"3 Byrds","floor":19,"turns":10},{"damage":9,"enemies":"Shelled Parasite and Fungi","floor":21,"turns":9},{"damage":45,"enemies":"Chosen and Byrds","floor":22,"turns":5}],"seed_played":"-220899861380219476","potions_obtained":[{"floor":2,"key":"BloodPotion"},{"floor":5,"key":"AttackPotion"},{"floor":10,"key":"Poison Potion"},{"floor":11,"key":"LiquidBronze"},{"floor":13,"key":"PowerPotion"},{"floor":16,"key":"SpeedPotion"},{"floor":18,"key":"LiquidBronze"},{"floor":21,"key":"Fire Potion"}],"is_trial":false,"path_per_floor":["M","M","?","$","M","E","M","R","T","M","M","R","M","T","R","B",null,"M","M","$","M","M"],"character_chosen":"IRONCLAD","items_purchased":["Inflame","Twin Strike","Rage","Shrug It Off"],"campfire_rested":0,"item_purchase_floors":[4,4,20,20],"current_hp_per_floor":[80,80,72,72,78,52,65,65,65,71,69,69,71,71,71,41,80,71,38,38,37,0],"gold":93,"neow_bonus":"THREE_CARDS","is_prod":false,"is_daily":false,"chose_seed":false,"campfire_upgraded":3,"win_rate":0.0,"timestamp":1568150800,"path_taken":["M","M","?","$","M","E","M","R","T","?","M","R","M","?","R","BOSS","M","M","?","M","M"],"build_version":"2019-07-17","purchased_purges":2,"victory":false,"max_hp_per_floor":[80,80,80,80,80,80,80,80,80,80,80,80,80,80,80,80,80,80,80,80,80,80],"card_choices":[{"not_picked":["Blood for Blood","Warcry"],"picked":"Perfected Strike","floor":0},{"not_picked":["Anger","Clothesline"],"picked":"Armaments","floor":1},{"not_picked":["Exhume","Rage"],"picked":"Body Slam","floor":2},{"not_picked":["Rampage","Sword Boomerang"],"picked":"Ghostly Armor","floor":5},{"not_picked":["Evolve","Perfected Strike"],"picked":"Metallicize","floor":6},{"not_picked":["Armaments","Dropkick","Anger"],"picked":"Shockwave","floor":7},{"not_picked":["Perfected Strike","Power Through","Spot Weakness"],"picked":"Armaments","floor":10},{"not_picked":["Fire Breathing","Heavy Blade","Dual Wield"],"picked":"Headbutt","floor":11},{"not_picked":["Rampage","Wild Strike","Cleave"],"picked":"Flex","floor":13},{"not_picked":["Offering","Dark Embrace","Barricade"],"picked":"Demon Form","floor":16},{"not_picked":["Seeing Red+1","Headbutt","True Grit+1"],"picked":"Flex","floor":18},{"not_picked":["Pommel Strike","Power Through","Sword Boomerang"],"picked":"Shrug It Off","floor":19},{"not_picked":["Perfected Strike+1","Headbutt","Sever Soul"],"picked":"Metallicize","floor":21}],"player_experience":512014,"relics_obtained":[{"floor":6,"key":"Question Card"},{"floor":9,"key":"Shuriken"},{"floor":14,"key":"Blood Vial"}],"event_choices":[{"damage_healed":0,"gold_gain":75,"player_choice":"Touch","damage_taken":8,"max_hp_gain":0,"max_hp_loss":0,"event_name":"FaceTrader","floor":3,"gold_loss":0}],"is_beta":false,"boss_relics":[{"not_picked":["Sozu","Cursed Key"],"picked":"Black Star"}],"items_purged_floors":[4,20],"is_endless":false,"potions_floor_spawned":[2,5,10,11,13,16,18,21],"killed_by":"Chosen and Byrds","ascension_level":0}