{"gold_per_floor":[115,125,125,140,140,140,166,166,166,200,220,145,163,183,183,258,258,276,81,54,54,71,71,71],"floor_reached":24,"playtime":844,"items_purged":["Strike_G"],"score":516,"play_id":"2ce24939-7ed5-4c24-8a3d-970a6e20a38e","local_time":"20190406182419","is_ascension_mode":true,"campfire_choices":[{"data":"All Out Attack","floor":6.0,"key":"SMITH"},{"data":"Bouncing Flask","floor":8.0,"key":"SMITH"},{"data":"Deadly Poison","floor":15.0,"key":"SMITH"},{"data":"Apotheosis","floor":23,"key":"SMITH"}],"neow_cost":"NONE","seed_source_timestamp":1415672693771991,"circlet_count":0,"master_deck":["AscendersBane","Defend_G","Defend_G","Defend_G","Defend_G","Defend_G","Strike_G","Strike_G","Strike_G","Survivor","Neutralize","Footwork","Footwork","All Out Attack+1","Bouncing Flask+1","Terror","Deadly Poison+1","Bullet Time","Noxious Fumes","Apotheosis+1","Acrobatics"],"special_seed":0,"relics":["Ring of the Snake","Pantograph","Art of War","Centennial Puzzle","Dodecahedron","Cursed Key"],"potions_floor_usage":[],"damage_taken":[{"damage":0.0,"enemies":"Small Slimes","floor":1.0,"turns":2.0},{"damage":1.0,"enemies":"2 Louse","floor":2.0,"turns":4.0},{"damage":1.0,"enemies":"Cultist","floor":4.0,"turns":5.0},{"damage":6.0,"enemies":"3 Sentries","floor":7.0,"turns":10.0},{"damage":20.0,"enemies":"Gremlin Nob","floor":10.0,"turns":5.0},{"damage":0.0,"enemies":"Looter","floor":11.0,"turns":4.0},{"damage":0.0,"enemies":"2 Fungi Beasts","floor":13.0,"turns":2.0},{"damage":0.0,"enemies":"Large Slime","floor":14.0,"turns":8.0},{"damage":0.0,"enemies":"The Guardian","floor":16.0,"turns":9.0},{"damage":3,"enemies":"Shell Parasite","floor":18,"turns":6},{"damage":9,"enemies":"2 Thieves","floor":20,"turns":4},{"damage":10,"enemies":"3 Cultists","floor":22,"turns":6},{"damage":46,"enemies":"Slavers","floor":24,"turns":3}],"seed_played":"2418069352920531000","potions_obtained":[{"floor":0.0,"key":"Strength Potion"},{"floor":0.0,"key":"Explosive Potion"},{"floor":2.0,"key":"GhostInAJar"},{"floor":11.0,"key":"FearPotion"},{"floor":13.0,"key":"SpeedPotion"},{"floor":14.0,"key":"Energy Potion"}],"is_trial":false,"path_per_floor":["M","M","?","M","?","R","E","R","T","E","M","$","M","M","R","B",null,"M","$","M","?","M","R","E"],"character_chosen":"THE_SILENT","items_purchased":["Apotheosis"],"campfire_rested":0,"item_purchase_floors":[19],"current_hp_per_floor":[59,58,53,52,52,52,46,46,46,26,26,26,26,26,26,51,62,59,59,50,50,40,40,0],"gold":71,"neow_bonus":"THREE_SMALL_POTIONS","is_prod":false,"is_daily":false,"chose_seed":false,"campfire_upgraded":4,"win_rate":0,"timestamp":1554546259,"path_taken":["M","M","?","M","?","R","E","R","T","E","M","$","M","?","R","BOSS","M","$","M","?","M","R","E"],"build_version":"2019-04-04","purchased_purges":1,"victory":false,"max_hp_per_floor":[66,66,66,66,66,66,66,66,66,66,66,66,66,66,66,66,66,66,66,66,66,66,66,66],"card_choices":[{"not_picked":["Infinite Blades","Finisher"],"picked":"Footwork","floor":1.0},{"not_picked":["Endless Agony","Riddle With Holes"],"picked":"Footwork","floor":2.0},{"not_picked":["Outmaneuver","Crippling Poison"],"picked":"All Out Attack","floor":4.0},{"not_picked":["Concentrate","Flechettes"],"picked":"Bouncing Flask","floor":7.0},{"not_picked":["Cloak And Dagger","Prepared"],"picked":"Terror","floor":10.0},{"not_picked":["Slice","Sucker Punch","Cloak And Dagger"],"picked":"SKIP","floor":11.0},{"not_picked":["Dash","Outmaneuver","Deflect"],"picked":"SKIP","floor":13.0},{"not_picked":["Flying Knee","Eviscerate"],"picked":"Deadly Poison","floor":14.0},{"not_picked":["Adrenaline","Doppelganger"],"picked":"Bullet Time","floor":16.0},{"not_picked":["Dodge and Roll","Underhanded Strike"],"picked":"Noxious Fumes","floor":18},{"not_picked":["Setup","Crippling Poison","Riddle With Holes"],"picked":"SKIP","floor":20},{"not_picked":["Heel Hook","Deadly Poison","Caltrops"],"picked":"SKIP","floor":22}],"player_experience":2998972,"relics_obtained":[{"floor":7.0,"key":"Art of War"},{"floor":9.0,"key":"Centennial Puzzle"},{"floor":10.0,"key":"Dodecahedron"}],"event_choices":[{"damage_healed":0.0,"max_hp_gain":0.0,"max_hp_loss":0.0,"gold_gain":0.0,"event_name":"Scrap Ooze","player_choice":"Success","floor":3.0,"gold_loss":0.0,"damage_taken":5.0,"relics_obtained":["Pantograph"]},{"cards_removed":["Strike_G"],"damage_healed":0.0,"max_hp_gain":0.0,"max_hp_loss":0.0,"gold_gain":0.0,"event_name":"Bonfire Elementals","player_choice":"Offered Basic","floor":5.0,"gold_loss":0.0,"damage_taken":0.0},{"damage_healed":0,"gold_gain":0,"player_choice":"Read","damage_taken":0,"max_hp_gain":0,"max_hp_loss":0,"event_name":"The Library","floor":21,"gold_loss":0,"cards_obtained":["Acrobatics"]}],"is_beta":true,"boss_relics":[{"not_picked":["Black Star","Orrery"],"picked":"Cursed Key"}],"items_purged_floors":[12],"is_endless":false,"potions_floor_spawned":[2,4,11,13,14],"killed_by":"Slavers","ascension_level":20}