{"gold_per_floor":[112,112,112,112,130,130,148,148,175,250,260,286,305,320,320,418,418,438,438,468,132,122,122,140,60,60,60,60,60,80,99,99,99],"floor_reached":33,"playtime":3255,"items_purged":[],"score":247,"play_id":"8f94f025-1a6c-4b73-947d-36b4e0e5fe2b","local_time":"20181227093401","is_ascension_mode":false,"campfire_choices":[{"data":"Intimidate","floor":6,"key":"SMITH"},{"floor":15,"key":"REST"},{"floor":23,"key":"REST"},{"floor":29,"key":"REST"},{"floor":32,"key":"REST"}],"neow_cost":"NONE","seed_source_timestamp":1966587773529,"circlet_count":0,"master_deck":["Strike_R","Strike_R","Strike_R","Strike_R","Strike_R","Defend_R","Defend_R","Defend_R","Defend_R","Bash","Perfected Strike","Intimidate+1","Rage","Anger","Battle Trance","Carnage","Impervious","Double Tap","Whirlwind","Thunderclap+1","Finesse","True Grit","Twin Strike","Armaments","Carnage","Decay","Dropkick","Flex"],"relics":["Burning Blood","Boot","Meat on the Bone","Pen Nib","Bronze Scales","Eternal Feather","Red Mask","Medical Kit","Oddly Smooth Stone"],"potions_floor_usage":[14,16,31],"damage_taken":[{"damage":5,"enemies":"Cultist","floor":1,"turns":4},{"damage":6,"enemies":"Jaw Worm","floor":5,"turns":3},{"damage":1,"enemies":"Small Slimes","floor":7,"turns":3},{"damage":6,"enemies":"2 Fungi Beasts","floor":11,"turns":4},{"damage":46,"enemies":"Gremlin Nob","floor":12,"turns":5},{"damage":12,"enemies":"Exordium Wildlife","floor":13,"turns":4},{"damage":5,"enemies":"3 Louse","floor":14,"turns":2},{"damage":59,"enemies":"The Guardian","floor":16,"turns":11},{"damage":25,"enemies":"Spheric Guardian","floor":18,"turns":4},{"damage":52,"enemies":"Masked Bandits","floor":20,"turns":5},{"damage":14,"enemies":"2 Thieves","floor":22,"turns":4},{"damage":33,"enemies":"Shelled Parasite and Fungi","floor":24,"turns":6},{"damage":49,"enemies":"Cultist and Chosen","floor":30,"turns":8},{"damage":23,"enemies":"Snake Plant","floor":31,"turns":3},{"damage":91,"enemies":"Automaton","floor":33,"turns":8}],"seed_played":"6179495555541323569","potions_obtained":[{"floor":12,"key":"FearPotion"},{"floor":13,"key":"Weak Potion"},{"floor":14,"key":"Energy Potion"},{"floor":16,"key":"Energy Potion"},{"floor":30,"key":"GamblersBrew"},{"floor":31,"key":"Poison Potion"}],"is_trial":false,"path_per_floor":["M","T","?","?","M","R","M","?","T","?","M","E","M","M","R","B",null,"M","?","?","$","M","R","M","$","T","?","$","R","M","M","R","B"],"character_chosen":"IRONCLAD","items_purchased":["Medical Kit","Finesse","True Grit","Carnage"],"campfire_rested":4,"item_purchase_floors":[21,21,21,25],"current_hp_per_floor":[80,80,77,77,77,77,80,80,80,69,69,41,47,48,72,31,80,61,61,27,27,31,67,52,52,52,52,52,80,49,44,80,0],"gold":99,"neow_bonus":"RANDOM_COMMON_RELIC","is_prod":false,"is_daily":false,"chose_seed":false,"campfire_upgraded":1,"win_rate":0.0,"timestamp":1545932041,"path_taken":["M","?","?","?","M","R","M","?","T","?","?","E","M","M","R","BOSS","M","?","?","$","M","R","M","?","T","?","$","R","M","?","R","BOSS"],"build_version":"2018-12-20","purchased_purges":0,"victory":false,"max_hp_per_floor":[80,80,80,80,80,80,80,80,80,80,80,80,80,80,80,80,80,80,80,80,80,80,80,80,80,80,80,80,80,80,80,80,80],"card_choices":[{"not_picked":["Warcry","Headbutt"],"picked":"Perfected Strike","floor":1},{"not_picked":["Iron Wave","Entrench"],"picked":"Intimidate","floor":5},{"not_picked":["Iron Wave","Inflame"],"picked":"Rage","floor":7},{"not_picked":["Warcry","Perfected Strike"],"picked":"Anger","floor":11},{"not_picked":["Power Through","Perfected Strike"],"picked":"Battle Trance","floor":12},{"not_picked":["Clothesline","Intimidate"],"picked":"Carnage","floor":13},{"not_picked":["Clothesline","True Grit"],"picked":"Impervious","floor":14},{"not_picked":["Impervious","Demon Form"],"picked":"Double Tap","floor":16},{"not_picked":["Clothesline","Body Slam+1"],"picked":"Whirlwind","floor":18},{"not_picked":["Spot Weakness","Clash+1"],"picked":"Thunderclap+1","floor":20},{"not_picked":["Clothesline+1","Burning Pact"],"picked":"Twin Strike","floor":22},{"not_picked":["Warcry+1","Body Slam"],"picked":"Armaments","floor":24},{"not_picked":["Bloodletting+1","Feel No Pain"],"picked":"Dropkick","floor":30},{"not_picked":["Clash","Disarm"],"picked":"Flex","floor":31}],"player_experience":23400,"relics_obtained":[{"floor":2,"key":"Meat on the Bone"},{"floor":9,"key":"Pen Nib"},{"floor":12,"key":"Bronze Scales"},{"floor":20,"key":"Red Mask"},{"floor":26,"key":"Oddly Smooth Stone"}],"event_choices":[{"damage_healed":0,"gold_gain":0,"player_choice":"Fled","damage_taken":3,"max_hp_gain":0,"max_hp_loss":0,"event_name":"Scrap Ooze","floor":3,"gold_loss":0},{"damage_healed":0,"gold_gain":0,"player_choice":"Ignored","damage_taken":0,"max_hp_gain":0,"max_hp_loss":0,"event_name":"Golden Wing","floor":4,"gold_loss":0},{"damage_healed":0,"gold_gain":0,"player_choice":"Ignored","damage_taken":0,"max_hp_gain":0,"max_hp_loss":0,"event_name":"Liars Game","floor":8,"gold_loss":0},{"damage_healed":0,"gold_gain":75,"player_choice":"Gather Gold","damage_taken":11,"max_hp_gain":0,"max_hp_loss":0,"event_name":"World of Goop","floor":10,"gold_loss":0},{"damage_healed":0,"gold_gain":0,"player_choice":"Fought Bandits","damage_taken":0,"max_hp_gain":0,"max_hp_loss":0,"event_name":"Masked Bandits","floor":20,"gold_loss":0},{"damage_healed":0,"gold_gain":0,"player_choice":"Smashed Altar","damage_taken":0,"max_hp_gain":0,"max_hp_loss":0,"event_name":"Forgotten Altar","floor":27,"gold_loss":0,"cards_obtained":["Decay"]}],"is_beta":false,"boss_relics":[{"not_picked":["Runic Cube","Runic Dome"],"picked":"Eternal Feather"}],"items_purged_floors":[],"is_endless":false,"potions_floor_spawned":[12,13,14,16,30,31],"killed_by":"Automaton","ascension_level":0}