{"gold_per_floor":[111,111,126,138,157,157,189,189,189,201,228,1,13,13,13,110,110,123,223,242,253,118,118,144,163,163,163],"floor_reached":27,"playtime":5358,"items_purged":["Strike_R","Strike_R"],"score":294,"play_id":"e8183a43-fa06-4dd6-8fc1-e5dcd5b6615c","local_time":"20190603205236","is_ascension_mode":true,"campfire_choices":[{"floor":6,"key":"RECALL"},{"data":"Bash","floor":8,"key":"SMITH"},{"data":"Armaments","floor":15,"key":"SMITH"},{"floor":23,"key":"DIG"}],"neow_cost":"NONE","seed_source_timestamp":0,"circlet_count":0,"master_deck":["Strike_R","Strike_R","Strike_R","Defend_R+1","Defend_R+1","Defend_R","Defend_R","Bash+1","True Grit+1","Carnage","Headbutt","Anger","Power Through","Flame Barrier","Spot Weakness","Heavy Blade","Armaments+1","Limit Break","Cleave","Armaments","Body Slam+1","Pommel Strike+1","Rampage","Havoc"],"special_seed":0,"relics":["Burning Blood","War Paint","Charon\u0027s Ashes","Matryoshka","Sozu","Shovel","Gremlin Horn","Oddly Smooth Stone","Sundial","Incense Burner","Art of War"],"potions_floor_usage":[7,13,16,16,18],"damage_taken":[{"damage":2.0,"enemies":"Jaw Worm","floor":1.0,"turns":4.0},{"damage":0.0,"enemies":"Cultist","floor":3.0,"turns":3.0},{"damage":0.0,"enemies":"2 Louse","floor":4.0,"turns":2.0},{"damage":11,"enemies":"Exordium Wildlife","floor":5,"turns":5},{"damage":9,"enemies":"Gremlin Nob","floor":7,"turns":3},{"damage":5,"enemies":"Blue Slaver","floor":10,"turns":3},{"damage":38,"enemies":"Lagavulin","floor":11,"turns":9},{"damage":4,"enemies":"Exordium Thugs","floor":13,"turns":6},{"damage":14,"enemies":"Slime Boss","floor":16,"turns":8},{"damage":8,"enemies":"Spheric Guardian","floor":18,"turns":5},{"damage":23,"enemies":"Colosseum Slavers","floor":19,"turns":4},{"damage":14,"enemies":"Colosseum Nobs","floor":19,"turns":6},{"damage":14,"enemies":"2 Thieves","floor":20,"turns":4},{"damage":13,"enemies":"Cultist and Chosen","floor":21,"turns":5},{"damage":26,"enemies":"Slavers","floor":24,"turns":6},{"damage":19,"enemies":"Snecko","floor":25,"turns":5},{"damage":12,"enemies":"Shelled Parasite and Fungi","floor":27,"turns":4}],"seed_played":"-4720040103664676432","potions_obtained":[{"floor":4.0,"key":"Strength Potion"},{"floor":11,"key":"AttackPotion"},{"floor":13,"key":"Fruit Juice"},{"floor":16,"key":"SpeedPotion"}],"is_trial":false,"path_per_floor":["M","?","M","M","M","R","E","R","T","M","E","$","M","$","R","B",null,"M","?","M","M","$","R","E","M","T","M"],"character_chosen":"IRONCLAD","items_purchased":["Spot Weakness","Heavy Blade","Explosive Potion","Rampage"],"campfire_rested":0,"item_purchase_floors":[12,12,12,22],"current_hp_per_floor":[80,80,80,80,75,75,72,72,72,73,41,41,48,48,48,40,85,83,58,50,43,43,43,23,10,10,0],"gold":163,"neow_bonus":"RANDOM_COMMON_RELIC","is_prod":false,"is_daily":false,"chose_seed":false,"campfire_upgraded":2,"win_rate":0,"timestamp":1559587956,"path_taken":["M","?","M","M","M","R","E","R","T","M","E","?","M","$","R","BOSS","M","?","M","M","$","R","E","M","T","M"],"build_version":"2019-01-23","purchased_purges":2,"victory":false,"max_hp_per_floor":[80,80,80,80,80,80,80,80,80,80,80,80,85,85,85,85,85,85,85,85,85,85,85,85,85,85,85],"card_choices":[{"not_picked":["Wild Strike","Headbutt"],"picked":"True Grit","floor":1.0},{"not_picked":["Power Through","Heavy Blade"],"picked":"Carnage","floor":3.0},{"not_picked":["Heavy Blade","Shockwave"],"picked":"Headbutt","floor":4.0},{"not_picked":["Offering","Twin Strike"],"picked":"Anger","floor":5},{"not_picked":["Battle Trance","Havoc"],"picked":"Power Through","floor":7},{"not_picked":["Body Slam","Sword Boomerang","Dual Wield"],"picked":"SKIP","floor":10},{"not_picked":["Intimidate","Clothesline"],"picked":"Flame Barrier","floor":11},{"not_picked":["Havoc","Iron Wave"],"picked":"Armaments","floor":13},{"not_picked":["Brutality","Impervious"],"picked":"Limit Break","floor":16},{"not_picked":["Body Slam","Twin Strike+1"],"picked":"Cleave","floor":18},{"not_picked":["Wild Strike","Second Wind+1"],"picked":"Armaments","floor":19},{"not_picked":["Heavy Blade+1","Thunderclap"],"picked":"Body Slam+1","floor":20},{"not_picked":["Wild Strike","Carnage"],"picked":"Pommel Strike+1","floor":21},{"not_picked":["Carnage","Exhume"],"picked":"Havoc","floor":24},{"not_picked":["Wild Strike","Heavy Blade","Hemokinesis+1"],"picked":"SKIP","floor":25}],"player_experience":351841,"relics_obtained":[{"floor":7,"key":"Charon\u0027s Ashes"},{"floor":11,"key":"Matryoshka"},{"floor":19,"key":"Shovel"},{"floor":19,"key":"Gremlin Horn"},{"floor":23,"key":"Oddly Smooth Stone"},{"floor":24,"key":"Sundial"},{"floor":26,"key":"Incense Burner"},{"floor":26,"key":"Art of War"}],"event_choices":[{"damage_healed":0.0,"max_hp_gain":0.0,"max_hp_loss":0.0,"gold_gain":0.0,"event_name":"Upgrade Shrine","player_choice":"Upgraded","floor":2.0,"gold_loss":0.0,"damage_taken":0.0,"cards_upgraded":["True Grit"]},{"damage_healed":0,"gold_gain":0,"player_choice":"Fight","damage_taken":0,"max_hp_gain":0,"max_hp_loss":0,"event_name":"Colosseum","floor":19,"gold_loss":0},{"damage_healed":0,"gold_gain":0,"player_choice":"Fought Nobs","damage_taken":0,"max_hp_gain":0,"max_hp_loss":0,"event_name":"Colosseum","floor":19,"gold_loss":0}],"is_beta":false,"boss_relics":[{"not_picked":["Astrolabe","Eternal Feather"],"picked":"Sozu"}],"items_purged_floors":[12,22],"is_endless":false,"potions_floor_spawned":[4,11,13,16,18,19,19],"killed_by":"Shelled Parasite and Fungi","ascension_level":4}