{"gold_per_floor":[112,129,147,297,297,297,309,340,364,364,364,397,411,440,440,518,518,537,548,548,563,583,583,617,617],"floor_reached":25,"playtime":1448,"items_purged":[],"score":697,"play_id":"91f1a1f1-b4c3-4d22-9bd8-8c7e768bc43b","local_time":"20190518200348","is_ascension_mode":true,"campfire_choices":[{"data":"Catalyst","floor":6.0,"key":"SMITH"},{"data":"Noxious Fumes","floor":11.0,"key":"SMITH"},{"data":"Cloak And Dagger","floor":15.0,"key":"SMITH"},{"floor":23,"key":"REST"}],"neow_cost":"NONE","seed_source_timestamp":3271661099676507,"circlet_count":0,"master_deck":["AscendersBane","Defend_G","Defend_G","Defend_G","Defend_G","Strike_G","Strike_G","Strike_G","Strike_G","Survivor","Neutralize","Backflip","Backflip","Backstab","Deadly Poison","Blur","After Image","Catalyst+1","Deadly Poison","Noxious Fumes+1","Calculated Gamble","Cloak And Dagger+1","Doubt","Dash","Bane","Corpse Explosion","Writhe","Shame","Injury","Bouncing Flask+1","Concentrate+1","Eviscerate","Bouncing Flask+1","Dodge and Roll+1","Backflip+1"],"special_seed":0,"relics":["Orrery","Bag of Marbles","Snake Skull","Lantern","Blood Vial","Calling Bell","PreservedInsect","Toxic Egg 2","Pocketwatch","Mercury Hourglass"],"potions_floor_usage":[21,21],"damage_taken":[{"damage":1.0,"enemies":"Small Slimes","floor":1.0,"turns":3.0},{"damage":0.0,"enemies":"2 Louse","floor":2.0,"turns":2.0},{"damage":0.0,"enemies":"Cultist","floor":3.0,"turns":4.0},{"damage":2.0,"enemies":"Exordium Wildlife","floor":7.0,"turns":6.0},{"damage":10.0,"enemies":"Gremlin Nob","floor":8.0,"turns":5.0},{"damage":0.0,"enemies":"Lagavulin","floor":12.0,"turns":6.0},{"damage":0.0,"enemies":"Exordium Thugs","floor":13.0,"turns":4.0},{"damage":1.0,"enemies":"3 Sentries","floor":14.0,"turns":7.0},{"damage":0.0,"enemies":"Slime Boss","floor":16.0,"turns":7.0},{"damage":10.0,"enemies":"Spheric Guardian","floor":18.0,"turns":6.0},{"damage":3.0,"enemies":"Chosen","floor":19.0,"turns":4.0},{"damage":19,"enemies":"Centurion and Healer","floor":21,"turns":3},{"damage":33,"enemies":"Cultist and Chosen","floor":22,"turns":6},{"damage":15,"enemies":"Book of Stabbing","floor":24,"turns":3},{"damage":16,"enemies":"Snake Plant","floor":25,"turns":1}],"seed_played":"4058703648475913673","potions_obtained":[{"floor":2.0,"key":"AttackPotion"},{"floor":3.0,"key":"Poison Potion"},{"floor":8.0,"key":"Ancient Potion"},{"floor":13.0,"key":"AttackPotion"},{"floor":18.0,"key":"FearPotion"},{"floor":19.0,"key":"PowerPotion"},{"floor":24,"key":"Energy Potion"}],"is_trial":false,"path_per_floor":["M","M","M","?","?","R","M","E","T","?","R","E","M","E","R","B",null,"M","M","?","M","M","R","E","M"],"character_chosen":"THE_SILENT","items_purchased":[],"campfire_rested":1,"item_purchase_floors":[],"current_hp_per_floor":[58,58,58,58,51,51,49,39,39,39,39,39,39,38,38,40,60,52,51,51,34,3,22,9,0],"gold":617,"neow_bonus":"BOSS_RELIC","is_prod":false,"is_daily":false,"chose_seed":false,"campfire_upgraded":3,"win_rate":0,"timestamp":1558235028,"path_taken":["M","M","M","?","?","R","M","E","T","?","R","E","M","E","R","BOSS","M","?","?","M","M","R","E","M"],"build_version":"2019-01-23","purchased_purges":0,"victory":false,"max_hp_per_floor":[66,66,66,66,66,66,66,66,66,66,66,66,66,66,66,66,66,66,66,66,66,66,66,66,66],"card_choices":[{"not_picked":["Poisoned Stab","Escape Plan"],"picked":"Backflip","floor":0.0},{"not_picked":["PiercingWail","Dodge and Roll"],"picked":"Backflip","floor":0.0},{"not_picked":["Outmaneuver","Poisoned Stab"],"picked":"Backstab","floor":0.0},{"not_picked":["Concentrate","Dagger Spray"],"picked":"Deadly Poison","floor":0.0},{"not_picked":["Sucker Punch","Dagger Spray"],"picked":"Blur","floor":0.0},{"not_picked":["Catalyst","Poisoned Stab"],"picked":"After Image","floor":1.0},{"not_picked":["PiercingWail","Escape Plan"],"picked":"Catalyst","floor":2.0},{"not_picked":["Sucker Punch","Quick Slash"],"picked":"Deadly Poison","floor":3.0},{"not_picked":["Dagger Spray","Dagger Throw","Slice"],"picked":"SKIP","floor":7.0},{"not_picked":["Blur","Well Laid Plans"],"picked":"Noxious Fumes","floor":8.0},{"not_picked":["Underhanded Strike","Reflex"],"picked":"Dash","floor":12.0},{"not_picked":["Endless Agony","Sucker Punch","Dagger Spray"],"picked":"SKIP","floor":13.0},{"not_picked":["Underhanded Strike","Dagger Throw"],"picked":"Bane","floor":14.0},{"not_picked":["Envenom","Unload"],"picked":"Corpse Explosion","floor":16.0},{"not_picked":["Well Laid Plans","Prepared+1"],"picked":"Bouncing Flask+1","floor":18.0},{"not_picked":["Deflect+1","Flying Knee"],"picked":"Concentrate+1","floor":19.0},{"not_picked":["Sucker Punch","Slice"],"picked":"Dodge and Roll+1","floor":21},{"not_picked":["Terror+1","Dagger Throw+1"],"picked":"Backflip+1","floor":22},{"not_picked":["Flechettes","Poisoned Stab","Endless Agony"],"picked":"SKIP","floor":24}],"player_experience":643010,"relics_obtained":[{"floor":8.0,"key":"Bag of Marbles"},{"floor":9.0,"key":"Snake Skull"},{"floor":12.0,"key":"Lantern"},{"floor":14.0,"key":"Blood Vial"},{"floor":17.0,"key":"PreservedInsect"},{"floor":17.0,"key":"Toxic Egg 2"},{"floor":17.0,"key":"Pocketwatch"},{"floor":24,"key":"Mercury Hourglass"}],"event_choices":[{"damage_healed":0.0,"max_hp_gain":0.0,"max_hp_loss":0.0,"gold_gain":150.0,"event_name":"Liars Game","player_choice":"AGREE","floor":4.0,"gold_loss":0.0,"damage_taken":0.0,"cards_obtained":["Doubt"]},{"cards_removed":["Doubt"],"damage_healed":0.0,"max_hp_gain":0.0,"max_hp_loss":0.0,"gold_gain":0.0,"event_name":"Golden Wing","player_choice":"Card Removal","floor":5.0,"gold_loss":0.0,"damage_taken":7.0},{"damage_healed":0.0,"max_hp_gain":0.0,"max_hp_loss":0.0,"gold_gain":0.0,"event_name":"Match and Keep!","player_choice":"3 cards matched","floor":10.0,"gold_loss":0.0,"damage_taken":0.0,"cards_obtained":["Calculated Gamble","Cloak And Dagger","Doubt"]},{"damage_healed":0.0,"max_hp_gain":0.0,"max_hp_loss":0.0,"gold_gain":0.0,"cards_transformed":["Strike_G","Defend_G"],"event_name":"Drug Dealer","player_choice":"Became Test Subject","floor":20.0,"gold_loss":0.0,"damage_taken":0.0,"cards_obtained":["Eviscerate","Bouncing Flask"]}],"is_beta":false,"boss_relics":[{"not_picked":["Tiny House","Lizard Tail"],"picked":"Calling Bell"}],"items_purged_floors":[],"is_endless":false,"potions_floor_spawned":[2,3,8,13,16,18,19,24],"killed_by":"Snake Plant","ascension_level":16}