{"gold_per_floor":[118,118,118,131,206,238,238,266,266,266,7,26,61,61],"floor_reached":14,"playtime":821,"items_purged":[],"score":127,"play_id":"d366612d-b983-4087-bae2-8af2be20942f","local_time":"20190604213932","is_ascension_mode":true,"campfire_choices":[{"data":"1","floor":7,"key":"LIFT"},{"data":"2","floor":10,"key":"LIFT"}],"neow_cost":"NONE","seed_source_timestamp":275893322589400,"circlet_count":0,"master_deck":["Strike_R","Strike_R","Strike_R","Strike_R","Strike_R","Defend_R","Defend_R","Defend_R","Defend_R","Bash+1","Iron Wave+1","Armaments","Bludgeon","Rampage","Headbutt"],"relics":["Burning Blood","Bird Faced Urn","Girya","Sundial","Paper Frog","PreservedInsect"],"potions_floor_usage":[6,13,14],"damage_taken":[{"damage":4,"enemies":"2 Louse","floor":1,"turns":3},{"damage":2,"enemies":"Jaw Worm","floor":4,"turns":3},{"damage":20,"enemies":"3 Sentries","floor":6,"turns":11},{"damage":24,"enemies":"Gremlin Nob","floor":8,"turns":4},{"damage":6,"enemies":"Small Slimes","floor":12,"turns":2},{"damage":30,"enemies":"Lagavulin","floor":13,"turns":5},{"damage":22,"enemies":"Exordium Thugs","floor":14,"turns":3}],"seed_played":"7772511431390984856","potions_obtained":[{"floor":4,"key":"EssenceOfSteel"},{"floor":12,"key":"SkillPotion"},{"floor":13,"key":"Block Potion"}],"is_trial":false,"path_per_floor":["M","?","?","M","?","E","R","E","T","R","$","M","E","M"],"character_chosen":"IRONCLAD","items_purchased":["Paper Frog"],"campfire_rested":0,"item_purchase_floors":[11],"current_hp_per_floor":[80,80,73,77,66,52,52,34,34,34,34,34,10,0],"gold":61,"neow_bonus":"UPGRADE_CARD","is_prod":false,"is_daily":false,"chose_seed":false,"campfire_upgraded":0,"win_rate":0,"timestamp":1559677172,"path_taken":["M","?","?","M","?","E","R","E","T","R","$","M","E","M"],"build_version":"2019-01-23","purchased_purges":0,"victory":false,"max_hp_per_floor":[80,80,80,80,80,80,80,80,80,80,80,80,80,80],"card_choices":[{"not_picked":["Flex","Havoc"],"picked":"Iron Wave","floor":1},{"not_picked":["Pummel","Uppercut"],"picked":"Armaments","floor":4},{"not_picked":["Armaments","Barricade"],"picked":"Bludgeon","floor":6},{"not_picked":["Shrug It Off","Thunderclap"],"picked":"Rampage","floor":8},{"not_picked":["Cleave","Evolve"],"picked":"Headbutt","floor":12},{"not_picked":["Barricade","Reaper","Clash"],"picked":"SKIP","floor":13}],"player_experience":367236,"relics_obtained":[{"floor":6,"key":"Girya"},{"floor":8,"key":"Sundial"},{"floor":13,"key":"PreservedInsect"}],"event_choices":[{"damage_healed":0,"gold_gain":0,"player_choice":"Grow","damage_taken":0,"max_hp_gain":0,"max_hp_loss":0,"event_name":"Living Wall","floor":2,"gold_loss":0,"cards_upgraded":["Iron Wave"]},{"damage_healed":0,"gold_gain":0,"player_choice":"Success","damage_taken":7,"relics_obtained":["Bird Faced Urn"],"max_hp_gain":0,"max_hp_loss":0,"event_name":"Scrap Ooze","floor":3,"gold_loss":0},{"damage_healed":0,"gold_gain":75,"player_choice":"Gather Gold","damage_taken":11,"max_hp_gain":0,"max_hp_loss":0,"event_name":"World of Goop","floor":5,"gold_loss":0}],"is_beta":false,"boss_relics":[],"items_purged_floors":[],"is_endless":false,"potions_floor_spawned":[4,12,13],"killed_by":"Exordium Thugs","ascension_level":4}