{"gold_per_floor":[116,128,142,142,142,181,161,161,161,161,179,57,57],"floor_reached":13,"playtime":490,"items_purged":[],"score":133,"play_id":"a5c19334-c37c-4795-8c68-f08e589072c3","local_time":"20190606051231","is_ascension_mode":true,"campfire_choices":[{"floor":8.0,"key":"REST"},{"floor":10.0,"key":"REST"}],"neow_cost":"NONE","seed_source_timestamp":174094502071100,"circlet_count":0,"master_deck":["AscendersBane","Defend_G","Defend_G","Defend_G","Defend_G","Defend_G","Strike_G","Strike_G","Strike_G","Strike_G","Survivor","Neutralize","A Thousand Cuts","Escape Plan","Backstab","Catalyst","Leg Sweep","Backflip","Footwork","Poisoned Stab"],"special_seed":0,"relics":["Ring of the Snake","Golden Idol","Darkstone Periapt","Tough Bandages","Blue Candle"],"potions_floor_usage":[11,11],"damage_taken":[{"damage":3.0,"enemies":"Jaw Worm","floor":1.0,"turns":4.0},{"damage":13.0,"enemies":"2 Louse","floor":2.0,"turns":4.0},{"damage":1.0,"enemies":"Small Slimes","floor":3.0,"turns":4.0},{"damage":39.0,"enemies":"3 Sentries","floor":6.0,"turns":11.0},{"damage":33,"enemies":"Gremlin Gang","floor":11,"turns":4},{"damage":19,"enemies":"Lagavulin","floor":13,"turns":5}],"seed_played":"-5983444850059172384","potions_obtained":[{"floor":1.0,"key":"Ancient Potion"},{"floor":3.0,"key":"FairyPotion"},{"floor":7.0,"key":"Fruit Juice"}],"is_trial":false,"path_per_floor":["M","M","M","?","?","E","?","R","T","R","M","$","E"],"character_chosen":"THE_SILENT","items_purchased":["Footwork","Poisoned Stab"],"campfire_rested":2,"item_purchase_floors":[12,12],"current_hp_per_floor":[60,47,46,46,39,6,6,25,25,44,16,16,0],"gold":57,"neow_bonus":"TRANSFORM_CARD","is_prod":false,"is_daily":false,"chose_seed":false,"campfire_upgraded":0,"win_rate":0,"timestamp":1559823151,"path_taken":["M","M","M","?","?","E","?","R","T","R","M","$","E"],"build_version":"2019-01-23","purchased_purges":0,"victory":false,"max_hp_per_floor":[70,70,70,65,65,65,65,65,65,65,70,70,70],"card_choices":[{"not_picked":["Outmaneuver","Backflip"],"picked":"Escape Plan","floor":1.0},{"not_picked":["Sucker Punch","Dodge and Roll"],"picked":"Backstab","floor":2.0},{"not_picked":["Dagger Throw","PiercingWail"],"picked":"Catalyst","floor":3.0},{"not_picked":["Outmaneuver","Backflip"],"picked":"Leg Sweep","floor":6.0},{"not_picked":["Outmaneuver","All Out Attack"],"picked":"Backflip","floor":11}],"player_experience":335407,"relics_obtained":[{"floor":6.0,"key":"Tough Bandages"},{"floor":9.0,"key":"Blue Candle"}],"event_choices":[{"damage_healed":0.0,"max_hp_gain":0.0,"max_hp_loss":5.0,"gold_gain":0.0,"event_name":"Golden Idol","player_choice":"Lose Max HP","floor":4.0,"gold_loss":0.0,"damage_taken":0.0,"relics_obtained":["Golden Idol"]},{"damage_healed":0.0,"max_hp_gain":0.0,"max_hp_loss":0.0,"gold_gain":0.0,"event_name":"Scrap Ooze","player_choice":"Success","floor":5.0,"gold_loss":0.0,"damage_taken":7.0,"relics_obtained":["Darkstone Periapt"]},{"damage_healed":0.0,"max_hp_gain":0.0,"max_hp_loss":0.0,"gold_gain":0.0,"event_name":"The Woman in Blue","player_choice":"Bought 1 Potion","floor":7.0,"gold_loss":0.0,"damage_taken":0.0}],"is_beta":false,"boss_relics":[],"items_purged_floors":[],"is_endless":false,"potions_floor_spawned":[1,3],"killed_by":"Lagavulin","ascension_level":12}