{"gold_per_floor":[113,113,113,113,42,55,73,85,111,59,59,59],"floor_reached":12,"playtime":1206,"items_purged":[],"score":68,"play_id":"4400e6a7-9961-49d1-9157-aeb768350e8d","local_time":"20181016235148","is_ascension_mode":false,"campfire_choices":[{"data":"Spot Weakness","floor":11,"key":"SMITH"}],"neow_cost":"NONE","seed_source_timestamp":426516025064498,"circlet_count":0,"master_deck":["Strike_R","Strike_R","Strike_R","Strike_R","Defend_R","Defend_R","Defend_R","Defend_R","Bash","Inflame+1","Spot Weakness+1","Second Wind","Fire Breathing","Shockwave","Armaments"],"relics":["Burning Blood","Dream Catcher"],"potions_floor_usage":[12],"damage_taken":[{"damage":11,"enemies":"Jaw Worm","floor":1,"turns":5},{"damage":4,"enemies":"2 Louse","floor":6,"turns":4},{"damage":1,"enemies":"Cultist","floor":7,"turns":4},{"damage":12,"enemies":"Looter","floor":8,"turns":4},{"damage":38,"enemies":"Lots of Slimes","floor":12,"turns":5}],"seed_played":"-3211056014101885460","potions_obtained":[{"floor":0,"key":"Fire Potion"},{"floor":0,"key":"SmokeBomb"},{"floor":0,"key":"FearPotion"},{"floor":7,"key":"EssenceOfSteel"}],"is_trial":false,"path_per_floor":["M","?","?","?","$","M","M","M","T","$","R"],"character_chosen":"IRONCLAD","items_purchased":["Spot Weakness","Armaments"],"campfire_rested":0,"item_purchase_floors":[5,10],"current_hp_per_floor":[75,80,80,80,80,82,85,79,79,79,79,41],"gold":59,"neow_bonus":"THREE_SMALL_POTIONS","is_prod":false,"is_daily":false,"chose_seed":false,"campfire_upgraded":1,"win_rate":0.0,"timestamp":1539726708,"path_taken":["M","?","?","?","$","?","M","M","T","$","R","M"],"build_version":"2018-10-11","purchased_purges":0,"victory":false,"max_hp_per_floor":[80,85,85,85,85,85,85,85,85,85,85,85],"card_choices":[{"not_picked":["Headbutt","Perfected Strike"],"picked":"Inflame","floor":1},{"not_picked":["Rampage","Rupture"],"picked":"Second Wind","floor":6},{"not_picked":["Perfected Strike","Sword Boomerang"],"picked":"Fire Breathing","floor":7},{"not_picked":["Inflame","Iron Wave"],"picked":"Shockwave","floor":8}],"player_experience":19625,"relics_obtained":[{"floor":9,"key":"Dream Catcher"}],"event_choices":[{"event_name":"Big Fish","player_choice":"Donut","floor":2,"damage_taken":0},{"event_name":"Accursed Blacksmith","player_choice":"Forge","floor":3,"damage_taken":0},{"event_name":"Bonfire Elementals","player_choice":"BASIC","floor":4,"damage_taken":0}],"is_beta":false,"boss_relics":[],"items_purged_floors":[],"is_endless":false,"potions_floor_spawned":[7],"killed_by":"Lots of Slimes","ascension_level":0}