{"gold_per_floor":[109,122,134,148,168,199,211,223,284,328,352,381,422,394,406,418],"floor_reached":16,"playtime":2387,"items_purged":[],"score":155,"play_id":"d47a3f19-5cda-4400-ab43-c8c43c13314f","local_time":"20190607232838","is_ascension_mode":true,"campfire_choices":[{"floor":7,"key":"REST"},{"floor":15,"key":"REST"}],"neow_cost":"NONE","seed_source_timestamp":36244533450400,"circlet_count":0,"master_deck":["Strike_R","Strike_R","Strike_R","Strike_R","Defend_R","Defend_R","Defend_R","Defend_R","Bash","Impervious","Rampage","Feel No Pain","Disarm","Armaments","Warcry","Metallicize","Battle Trance","Exhume"],"relics":["Burning Blood","MawBank","Singing Bowl","Regal Pillow"],"potions_floor_usage":[6,6,13,13,16],"damage_taken":[{"damage":16,"enemies":"Jaw Worm","floor":1,"turns":5},{"damage":1,"enemies":"Cultist","floor":2,"turns":4},{"damage":7,"enemies":"Small Slimes","floor":3,"turns":3},{"damage":17,"enemies":"Exordium Wildlife","floor":4,"turns":5},{"damage":14,"enemies":"Blue Slaver","floor":5,"turns":6},{"damage":32,"enemies":"Lagavulin","floor":6,"turns":10},{"damage":22,"enemies":"3 Sentries","floor":10,"turns":12},{"damage":13,"enemies":"Large Slime","floor":11,"turns":7},{"damage":11,"enemies":"Gremlin Gang","floor":12,"turns":11},{"damage":8,"enemies":"Lagavulin","floor":13,"turns":10},{"damage":67,"enemies":"Hexaghost","floor":16,"turns":18}],"seed_played":"6387797119413412794","potions_obtained":[{"floor":2,"key":"Strength Potion"},{"floor":3,"key":"EssenceOfSteel"},{"floor":10,"key":"Poison Potion"},{"floor":12,"key":"Dexterity Potion"},{"floor":14,"key":"Swift Potion"},{"floor":14,"key":"SmokeBomb"},{"floor":14,"key":"Ancient Potion"}],"is_trial":false,"path_per_floor":["M","M","M","M","M","E","R","?","T","E","M","M","E","?","R","B"],"character_chosen":"IRONCLAD","items_purchased":[],"campfire_rested":2,"item_purchase_floors":[],"current_hp_per_floor":[70,75,74,63,55,29,53,53,53,37,32,27,25,25,64,0],"gold":418,"neow_bonus":"ONE_RANDOM_RARE_CARD","is_prod":false,"is_daily":false,"chose_seed":false,"campfire_upgraded":0,"win_rate":0,"timestamp":1559942918,"path_taken":["M","M","M","M","M","E","R","?","T","E","M","?","E","?","R","BOSS"],"build_version":"2019-01-23","purchased_purges":0,"victory":false,"max_hp_per_floor":[80,80,80,80,80,80,80,80,80,80,82,82,82,82,82,82],"card_choices":[{"not_picked":["Thunderclap","Searing Blow"],"picked":"Rampage","floor":1},{"not_picked":["Cleave","Pommel Strike","Twin Strike"],"picked":"SKIP","floor":2},{"not_picked":["Sword Boomerang","Body Slam","Thunderclap"],"picked":"SKIP","floor":3},{"not_picked":["Bloodletting","Havoc"],"picked":"Feel No Pain","floor":4},{"not_picked":["Armaments","Blood for Blood"],"picked":"Disarm","floor":5},{"not_picked":["Dropkick","Pommel Strike"],"picked":"Armaments","floor":6},{"not_picked":["Impervious","Feel No Pain"],"picked":"Metallicize","floor":10},{"not_picked":["Flex","Sword Boomerang","Heavy Blade"],"picked":"Singing Bowl","floor":11},{"not_picked":["Sword Boomerang","Power Through"],"picked":"Battle Trance","floor":12},{"not_picked":["Infernal Blade","True Grit"],"picked":"Exhume","floor":13}],"player_experience":390097,"relics_obtained":[{"floor":6,"key":"MawBank"},{"floor":10,"key":"Singing Bowl"},{"floor":13,"key":"Regal Pillow"}],"event_choices":[{"damage_healed":0,"gold_gain":0,"cards_transformed":["Strike_R"],"player_choice":"Transformed","damage_taken":0,"max_hp_gain":0,"max_hp_loss":0,"event_name":"Transmorgrifier","floor":8,"gold_loss":0,"cards_obtained":["Warcry"]},{"damage_healed":0,"gold_gain":0,"player_choice":"Bought 3 Potions","damage_taken":0,"max_hp_gain":0,"max_hp_loss":0,"event_name":"The Woman in Blue","floor":14,"gold_loss":0}],"is_beta":false,"boss_relics":[],"items_purged_floors":[],"is_endless":false,"potions_floor_spawned":[2,3,10,12],"killed_by":"Hexaghost","ascension_level":5}