{"gold_per_floor":[110,123,73,73,2,2,29,29,56,68,68,68,101,122,122,122],"floor_reached":16,"playtime":1375,"items_purged":[],"score":119,"play_id":"c05eb689-1bea-4cb9-95e9-041bb4a3a09a","local_time":"20181024115215","is_ascension_mode":true,"campfire_choices":[{"data":"Bash","floor":6,"key":"SMITH"},{"data":"Shrug It Off","floor":12,"key":"SMITH"},{"floor":15,"key":"REST"}],"neow_cost":"NONE","seed_source_timestamp":535750040579630,"circlet_count":0,"master_deck":["Strike_R","Strike_R","Strike_R","Defend_R","Defend_R","Defend_R","Defend_R","Bash+1","Shrug It Off+1","Reaper","Battle Trance","Cleave","Heavy Blade","Injury","Armaments","Body Slam"],"relics":["Burning Blood","Girya","PreservedInsect","Golden Idol","WingedGreaves"],"potions_floor_usage":[7,14],"damage_taken":[{"damage":1,"enemies":"Cultist","floor":1,"turns":3},{"damage":6,"enemies":"2 Louse","floor":2,"turns":2},{"damage":48,"enemies":"3 Sentries","floor":7,"turns":13},{"damage":2,"enemies":"Jaw Worm","floor":10,"turns":5},{"damage":38,"enemies":"Lagavulin","floor":13,"turns":8},{"damage":0,"enemies":"Looter","floor":14,"turns":4},{"damage":57,"enemies":"Hexaghost","floor":16,"turns":11}],"seed_played":"-4192152294789213097","potions_obtained":[{"floor":1,"key":"SkillPotion"},{"floor":13,"key":"Energy Potion"},{"floor":14,"key":"Explosive Potion"}],"is_trial":false,"path_per_floor":["M","M","?","?","$","R","E","$","T","M","?","R","E","M","R"],"character_chosen":"IRONCLAD","items_purchased":["Battle Trance"],"campfire_rested":1,"item_purchase_floors":[5],"current_hp_per_floor":[80,80,80,73,73,73,45,45,45,49,49,49,17,27,51,0],"gold":122,"neow_bonus":"THREE_SMALL_POTIONS","is_prod":false,"is_daily":false,"chose_seed":false,"campfire_upgraded":2,"win_rate":0,"timestamp":1540374735,"path_taken":["M","?","?","?","$","R","E","?","T","M","?","R","E","M","R","BOSS"],"build_version":"2018-10-18","purchased_purges":0,"victory":false,"max_hp_per_floor":[80,80,80,80,80,80,80,80,80,80,80,80,80,80,80,80],"card_choices":[{"not_picked":["Clothesline","Cleave"],"picked":"Shrug It Off","floor":1},{"not_picked":["Headbutt","Clothesline"],"picked":"Reaper","floor":2},{"not_picked":["Pummel","Anger"],"picked":"Cleave","floor":7},{"not_picked":["Anger","Body Slam"],"picked":"Heavy Blade","floor":10},{"not_picked":["Heavy Blade","Berserk"],"picked":"Armaments","floor":13},{"not_picked":["Clash","Armaments"],"picked":"Body Slam","floor":14}],"player_experience":111803,"relics_obtained":[{"floor":7,"key":"Girya"},{"floor":9,"key":"PreservedInsect"},{"floor":13,"key":"WingedGreaves"}],"event_choices":[{"cards_removed":["Strike_R"],"damage_healed":0,"gold_gain":0,"player_choice":"Card Removal","damage_taken":0,"max_hp_gain":0,"max_hp_loss":0,"event_name":"The Cleric","floor":3,"gold_loss":50},{"cards_removed":["Strike_R"],"damage_healed":0,"gold_gain":0,"player_choice":"Card Removal","damage_taken":7,"max_hp_gain":0,"max_hp_loss":0,"event_name":"Golden Wing","floor":4,"gold_loss":0},{"damage_healed":0,"gold_gain":0,"player_choice":"Take Wound","damage_taken":0,"relics_obtained":["Golden Idol"],"max_hp_gain":0,"max_hp_loss":0,"event_name":"Golden Idol","floor":11,"gold_loss":0,"cards_obtained":["Injury"]}],"is_beta":false,"boss_relics":[],"items_purged_floors":[],"is_endless":false,"potions_floor_spawned":[1,13,14],"killed_by":"Hexaghost","ascension_level":2}