{"gold_per_floor":[115,132,143,143,163,163,188,188,188,206,0,19,90,121,121,226,226,246,279,279,127,142,142,173,22,47,72,72,90,104,116,116,116],"floor_reached":33,"playtime":7526,"items_purged":["Strike_R"],"score":356,"play_id":"996cb60a-03e0-43c6-873f-ca592724b958","local_time":"20190521215447","is_ascension_mode":true,"campfire_choices":[{"floor":6.0,"key":"RECALL"},{"data":"True Grit","floor":8.0,"key":"SMITH"},{"floor":15,"key":"REST"},{"data":"Shockwave","floor":23,"key":"SMITH"},{"floor":28,"key":"REST"},{"data":"Sentinel","floor":32,"key":"SMITH"}],"neow_cost":"NONE","seed_source_timestamp":0,"circlet_count":0,"master_deck":["Strike_R","Strike_R","Strike_R","Defend_R","Defend_R","Defend_R","Defend_R","Bash+1","Rampage","Ghostly Armor","Headbutt","True Grit+1","Feel No Pain","Headbutt","Bludgeon","Havoc+1","Shockwave+1","Immolate","Burning Pact","Sentinel+1","Combust","Ghostly Armor+1","Fiend Fire","Whirlwind","Uppercut+1"],"special_seed":0,"relics":["Burning Blood","Blood Vial","Dead Branch","Snecko Eye","Red Mask","Boot","Lantern","Smiling Mask","War Paint"],"potions_floor_usage":[14,16,27,27,27,33],"damage_taken":[{"damage":8.0,"enemies":"Jaw Worm","floor":1.0,"turns":4.0},{"damage":0.0,"enemies":"2 Louse","floor":2.0,"turns":2.0},{"damage":0.0,"enemies":"Cultist","floor":3.0,"turns":4.0},{"damage":10.0,"enemies":"Exordium Thugs","floor":5.0,"turns":5.0},{"damage":47.0,"enemies":"3 Sentries","floor":7.0,"turns":10.0},{"damage":0.0,"enemies":"3 Louse","floor":10.0,"turns":3.0},{"damage":13.0,"enemies":"Blue Slaver","floor":12.0,"turns":2.0},{"damage":35,"enemies":"Lagavulin","floor":14,"turns":5},{"damage":39,"enemies":"Slime Boss","floor":16,"turns":11},{"damage":7,"enemies":"Spheric Guardian","floor":18,"turns":4},{"damage":7,"enemies":"Masked Bandits","floor":19,"turns":5},{"damage":1,"enemies":"2 Thieves","floor":22,"turns":3},{"damage":63,"enemies":"Gremlin Leader","floor":24,"turns":7},{"damage":27,"enemies":"Book of Stabbing","floor":27,"turns":6},{"damage":11,"enemies":"Centurion and Healer","floor":29,"turns":4},{"damage":8,"enemies":"Cultist and Chosen","floor":30,"turns":4},{"damage":0,"enemies":"Snake Plant","floor":31,"turns":2},{"damage":72,"enemies":"Champ","floor":33,"turns":11}],"seed_played":"3403032599902658578","potions_obtained":[{"floor":1.0,"key":"LiquidBronze"},{"floor":3.0,"key":"EssenceOfSteel"},{"floor":5.0,"key":"Fruit Juice"},{"floor":12,"key":"Explosive Potion"},{"floor":16,"key":"Weak Potion"},{"floor":19,"key":"Strength Potion"},{"floor":27,"key":"Ancient Potion"},{"floor":31,"key":"BloodPotion"}],"is_trial":false,"path_per_floor":["M","M","M","?","M","R","E","R","T","M","$","M","?","E","R","B",null,"M","?","?","$","M","R","E","$","T","E","R","M","M","M","R","B"],"character_chosen":"IRONCLAD","items_purchased":["Bludgeon","Strength Potion","Combust","Lantern"],"campfire_rested":2,"item_purchase_floors":[11,11,21,25],"current_hp_per_floor":[86,88,88,88,84,84,48,48,48,56,56,51,51,24,51,20,93,92,92,92,92,93,93,36,36,36,17,44,41,41,49,49,0],"gold":116,"neow_bonus":"TEN_PERCENT_HP_BONUS","is_prod":false,"is_daily":false,"chose_seed":false,"campfire_upgraded":3,"win_rate":0,"timestamp":1558468487,"path_taken":["M","M","M","?","M","R","E","R","T","M","$","M","?","E","R","BOSS","M","?","?","$","M","R","E","$","T","E","R","M","?","M","R","BOSS"],"build_version":"2019-01-23","purchased_purges":1,"victory":false,"max_hp_per_floor":[88,88,88,88,88,88,93,93,93,93,93,93,93,93,93,93,93,93,93,93,93,93,93,93,93,93,93,93,93,93,93,93,93],"card_choices":[{"not_picked":["Heavy Blade","Thunderclap"],"picked":"Rampage","floor":1.0},{"not_picked":["Carnage","Searing Blow"],"picked":"Ghostly Armor","floor":2.0},{"not_picked":["Fire Breathing","Rupture"],"picked":"Headbutt","floor":3.0},{"not_picked":["Sword Boomerang","Hemokinesis"],"picked":"True Grit","floor":5.0},{"not_picked":["Twin Strike","Entrench"],"picked":"Feel No Pain","floor":7.0},{"not_picked":["Flex","Thunderclap"],"picked":"Headbutt","floor":10.0},{"not_picked":["Cleave","Seeing Red"],"picked":"Havoc","floor":12},{"not_picked":["Thunderclap","Clash"],"picked":"Shockwave","floor":14},{"not_picked":["Exhume","Impervious"],"picked":"Immolate","floor":16},{"not_picked":["Seeing Red","Wild Strike"],"picked":"Burning Pact","floor":18},{"not_picked":["Battle Trance","Havoc+1"],"picked":"Sentinel","floor":19},{"not_picked":["Headbutt+1","Armaments"],"picked":"Ghostly Armor","floor":22},{"not_picked":["Iron Wave","Havoc"],"picked":"Fiend Fire","floor":24},{"not_picked":["Wild Strike","Hemokinesis"],"picked":"Whirlwind","floor":27},{"not_picked":["Perfected Strike","Wild Strike","Battle Trance+1"],"picked":"SKIP","floor":29},{"not_picked":["Iron Wave","Pummel+1","Havoc+1"],"picked":"SKIP","floor":30},{"not_picked":["Headbutt","Thunderclap"],"picked":"Uppercut+1","floor":31}],"player_experience":324817,"relics_obtained":[{"floor":7.0,"key":"Blood Vial"},{"floor":14,"key":"Dead Branch"},{"floor":19,"key":"Red Mask"},{"floor":24,"key":"Boot"},{"floor":26,"key":"Smiling Mask"},{"floor":27,"key":"War Paint"}],"event_choices":[{"damage_healed":0.0,"max_hp_gain":0.0,"max_hp_loss":0.0,"gold_gain":0.0,"event_name":"Living Wall","player_choice":"Grow","floor":4.0,"gold_loss":0.0,"damage_taken":0.0,"cards_upgraded":["Bash"]},{"damage_healed":0,"gold_gain":71,"player_choice":"Gained Gold","damage_taken":0,"max_hp_gain":0,"max_hp_loss":0,"event_name":"Golden Wing","floor":13,"gold_loss":0},{"damage_healed":0,"gold_gain":0,"player_choice":"Fought Bandits","damage_taken":0,"max_hp_gain":0,"max_hp_loss":0,"event_name":"Masked Bandits","floor":19,"gold_loss":0},{"cards_removed":["Strike_R"],"damage_healed":0,"gold_gain":0,"player_choice":"Purged","damage_taken":0,"max_hp_gain":0,"max_hp_loss":0,"event_name":"Purifier","floor":20,"gold_loss":0}],"is_beta":false,"boss_relics":[{"not_picked":["Cursed Key","Velvet Choker"],"picked":"Snecko Eye"}],"items_purged_floors":[21],"is_endless":false,"potions_floor_spawned":[1,3,5,12,16,19,24,27,31],"killed_by":"Champ","ascension_level":4}