{"gold_per_floor":[118,118,134,15,15,42,42,74,74,38,38,52,66,84,84,183,183,193,193,210,16,28,55,55,55],"floor_reached":25,"playtime":896,"items_purged":[],"score":289,"play_id":"e5a5d27b-ef01-48f8-a7ac-29104498b103","local_time":"20190524133427","is_ascension_mode":true,"campfire_choices":[{"data":"Armaments","floor":7.0,"key":"SMITH"},{"data":"Entrench","floor":11.0,"key":"SMITH"},{"floor":15.0,"key":"REST"},{"data":"Barricade","floor":24,"key":"SMITH"}],"neow_cost":"NONE","seed_source_timestamp":0,"circlet_count":0,"master_deck":["Strike_R+1","Strike_R+1","Strike_R+1","Strike_R","Defend_R","Defend_R","Defend_R","Defend_R","Bash","Cleave+1","Shrug It Off","Armaments+1","Entrench+1","Metallicize","Ghostly Armor+1","Infernal Blade+1","Twin Strike","Barricade+1","Seeing Red+1","The Bomb+1","Shockwave+1","Sentinel+1"],"special_seed":0,"relics":["Burning Blood","Whetstone","Mercury Hourglass","Matryoshka","Toxic Egg 2","Meat on the Bone","Runic Dome","FaceOfCleric","Red Skull"],"potions_floor_usage":[23],"damage_taken":[{"damage":7.0,"enemies":"Jaw Worm","floor":1.0,"turns":3.0},{"damage":0.0,"enemies":"Small Slimes","floor":3.0,"turns":2.0},{"damage":35.0,"enemies":"3 Sentries","floor":6.0,"turns":6.0},{"damage":8.0,"enemies":"Gremlin Nob","floor":8.0,"turns":4.0},{"damage":0.0,"enemies":"Cultist","floor":12.0,"turns":3.0},{"damage":14.0,"enemies":"Large Slime","floor":13.0,"turns":6.0},{"damage":2.0,"enemies":"Red Slaver","floor":14.0,"turns":3.0},{"damage":64.0,"enemies":"Hexaghost","floor":16.0,"turns":14.0},{"damage":0.0,"enemies":"Spheric Guardian","floor":18.0,"turns":8.0},{"damage":29.0,"enemies":"2 Thieves","floor":20.0,"turns":4.0},{"damage":0.0,"enemies":"Sentry and Sphere","floor":22.0,"turns":3.0},{"damage":42,"enemies":"Book of Stabbing","floor":23,"turns":7},{"damage":42,"enemies":"Gremlin Leader","floor":25,"turns":2}],"seed_played":"-6110583260018517002","potions_obtained":[{"floor":1.0,"key":"Block Potion"},{"floor":6.0,"key":"LiquidBronze"},{"floor":12.0,"key":"FearPotion"},{"floor":16.0,"key":"SpeedPotion"},{"floor":20.0,"key":"Ancient Potion"}],"is_trial":false,"path_per_floor":["M","?","M","$","?","E","R","E","T","$","R","M","M","M","R","B",null,"M","?","M","$","M","E","R","E"],"character_chosen":"IRONCLAD","items_purchased":["Shrug It Off","Armaments","AttackPotion","Metallicize","The Bomb+1"],"campfire_rested":1,"item_purchase_floors":[4,4,4,10,21],"current_hp_per_floor":[79,63,69,69,69,40,40,38,38,38,38,56,48,52,76,30,68,74,74,52,52,59,36,36,0],"gold":55,"neow_bonus":"RANDOM_COMMON_RELIC","is_prod":false,"is_daily":false,"chose_seed":false,"campfire_upgraded":3,"win_rate":0,"timestamp":1558697667,"path_taken":["M","?","M","$","?","E","R","E","T","$","R","M","?","M","R","BOSS","M","?","M","$","?","E","R","E"],"build_version":"2019-05-07","purchased_purges":0,"victory":false,"max_hp_per_floor":[80,80,80,80,80,80,80,80,80,80,80,80,80,80,80,80,80,80,80,81,81,82,83,83,83],"card_choices":[{"not_picked":["Evolve","Combust"],"picked":"Cleave","floor":1.0},{"not_picked":["True Grit","Warcry","Seeing Red"],"picked":"SKIP","floor":3.0},{"not_picked":["Shrug It Off","Cleave","Uppercut"],"picked":"SKIP","floor":6.0},{"not_picked":["Perfected Strike","Headbutt"],"picked":"Entrench","floor":8.0},{"not_picked":["Disarm+1","Berserk"],"picked":"Ghostly Armor+1","floor":12.0},{"not_picked":["Fire Breathing","Rampage"],"picked":"Infernal Blade+1","floor":13.0},{"not_picked":["Sword Boomerang","Blood for Blood"],"picked":"Twin Strike","floor":14.0},{"not_picked":["Immolate","Reaper"],"picked":"Barricade","floor":16.0},{"not_picked":["Heavy Blade+1","Cleave"],"picked":"Seeing Red+1","floor":18.0},{"not_picked":["Anger","Clash","Havoc+1"],"picked":"SKIP","floor":20.0},{"not_picked":["Clash","Battle Trance+1"],"picked":"Shockwave+1","floor":22.0},{"not_picked":["Sword Boomerang","Heavy Blade"],"picked":"Sentinel+1","floor":23}],"player_experience":343289,"relics_obtained":[{"floor":6.0,"key":"Mercury Hourglass"},{"floor":8.0,"key":"Matryoshka"},{"floor":9.0,"key":"Toxic Egg 2"},{"floor":9.0,"key":"Meat on the Bone"},{"floor":23,"key":"Red Skull"}],"event_choices":[{"damage_healed":0.0,"max_hp_gain":0.0,"max_hp_loss":0.0,"gold_gain":0.0,"event_name":"Shining Light","player_choice":"Entered Light","floor":2.0,"gold_loss":0.0,"damage_taken":16.0,"cards_upgraded":["Strike_R","Cleave"]},{"cards_removed":["Strike_R"],"damage_healed":0.0,"max_hp_gain":0.0,"max_hp_loss":0.0,"gold_gain":0.0,"event_name":"Bonfire Elementals","player_choice":"Offered Basic","floor":5.0,"gold_loss":0.0,"damage_taken":0.0},{"damage_healed":0.0,"max_hp_gain":0.0,"max_hp_loss":0.0,"gold_gain":0.0,"event_name":"FaceTrader","player_choice":"Trade","floor":19.0,"gold_loss":0.0,"damage_taken":0.0,"relics_obtained":["FaceOfCleric"]}],"is_beta":true,"boss_relics":[{"not_picked":["Busted Crown","Runic Cube"],"picked":"Runic Dome"}],"items_purged_floors":[],"is_endless":false,"potions_floor_spawned":[1,6,12,16,20],"killed_by":"Gremlin Leader","ascension_level":5}