{"gold_per_floor":[112,112,37,37,13,46,8,8,61,91,109,129,144,164,164,267,267,280,205,217,236,255,255,255,270,270,270,211,221,233,233,233,337,337,354,454,176,188,188,213,227,227,227,239,239,239,239,26,26,26,26,26,26,55,55],"floor_reached":55,"playtime":4539,"items_purged":["Regret"],"score":1185,"play_id":"f29f8f97-f21f-49b7-8113-a32db95cd793","local_time":"20190516153005","is_ascension_mode":true,"campfire_choices":[{"data":"Neutralize","floor":8.0,"key":"SMITH"},{"data":"Deadly Poison","floor":15.0,"key":"SMITH"},{"data":"After Image","floor":23.0,"key":"SMITH"},{"floor":27.0,"key":"REST"},{"data":"Footwork","floor":32.0,"key":"SMITH"},{"data":"Apotheosis","floor":42.0,"key":"SMITH"},{"floor":45.0,"key":"RECALL"},{"data":"Envenom","floor":47.0,"key":"SMITH"},{"data":"Caltrops","floor":49.0,"key":"SMITH"},{"data":"Adrenaline","floor":52.0,"key":"SMITH"}],"neow_cost":"NONE","seed_source_timestamp":3079315365827280,"circlet_count":0,"master_deck":["AscendersBane","Defend_G","Defend_G","Defend_G","Defend_G","Survivor+1","Neutralize+1","Dodge and Roll","PiercingWail","After Image+1","Well Laid Plans","Deadly Poison+1","Backflip","Adrenaline+1","Caltrops+1","Escape Plan+1","PiercingWail","Footwork+1","Cloak And Dagger","Dagger Throw","Bite","Bite","Bite","Bite","Bite","Corpse Explosion","Concentrate","Apotheosis+1","Blur","Madness","Madness","Cloak And Dagger+1","Backflip+1","Envenom+1","Flash of Steel","Discovery","Caltrops+1"],"special_seed":0,"relics":["Ring of the Snake","NeowsBlessing","The Specimen","Strawberry","The Courier","Runic Pyramid","Mango","Sozu","Unceasing Top","Bronze Scales","Ninja Scroll","Meat on the Bone","Mercury Hourglass"],"potions_floor_usage":[],"damage_taken":[{"damage":0.0,"enemies":"Jaw Worm","floor":1.0,"turns":1.0},{"damage":0.0,"enemies":"Lagavulin","floor":6.0,"turns":1.0},{"damage":0.0,"enemies":"Gremlin Nob","floor":10.0,"turns":1.0},{"damage":0.0,"enemies":"2 Louse","floor":11.0,"turns":4.0},{"damage":0.0,"enemies":"Cultist","floor":12.0,"turns":4.0},{"damage":0.0,"enemies":"3 Louse","floor":13.0,"turns":6.0},{"damage":0.0,"enemies":"Blue Slaver","floor":14.0,"turns":6.0},{"damage":14.0,"enemies":"The Guardian","floor":16.0,"turns":14.0},{"damage":0.0,"enemies":"Shell Parasite","floor":18.0,"turns":9.0},{"damage":0.0,"enemies":"3 Byrds","floor":20.0,"turns":8.0},{"damage":11.0,"enemies":"Shelled Parasite and Fungi","floor":21.0,"turns":6.0},{"damage":21.0,"enemies":"Snecko","floor":22.0,"turns":7.0},{"damage":10.0,"enemies":"Cultist and Chosen","floor":25.0,"turns":8.0},{"damage":1.0,"enemies":"Snake Plant","floor":29.0,"turns":6.0},{"damage":9.0,"enemies":"Shelled Parasite and Fungi","floor":30.0,"turns":5.0},{"damage":78.0,"enemies":"Automaton","floor":33.0,"turns":19.0},{"damage":4.0,"enemies":"3 Darklings","floor":35.0,"turns":4.0},{"damage":10.0,"enemies":"Mind Bloom Boss Battle","floor":36.0,"turns":12.0},{"damage":0.0,"enemies":"3 Shapes","floor":38.0,"turns":5.0},{"damage":52.0,"enemies":"Giant Head","floor":40.0,"turns":13.0},{"damage":0.0,"enemies":"Writhing Mass","floor":41.0,"turns":7.0},{"damage":0.0,"enemies":"Maw","floor":44.0,"turns":9.0},{"damage":17.0,"enemies":"Donu and Deca","floor":50.0,"turns":8.0},{"damage":56.0,"enemies":"Shield and Spear","floor":54.0,"turns":8.0},{"damage":49,"enemies":"The Heart","floor":55,"turns":2}],"seed_played":"4310757928765579125","potions_obtained":[{"floor":12.0,"key":"Energy Potion"},{"floor":13.0,"key":"Weak Potion"},{"floor":18.0,"key":"SkillPotion"},{"floor":25.0,"key":"Energy Potion"}],"is_trial":false,"path_per_floor":["M","?","$","?","$","E","$","R","T","E","M","M","M","M","R","B",null,"M","?","M","M","M","R","?","M","T","R","$","M","M","?","R","B",null,"M","?","$","M","?","E","M","R","T","M","R","?","R","$","R","B",null,"R","$","E","B"],"character_chosen":"THE_SILENT","items_purchased":["PiercingWail","Well Laid Plans","Footwork","Apotheosis","Bronze Scales","Flash of Steel","Discovery","Caltrops"],"campfire_rested":1,"item_purchase_floors":[5,7,28,37,37,48,48,48],"current_hp_per_floor":[63,63,63,49,49,56,56,56,56,56,56,56,56,56,56,42,68,68,68,68,57,36,36,22,12,26,54,54,53,44,44,44,8,52,54,67,67,67,59,32,49,49,49,67,67,67,67,67,67,67,67,67,67,34,0],"gold":55,"neow_bonus":"THREE_ENEMY_KILL","is_prod":false,"is_daily":false,"chose_seed":false,"campfire_upgraded":8,"win_rate":0,"timestamp":1558045805,"path_taken":["M","?","$","?","$","E","?","R","T","E","M","M","M","?","R","BOSS","M","?","M","M","M","R","?","M","T","R","?","M","M","?","R","BOSS","M","?","$","M","?","E","M","R","T","M","R","?","R","$","R","BOSS","R","$","E","BOSS"],"build_version":"2019-01-23","purchased_purges":1,"victory":false,"max_hp_per_floor":[70,70,70,70,70,77,77,77,77,77,77,77,77,77,77,77,77,77,77,77,77,77,77,82,82,96,96,96,96,96,67,67,67,67,67,67,67,67,67,67,67,67,67,67,67,67,67,67,67,67,67,67,67,67,67],"card_choices":[{"not_picked":["Dagger Throw","Blade Dance"],"picked":"Dodge and Roll","floor":1.0},{"not_picked":["Blade Dance","Leg Sweep"],"picked":"After Image","floor":6.0},{"not_picked":["Dagger Throw","Setup","Blade Dance"],"picked":"SKIP","floor":10.0},{"not_picked":["Finisher","Setup","Bane"],"picked":"SKIP","floor":11.0},{"not_picked":["Dodge and Roll","Deflect"],"picked":"Deadly Poison","floor":12.0},{"not_picked":["Masterful Stab","Poisoned Stab"],"picked":"Backflip","floor":13.0},{"not_picked":["Dagger Spray","Underhanded Strike","Poisoned Stab"],"picked":"SKIP","floor":14.0},{"not_picked":["Tools of the Trade","Doppelganger"],"picked":"Adrenaline","floor":16.0},{"not_picked":["Flechettes","Outmaneuver","Underhanded Strike"],"picked":"SKIP","floor":18.0},{"not_picked":["Acrobatics","Deflect+1"],"picked":"Caltrops+1","floor":20.0},{"not_picked":["Infinite Blades","Acrobatics"],"picked":"Escape Plan+1","floor":21.0},{"not_picked":["Poisoned Stab","Deflect","Endless Agony"],"picked":"SKIP","floor":22.0},{"not_picked":["Slice","Sucker Punch+1"],"picked":"PiercingWail","floor":25.0},{"not_picked":["Acrobatics","Blade Dance"],"picked":"Cloak And Dagger","floor":29.0},{"not_picked":["Flying Knee","Heel Hook"],"picked":"Dagger Throw","floor":30.0},{"not_picked":["Tools of the Trade","A Thousand Cuts"],"picked":"Corpse Explosion","floor":33.0},{"not_picked":["Crippling Poison+1","Deflect"],"picked":"Concentrate","floor":35.0},{"not_picked":["Poisoned Stab+1","Backflip"],"picked":"Blur","floor":38.0},{"not_picked":["Calculated Gamble","Well Laid Plans"],"picked":"Cloak And Dagger+1","floor":40.0},{"not_picked":["Dagger Spray","Slice"],"picked":"Backflip+1","floor":41.0},{"not_picked":["Crippling Poison","Dodge and Roll+1"],"picked":"Envenom","floor":44.0},{"not_picked":["Masterful Stab+1","Cloak And Dagger","Deflect+1"],"picked":"SKIP","floor":54.0}],"player_experience":593521,"relics_obtained":[{"floor":6.0,"key":"Strawberry"},{"floor":10.0,"key":"The Courier"},{"floor":26.0,"key":"Mango"},{"floor":36.0,"key":"Unceasing Top"},{"floor":40.0,"key":"Ninja Scroll"},{"floor":43.0,"key":"Meat on the Bone"},{"floor":54.0,"key":"Mercury Hourglass"}],"event_choices":[{"damage_healed":0.0,"max_hp_gain":0.0,"max_hp_loss":0.0,"gold_gain":0.0,"event_name":"Big Fish","player_choice":"Box","floor":2.0,"gold_loss":0.0,"damage_taken":0.0,"relics_obtained":["The Specimen"],"cards_obtained":["Regret"]},{"damage_healed":0.0,"max_hp_gain":0.0,"max_hp_loss":0.0,"gold_gain":0.0,"event_name":"Shining Light","player_choice":"Entered Light","floor":4.0,"gold_loss":0.0,"damage_taken":14.0,"cards_upgraded":["Strike_G","Survivor"]},{"cards_removed":["Defend_G"],"damage_healed":0.0,"max_hp_gain":0.0,"max_hp_loss":0.0,"gold_gain":0.0,"event_name":"Beggar","player_choice":"Gave Gold","floor":19.0,"gold_loss":75.0,"damage_taken":0.0},{"damage_healed":0.0,"max_hp_gain":5.0,"max_hp_loss":0.0,"gold_gain":0.0,"event_name":"Forgotten Altar","player_choice":"Shed Blood","floor":24.0,"gold_loss":0.0,"damage_taken":19.0},{"damage_healed":0.0,"max_hp_gain":0.0,"max_hp_loss":29.0,"gold_gain":0.0,"event_name":"Vampires","player_choice":"Became a vampire","floor":31.0,"gold_loss":0.0,"damage_taken":0.0,"cards_obtained":["Bite","Bite","Bite","Bite","Bite"]},{"damage_healed":0.0,"max_hp_gain":0.0,"max_hp_loss":0.0,"gold_gain":0.0,"event_name":"MindBloom","player_choice":"Fight","floor":36.0,"gold_loss":0.0,"damage_taken":0.0},{"damage_healed":0.0,"max_hp_gain":0.0,"max_hp_loss":0.0,"gold_gain":0.0,"event_name":"Winding Halls","player_choice":"Embrace Madness","floor":39.0,"gold_loss":0.0,"damage_taken":8.0,"cards_obtained":["Madness","Madness"]},{"damage_healed":0.0,"max_hp_gain":0.0,"max_hp_loss":0.0,"gold_gain":0.0,"event_name":"Tomb of Lord Red Mask","player_choice":"Ignored","floor":46.0,"gold_loss":0.0,"damage_taken":0.0}],"is_beta":false,"boss_relics":[{"not_picked":["Runic Dome","Snecko Eye"],"picked":"Runic Pyramid"},{"not_picked":["Calling Bell","WristBlade"],"picked":"Sozu"}],"items_purged_floors":[3],"is_endless":false,"potions_floor_spawned":[12,13,18,20,25,35,41,44,54],"killed_by":"The Heart","ascension_level":11}