{"gold_per_floor":[18,18,18,31,31,31,356,371,398,398],"floor_reached":10,"playtime":409,"items_purged":[],"score":112,"play_id":"c2308c7b-d513-42b7-96db-4fb133b54b35","local_time":"20190414181710","is_ascension_mode":true,"campfire_choices":[{"data":"Demon Form","floor":6,"key":"SMITH"}],"neow_cost":"NO_GOLD","seed_source_timestamp":9514243754300,"circlet_count":0,"master_deck":["AscendersBane","Strike_R","Strike_R","Strike_R","Strike_R","Strike_R","Defend_R","Defend_R","Defend_R","Defend_R","Bash","Demon Form+1","Disarm","Headbutt","Shrug It Off","Power Through"],"relics":["Burning Blood","Red Skull","Old Coin","Boot"],"potions_floor_usage":[10],"damage_taken":[{"damage":8,"enemies":"2 Louse","floor":1,"turns":5},{"damage":4,"enemies":"Jaw Worm","floor":4,"turns":6},{"damage":26,"enemies":"Lagavulin","floor":7,"turns":6},{"damage":1,"enemies":"Small Slimes","floor":8,"turns":4},{"damage":33,"enemies":"3 Sentries","floor":10,"turns":4}],"seed_played":"-8434326016802948750","potions_obtained":[{"floor":8,"key":"Poison Potion"}],"is_trial":false,"path_per_floor":["M","?","?","M","?","R","E","M","T","E"],"character_chosen":"IRONCLAD","items_purchased":[],"campfire_rested":0,"item_purchase_floors":[],"current_hp_per_floor":[66,41,46,48,48,48,28,33,33,0],"gold":398,"neow_bonus":"THREE_RARE_CARDS","is_prod":false,"is_daily":false,"chose_seed":false,"campfire_upgraded":1,"win_rate":0,"timestamp":1555258630,"path_taken":["M","?","?","M","?","R","E","M","T","E"],"build_version":"2019-01-23","purchased_purges":0,"victory":false,"max_hp_per_floor":[75,75,80,80,80,80,80,80,80,80],"card_choices":[{"not_picked":["Bludgeon","Fiend Fire"],"picked":"Demon Form","floor":0},{"not_picked":["Flex","Clash"],"picked":"Disarm","floor":1},{"not_picked":["Pommel Strike","Second Wind"],"picked":"Headbutt","floor":4},{"not_picked":["Flex","Body Slam"],"picked":"Shrug It Off","floor":7},{"not_picked":["Perfected Strike","Limit Break"],"picked":"Power Through","floor":8}],"player_experience":151658,"relics_obtained":[{"floor":7,"key":"Old Coin"},{"floor":9,"key":"Boot"}],"event_choices":[{"damage_healed":0,"gold_gain":0,"player_choice":"Success","damage_taken":25,"relics_obtained":["Red Skull"],"max_hp_gain":0,"max_hp_loss":0,"event_name":"Scrap Ooze","floor":2,"gold_loss":0},{"damage_healed":0,"gold_gain":0,"player_choice":"Donut","damage_taken":0,"max_hp_gain":5,"max_hp_loss":0,"event_name":"Big Fish","floor":3,"gold_loss":0},{"damage_healed":0,"gold_gain":0,"player_choice":"Ignored","damage_taken":0,"max_hp_gain":0,"max_hp_loss":0,"event_name":"Liars Game","floor":5,"gold_loss":0}],"is_beta":false,"boss_relics":[],"items_purged_floors":[],"is_endless":false,"potions_floor_spawned":[8],"killed_by":"3 Sentries","ascension_level":14}