{"gold_per_floor":[117,67,84,94,269,269,297,297,297,314,314,314,10,26,26,130,130,140,140,55,71,83,115,133,133,182,207,207,207,207,242,242,343,343,354,208,227,244,244,273,273,26,53,53,53,81,100,145,145,145,145,145,22,54,54],"floor_reached":55,"playtime":4065,"items_purged":["Doubt"],"score":1058,"play_id":"84031353-0836-4def-8940-2d516929dfdf","local_time":"20190517104004","is_ascension_mode":true,"campfire_choices":[{"data":"Fission","floor":6.0,"key":"SMITH"},{"data":"Zap","floor":8.0,"key":"SMITH"},{"data":"Rainbow","floor":12.0,"key":"SMITH"},{"data":"Coolheaded","floor":15.0,"key":"SMITH"},{"floor":25.0,"key":"REST"},{"floor":30,"key":"RECALL"},{"floor":32,"key":"REST"},{"floor":41,"key":"REST"},{"floor":45,"key":"REST"},{"floor":49,"key":"REST"},{"floor":52,"key":"REST"}],"neow_cost":"CURSE","seed_source_timestamp":5247034662455,"circlet_count":0,"master_deck":["Strike_B","Strike_B","Defend_B","Defend_B","Defend_B","Defend_B","Zap+1","Dualcast+1","Rainbow+1","Fission+1","Chill+1","Ball Lightning","Ball Lightning","Reprogram+1","Ball Lightning","Coolheaded+1","Electrodynamics","Conserve Battery","Undo","Streamline+1","BootSequence","Consume","White Noise+1","Ball Lightning+1","Multi-Cast","Defragment","Stack+1","White Noise+1","Defragment+1","Lockon+1","Dark Shackles","Master of Strategy","Master of Strategy","Tempest","Consume+1","Stack+1","Stack+1","Consume","Capacitor+1"],"special_seed":0,"relics":["Cracked Core","Mummified Hand","PreservedInsect","Regal Pillow","Orichalcum","Fusion Hammer","Blue Candle","Cables","War Paint","Bottled Tornado","Dream Catcher","Inserter","Darkstone Periapt","Chemical X","Thread and Needle","Omamori","Oddly Smooth Stone"],"potions_floor_usage":[33,33,40,50,55,55,55],"damage_taken":[{"damage":10.0,"enemies":"Jaw Worm","floor":1.0,"turns":4.0},{"damage":0.0,"enemies":"2 Louse","floor":3.0,"turns":2.0},{"damage":0.0,"enemies":"Small Slimes","floor":4.0,"turns":3.0},{"damage":18.0,"enemies":"Lagavulin","floor":7.0,"turns":6.0},{"damage":2.0,"enemies":"3 Louse","floor":10.0,"turns":2.0},{"damage":5.0,"enemies":"Blue Slaver","floor":14.0,"turns":2.0},{"damage":0.0,"enemies":"Slime Boss","floor":16.0,"turns":6.0},{"damage":10.0,"enemies":"2 Thieves","floor":18.0,"turns":3.0},{"damage":4.0,"enemies":"3 Byrds","floor":21.0,"turns":3.0},{"damage":0.0,"enemies":"3 Cultists","floor":22.0,"turns":3.0},{"damage":5.0,"enemies":"Book of Stabbing","floor":23.0,"turns":3.0},{"damage":0.0,"enemies":"Chosen and Byrds","floor":24.0,"turns":3.0},{"damage":4,"enemies":"Slavers","floor":27,"turns":4},{"damage":17,"enemies":"Book of Stabbing","floor":31,"turns":4},{"damage":1,"enemies":"Champ","floor":33,"turns":7},{"damage":0,"enemies":"3 Shapes","floor":35,"turns":1},{"damage":0,"enemies":"Orb Walker","floor":37,"turns":2},{"damage":2,"enemies":"3 Darklings","floor":38,"turns":2},{"damage":10,"enemies":"Reptomancer","floor":40,"turns":3},{"damage":21,"enemies":"Nemesis","floor":46,"turns":5},{"damage":0,"enemies":"Maw","floor":47,"turns":5},{"damage":56,"enemies":"Time Eater","floor":50,"turns":8},{"damage":0,"enemies":"Shield and Spear","floor":54,"turns":3},{"damage":88,"enemies":"The Heart","floor":55,"turns":6}],"seed_played":"-1251171419019126293","potions_obtained":[{"floor":7.0,"key":"AttackPotion"},{"floor":10.0,"key":"Energy Potion"},{"floor":16.0,"key":"PowerPotion"},{"floor":21.0,"key":"Poison Potion"},{"floor":23.0,"key":"Ancient Potion"},{"floor":31,"key":"PowerPotion"},{"floor":38,"key":"Block Potion"},{"floor":40,"key":"Energy Potion"}],"is_trial":false,"path_per_floor":["M","?","M","M","?","R","E","R","T","M","?","R","$","M","R","B",null,"M","?","?","M","M","E","M","R","T","E","?","?","R","E","R","B",null,"M","$","M","M","?","E","R","$","T","?","R","E","M","T","R","B",null,"R","$","E","B"],"character_chosen":"DEFECT","items_purchased":["Regal Pillow","Orichalcum","Defragment","Chemical X","PowerPotion","Strength Potion","Consume"],"campfire_rested":6,"item_purchase_floors":[13,13,36,42,42,53,53],"current_hp_per_floor":[65,65,65,65,65,65,47,47,47,45,45,45,45,40,40,40,66,56,56,56,52,52,47,47,75,75,71,71,71,71,54,75,74,75,75,75,75,73,71,61,71,71,71,61,71,50,50,50,71,15,57,71,71,71,0],"gold":54,"neow_bonus":"TRANSFORM_TWO_CARDS","is_prod":false,"is_daily":false,"chose_seed":false,"campfire_upgraded":4,"win_rate":0,"timestamp":1558082404,"path_taken":["M","?","M","M","?","R","E","R","T","M","?","R","$","M","R","BOSS","M","?","?","M","M","E","M","R","T","E","?","?","R","E","R","BOSS","M","$","M","M","?","E","R","$","T","?","R","E","M","?","R","BOSS","R","$","E","BOSS"],"build_version":"2019-01-23","purchased_purges":1,"victory":false,"max_hp_per_floor":[75,75,75,75,75,75,75,75,75,75,75,75,75,75,75,75,75,75,75,75,75,75,75,75,75,75,75,75,75,75,75,75,75,75,75,75,75,75,71,71,71,71,71,71,71,71,71,71,71,71,71,71,71,71,71],"card_choices":[{"not_picked":["Turbo","Stack"],"picked":"Chill","floor":1.0},{"not_picked":["FTL","Chaos"],"picked":"Ball Lightning","floor":3.0},{"not_picked":["Leap","Chaos"],"picked":"Ball Lightning","floor":4.0},{"not_picked":["Static Discharge","Compile Driver"],"picked":"Reprogram","floor":7.0},{"not_picked":["Redo","Chaos"],"picked":"Ball Lightning","floor":10.0},{"not_picked":["Hyperbeam","Sweeping Beam"],"picked":"Coolheaded","floor":14.0},{"not_picked":["Thunder Strike","Machine Learning"],"picked":"Electrodynamics","floor":16.0},{"not_picked":["Coolheaded","Leap"],"picked":"Conserve Battery","floor":18.0},{"not_picked":["Steam","Hologram","Lockon"],"picked":"SKIP","floor":21.0},{"not_picked":["Redo","Double Energy"],"picked":"Undo","floor":22.0},{"not_picked":["Barrage","Coolheaded"],"picked":"Streamline+1","floor":23.0},{"not_picked":["Lockon","Turbo"],"picked":"BootSequence","floor":24.0},{"not_picked":["Beam Cell","Hyperbeam","Coolheaded"],"picked":"SKIP","floor":27},{"not_picked":["Beam Cell","Hyperbeam","Coolheaded"],"picked":"SKIP","floor":27},{"not_picked":["Coolheaded+1","Redo"],"picked":"White Noise+1","floor":31},{"not_picked":["Recycle+1","Rebound"],"picked":"Ball Lightning+1","floor":32},{"not_picked":["Machine Learning","Electrodynamics"],"picked":"Multi-Cast","floor":33},{"not_picked":["Cold Snap","Go for the Eyes","Sweeping Beam+1"],"picked":"SKIP","floor":35},{"not_picked":["Scrape","Beam Cell"],"picked":"Stack+1","floor":37},{"not_picked":["Beam Cell","Turbo"],"picked":"White Noise+1","floor":38},{"not_picked":["Cold Snap","Recycle"],"picked":"Defragment+1","floor":40},{"not_picked":["Barrage+1","Streamline"],"picked":"Lockon+1","floor":41},{"not_picked":["Swift Strike","Purity"],"picked":"Dark Shackles","floor":44},{"not_picked":["Impatience","Good Instincts"],"picked":"Master of Strategy","floor":44},{"not_picked":["Swift Strike","Panacea"],"picked":"Master of Strategy","floor":44},{"not_picked":["BootSequence+1","Leap+1"],"picked":"Tempest","floor":45},{"not_picked":["Hologram","Undo"],"picked":"Consume+1","floor":46},{"not_picked":["Turbo","Compile Driver","Redo"],"picked":"SKIP","floor":47},{"not_picked":["Hello World+1","Leap+1"],"picked":"Stack+1","floor":49},{"not_picked":["Gash+1","Turbo"],"picked":"Stack+1","floor":52},{"not_picked":["Double Energy","Compile Driver"],"picked":"Capacitor+1","floor":54}],"player_experience":209115,"relics_obtained":[{"floor":7.0,"key":"Mummified Hand"},{"floor":9.0,"key":"PreservedInsect"},{"floor":23.0,"key":"Cables"},{"floor":26.0,"key":"War Paint"},{"floor":27,"key":"Bottled Tornado"},{"floor":31,"key":"Dream Catcher"},{"floor":40,"key":"Darkstone Periapt"},{"floor":46,"key":"Thread and Needle"},{"floor":48,"key":"Omamori"},{"floor":54,"key":"Oddly Smooth Stone"}],"event_choices":[{"cards_removed":["Writhe"],"damage_healed":0.0,"max_hp_gain":0.0,"max_hp_loss":0.0,"gold_gain":0.0,"event_name":"The Cleric","player_choice":"Card Removal","floor":2.0,"gold_loss":50.0,"damage_taken":0.0},{"damage_healed":0.0,"max_hp_gain":0.0,"max_hp_loss":0.0,"gold_gain":175.0,"event_name":"Liars Game","player_choice":"AGREE","floor":5.0,"gold_loss":0.0,"damage_taken":0.0,"cards_obtained":["Doubt"]},{"damage_healed":0.0,"max_hp_gain":0.0,"max_hp_loss":0.0,"gold_gain":0.0,"event_name":"Living Wall","player_choice":"Grow","floor":11.0,"gold_loss":0.0,"damage_taken":0.0,"cards_upgraded":["Dualcast"]},{"damage_healed":0.0,"max_hp_gain":0.0,"max_hp_loss":0.0,"gold_gain":0.0,"event_name":"Vampires","player_choice":"Ignored","floor":19.0,"gold_loss":0.0,"damage_taken":0.0},{"damage_healed":0.0,"max_hp_gain":0.0,"max_hp_loss":0.0,"gold_gain":0.0,"event_name":"Addict","player_choice":"Obtained Relic","floor":20.0,"gold_loss":85.0,"damage_taken":0.0,"relics_obtained":["Blue Candle"]},{"damage_healed":0,"gold_gain":0,"player_choice":"Ignored","damage_taken":0,"max_hp_gain":0,"max_hp_loss":0,"event_name":"Ghosts","floor":28,"gold_loss":0},{"damage_healed":0,"gold_gain":0,"player_choice":"Read","damage_taken":0,"max_hp_gain":0,"max_hp_loss":0,"event_name":"The Library","floor":29,"gold_loss":0,"cards_obtained":["Consume"]},{"damage_healed":0,"gold_gain":0,"player_choice":"Max HP","damage_taken":0,"max_hp_gain":0,"max_hp_loss":4,"event_name":"Winding Halls","floor":39,"gold_loss":0},{"damage_healed":0,"gold_gain":0,"player_choice":"Memory 3","damage_taken":10,"max_hp_gain":0,"max_hp_loss":0,"event_name":"SensoryStone","floor":44,"gold_loss":0}],"is_beta":false,"boss_relics":[{"not_picked":["Ectoplasm","Pandora\u0027s Box"],"picked":"Fusion Hammer"},{"not_picked":["Nuclear Battery","White Beast Statue"],"picked":"Inserter"}],"items_purged_floors":[36],"is_endless":false,"potions_floor_spawned":[7,10,16,21,23,31,38,40,47],"killed_by":"The Heart","ascension_level":5}