{"gold_per_floor":[114,63,43,60,26,26,46,80,80,255,267,112,112,62,62,163,163,145,145,60,75,39,39,39,39,39,72,88,88,106,117,117,212,262,273,284,284,304,59,59,76,76],"floor_reached":42,"playtime":2641,"items_purged":["Strike_G"],"score":503,"play_id":"ef1a57fd-e70c-4b9e-8715-66333c9eb442","local_time":"20181117234849","is_ascension_mode":true,"campfire_choices":[{"data":"Footwork","floor":6,"key":"SMITH"},{"data":"Noxious Fumes","floor":13,"key":"SMITH"},{"floor":15,"key":"REST"},{"floor":23,"key":"RECALL"},{"data":"Ghostly","floor":25,"key":"SMITH"},{"data":"Ghostly","floor":32,"key":"SMITH"},{"data":"Burst","floor":40,"key":"SMITH"}],"neow_cost":"NONE","seed_source_timestamp":197088563402477,"circlet_count":0,"master_deck":["Defend_G","Defend_G","Defend_G","Defend_G","Defend_G","Strike_G","Strike_G","Strike_G","Strike_G","Survivor","Neutralize","Footwork+1","Cloak And Dagger","Dash","Noxious Fumes+1","Leg Sweep","Poisoned Stab","Deflect","Adrenaline","PiercingWail","Venomology","Backflip+1","Ghostly","Ghostly","Ghostly+1","Ghostly+1","Ghostly+1","Footwork","Distraction","Escape Plan+1","Skewer+1","Burst+1","Quick Slash+1","Blur+1"],"relics":["Ring of the Snake","NeowsBlessing","Gremlin Horn","Eternal Feather","Paper Crane","Shuriken","Strawberry","StoneCalendar","Tiny House","Mummified Hand"],"potions_floor_usage":[8,11,18,21,27,27,28,31,33,38,38,41,41,42],"damage_taken":[{"damage":0,"enemies":"Jaw Worm","floor":1,"turns":1},{"damage":0,"enemies":"Cultist","floor":4,"turns":1},{"damage":0,"enemies":"2 Louse","floor":7,"turns":1},{"damage":10,"enemies":"Lagavulin","floor":8,"turns":12},{"damage":27,"enemies":"Exordium Thugs","floor":11,"turns":7},{"damage":5,"enemies":"Hexaghost","floor":16,"turns":13},{"damage":16,"enemies":"2 Thieves","floor":18,"turns":4},{"damage":5,"enemies":"3 Byrds","floor":21,"turns":6},{"damage":10,"enemies":"Book of Stabbing","floor":27,"turns":8},{"damage":17,"enemies":"Snake Plant","floor":28,"turns":7},{"damage":6,"enemies":"Cultist and Chosen","floor":30,"turns":7},{"damage":2,"enemies":"Sentry and Sphere","floor":31,"turns":7},{"damage":58,"enemies":"Automaton","floor":33,"turns":15},{"damage":15,"enemies":"Orb Walker","floor":35,"turns":7},{"damage":0,"enemies":"3 Shapes","floor":36,"turns":4},{"damage":29,"enemies":"Spire Growth","floor":38,"turns":9},{"damage":0,"enemies":"3 Darklings","floor":41,"turns":7},{"damage":52,"enemies":"Giant Head","floor":42,"turns":11}],"seed_played":"2440321139604135159","potions_obtained":[{"floor":1,"key":"AttackPotion"},{"floor":3,"key":"FairyPotion"},{"floor":8,"key":"GamblersBrew"},{"floor":21,"key":"SkillPotion"},{"floor":27,"key":"Poison Potion"},{"floor":30,"key":"Ancient Potion"},{"floor":33,"key":"Ancient Potion"},{"floor":34,"key":"Regen Potion"},{"floor":41,"key":"AttackPotion"}],"is_trial":false,"path_per_floor":["M","$","?","M","$","R","M","E","T","?","M","$","R","$","R","B",null,"M","?","?","M","$","R","?","R","T","E","M","T","M","M","R","B",null,"M","M","?","M","$","R","M","E"],"character_chosen":"THE_SILENT","items_purchased":["Cloak And Dagger","Noxious Fumes","Adrenaline","PiercingWail","Distraction","Mummified Hand"],"campfire_rested":1,"item_purchase_floors":[2,5,12,14,22,39],"current_hp_per_floor":[70,70,70,70,70,70,70,60,60,60,33,33,33,33,54,49,70,66,35,35,30,30,35,31,40,40,37,20,20,14,12,30,4,52,37,37,37,23,23,41,41,0],"gold":76,"neow_bonus":"THREE_ENEMY_KILL","is_prod":false,"is_daily":false,"chose_seed":false,"campfire_upgraded":5,"win_rate":0,"timestamp":1542494929,"path_taken":["M","$","?","?","$","R","M","E","T","?","M","$","R","?","R","BOSS","M","?","?","M","$","R","?","R","T","E","M","?","M","M","R","BOSS","M","M","?","M","$","R","M","E"],"build_version":"2018-11-15","purchased_purges":1,"victory":false,"max_hp_per_floor":[70,70,70,70,70,70,70,70,70,70,70,70,70,70,70,70,70,70,35,35,35,35,35,40,40,40,47,47,47,47,47,47,47,52,52,52,52,52,52,52,52,52],"card_choices":[{"not_picked":["Dagger Spray","Sucker Punch"],"picked":"Footwork","floor":1},{"not_picked":["Prepared","Slice"],"picked":"Dash","floor":4},{"not_picked":["Caltrops","Acrobatics"],"picked":"Leg Sweep","floor":7},{"not_picked":["Accuracy","Dodge and Roll"],"picked":"Poisoned Stab","floor":8},{"not_picked":["Concentrate","Predator"],"picked":"Deflect","floor":11},{"not_picked":["Phantasmal Killer","Wraith Form v2"],"picked":"Venomology","floor":16},{"not_picked":["Dash","Eviscerate"],"picked":"Backflip+1","floor":18},{"not_picked":["Deflect","Dagger Spray+1"],"picked":"Footwork","floor":21},{"not_picked":["Blade Dance","All Out Attack","Heel Hook"],"picked":"SKIP","floor":27},{"not_picked":["Reflex","Quick Slash","Acrobatics"],"picked":"SKIP","floor":28},{"not_picked":["Dodge and Roll","Well Laid Plans"],"picked":"Escape Plan+1","floor":30},{"not_picked":["Distraction","Blade Dance"],"picked":"Skewer+1","floor":31},{"not_picked":["A Thousand Cuts","Doppelganger"],"picked":"Burst","floor":33},{"not_picked":["Riddle With Holes","PiercingWail"],"picked":"Quick Slash+1","floor":34},{"not_picked":["Dagger Spray","Eviscerate","Prepared"],"picked":"SKIP","floor":35},{"not_picked":["Prepared","Backflip+1"],"picked":"Blur+1","floor":36},{"not_picked":["Heel Hook","Deflect","All Out Attack+1"],"picked":"SKIP","floor":38},{"not_picked":["Cloak And Dagger","Acrobatics","Flechettes+1"],"picked":"SKIP","floor":41}],"player_experience":224996,"relics_obtained":[{"floor":8,"key":"Gremlin Horn"},{"floor":26,"key":"Shuriken"},{"floor":27,"key":"Strawberry"},{"floor":29,"key":"StoneCalendar"}],"event_choices":[{"damage_healed":0,"gold_gain":0,"player_choice":"Bought 1 Potion","damage_taken":0,"max_hp_gain":0,"max_hp_loss":0,"event_name":"The Woman in Blue","floor":3,"gold_loss":0},{"damage_healed":0,"gold_gain":175,"player_choice":"AGREE","damage_taken":0,"max_hp_gain":0,"max_hp_loss":0,"event_name":"Liars Game","floor":10,"gold_loss":0,"cards_obtained":["Doubt"]},{"damage_healed":0,"gold_gain":0,"player_choice":"Became a Ghost","damage_taken":0,"max_hp_gain":0,"max_hp_loss":35,"event_name":"Ghosts","floor":19,"gold_loss":0,"cards_obtained":["Ghostly","Ghostly","Ghostly","Ghostly","Ghostly"]},{"damage_healed":0,"gold_gain":0,"player_choice":"Obtained Relic","damage_taken":0,"relics_obtained":["Paper Crane"],"max_hp_gain":0,"max_hp_loss":0,"event_name":"Addict","floor":20,"gold_loss":85},{"damage_healed":0,"gold_gain":0,"player_choice":"Shed Blood","damage_taken":9,"max_hp_gain":5,"max_hp_loss":0,"event_name":"Forgotten Altar","floor":24,"gold_loss":0},{"cards_removed":["Doubt"],"damage_healed":0,"gold_gain":0,"player_choice":"Removed Curses","damage_taken":0,"max_hp_gain":0,"max_hp_loss":0,"event_name":"Fountain of Cleansing","floor":37,"gold_loss":0}],"is_beta":true,"boss_relics":[{"not_picked":["Black Star","Busted Crown"],"picked":"Eternal Feather"},{"not_picked":["Calling Bell","Empty Cage"],"picked":"Tiny House"}],"items_purged_floors":[12],"is_endless":false,"potions_floor_spawned":[1,8,21,27,30,33,35,41],"killed_by":"Giant Head","ascension_level":3}