{"gold_per_floor":[109,124,139,89,89,121,139,139],"floor_reached":8,"playtime":645,"items_purged":[],"score":67,"play_id":"e1e8a7b0-9c98-45db-9ea1-71e6593f91cc","local_time":"20190415161548","is_ascension_mode":true,"campfire_choices":[],"neow_cost":"NONE","seed_source_timestamp":0,"circlet_count":0,"master_deck":["Strike_B","Defend_B","Defend_B","Defend_B","Defend_B","Zap","Dualcast","Biased Cognition","Defragment","Defragment"],"special_seed":0,"relics":["Cracked Core","Sundial"],"potions_floor_usage":[8,8],"damage_taken":[{"damage":10,"enemies":"Small Slimes","floor":1,"turns":3},{"damage":0,"enemies":"2 Louse","floor":2,"turns":2},{"damage":0,"enemies":"Cultist","floor":3,"turns":3},{"damage":32,"enemies":"Lagavulin","floor":6,"turns":8},{"damage":3,"enemies":"Blue Slaver","floor":7,"turns":5},{"damage":29,"enemies":"3 Sentries","floor":8,"turns":4}],"seed_played":"-5598345249457240100","potions_obtained":[{"floor":2,"key":"Weak Potion"},{"floor":6,"key":"Poison Potion"},{"floor":7,"key":"Weak Potion"}],"is_trial":false,"path_per_floor":["M","M","M","?","?","E","M","E"],"character_chosen":"DEFECT","items_purchased":[],"campfire_rested":0,"item_purchase_floors":[],"current_hp_per_floor":[65,65,65,65,58,26,23,0],"gold":139,"neow_bonus":"TRANSFORM_CARD","is_prod":false,"is_daily":false,"chose_seed":false,"campfire_upgraded":0,"win_rate":0,"timestamp":1555370148,"path_taken":["M","M","M","?","?","E","M","E"],"build_version":"2019-01-23","purchased_purges":0,"victory":false,"max_hp_per_floor":[75,75,75,75,75,75,75,75],"card_choices":[{"not_picked":["Steam","Chaos","Rebound"],"picked":"SKIP","floor":1},{"not_picked":["Rebound","Sunder"],"picked":"Defragment","floor":2},{"not_picked":["Capacitor","Compile Driver"],"picked":"Defragment","floor":3},{"not_picked":["Beam Cell","Double Energy","Gash"],"picked":"SKIP","floor":6},{"not_picked":["Gash","Rebound","Turbo"],"picked":"SKIP","floor":7}],"player_experience":441319,"relics_obtained":[{"floor":6,"key":"Sundial"}],"event_choices":[{"cards_removed":["Strike_B"],"damage_healed":0,"gold_gain":0,"player_choice":"Card Removal","damage_taken":0,"max_hp_gain":0,"max_hp_loss":0,"event_name":"The Cleric","floor":4,"gold_loss":50},{"cards_removed":["Strike_B"],"damage_healed":0,"gold_gain":0,"player_choice":"Card Removal","damage_taken":7,"max_hp_gain":0,"max_hp_loss":0,"event_name":"Golden Wing","floor":5,"gold_loss":0}],"is_beta":false,"boss_relics":[],"items_purged_floors":[],"is_endless":false,"potions_floor_spawned":[2,6,7],"killed_by":"3 Sentries","ascension_level":3}