{"gold_per_floor":[110,285,301,251,125,125,158,169,194,194,205,205,205,221,221,316,316,329,329,342,56,73,73,105,105,105,123,142,142,157,170,170,272,272,286,300,43,57,75,106,120,120],"floor_reached":42,"playtime":4562,"items_purged":[],"score":580,"play_id":"9152c276-c253-401f-a53b-4d35ad23a31a","local_time":"20190502205626","is_ascension_mode":true,"campfire_choices":[{"floor":6.0,"key":"RECALL"},{"floor":10.0,"key":"REST"},{"floor":13.0,"key":"REST"},{"data":"Phantasmal Killer","floor":15.0,"key":"SMITH"},{"data":"Glass Knife","floor":23.0,"key":"SMITH"},{"data":"Leg Sweep","floor":29.0,"key":"SMITH"},{"data":"Die Die Die","floor":32.0,"key":"SMITH"}],"neow_cost":"NONE","seed_source_timestamp":0,"circlet_count":0,"master_deck":["Defend_G","Defend_G","Defend_G","Defend_G","Defend_G","Strike_G","Strike_G+1","Strike_G","Strike_G","Strike_G+1","Survivor","Neutralize+1","Leg Sweep+1","Slice","Masterful Stab","Dagger Spray","Outmaneuver","Backstab","Prepared","Phantasmal Killer+1","Corpse Explosion","Shame","Normality","Parasite","Dash+1","Glass Knife+1","Choke+1","Dodge and Roll+1","PiercingWail+1","Deadly Poison","Dagger Spray+1","Die Die Die+1","Malaise","Deadly Poison","Catalyst+1","Sucker Punch+1","Infinite Blades+1","After Image"],"special_seed":0,"relics":["Ring of the Snake","Whetstone","Calling Bell","Juzu Bracelet","Shuriken","Du-Vu Doll","Ice Cream","Strawberry","MutagenicStrength","Paper Crane","Black Star","Kunai","Anchor","Orichalcum"],"potions_floor_usage":[42],"damage_taken":[{"damage":6.0,"enemies":"2 Louse","floor":1.0,"turns":3.0},{"damage":2.0,"enemies":"Jaw Worm","floor":3.0,"turns":7.0},{"damage":49.0,"enemies":"Lagavulin","floor":7.0,"turns":16.0},{"damage":2.0,"enemies":"Small Slimes","floor":8.0,"turns":4.0},{"damage":0.0,"enemies":"2 Fungi Beasts","floor":11.0,"turns":2.0},{"damage":8.0,"enemies":"Gremlin Gang","floor":14.0,"turns":2.0},{"damage":0.0,"enemies":"Slime Boss","floor":16.0,"turns":7.0},{"damage":0.0,"enemies":"3 Byrds","floor":18.0,"turns":2.0},{"damage":2.0,"enemies":"Shell Parasite","floor":20.0,"turns":4.0},{"damage":0.0,"enemies":"Shelled Parasite and Fungi","floor":22.0,"turns":2.0},{"damage":1.0,"enemies":"Gremlin Leader","floor":24.0,"turns":6.0},{"damage":7.0,"enemies":"Chosen and Byrds","floor":27.0,"turns":6.0},{"damage":0.0,"enemies":"Centurion and Healer","floor":28.0,"turns":4.0},{"damage":3.0,"enemies":"Snake Plant","floor":30.0,"turns":3.0},{"damage":0.0,"enemies":"Chosen and Byrds","floor":31.0,"turns":4.0},{"damage":24.0,"enemies":"Collector","floor":33.0,"turns":6.0},{"damage":2.0,"enemies":"Orb Walker","floor":35.0,"turns":3.0},{"damage":0.0,"enemies":"3 Darklings","floor":36.0,"turns":2.0},{"damage":14.0,"enemies":"Jaw Worm Horde","floor":38.0,"turns":3.0},{"damage":16.0,"enemies":"Spire Growth","floor":39.0,"turns":5.0},{"damage":31.0,"enemies":"Reptomancer","floor":40.0,"turns":9.0},{"damage":3,"enemies":"3 Darklings","floor":41,"turns":3},{"damage":12,"enemies":"Giant Head","floor":42,"turns":5}],"seed_played":"1167443205243268191","potions_obtained":[{"floor":0.0,"key":"GamblersBrew"},{"floor":0.0,"key":"Energy Potion"},{"floor":0.0,"key":"EntropicBrew"},{"floor":14.0,"key":"Fire Potion"},{"floor":16.0,"key":"Swift Potion"},{"floor":18.0,"key":"Poison Potion"},{"floor":19.0,"key":"EntropicBrew"},{"floor":19.0,"key":"Block Potion"},{"floor":28.0,"key":"Ancient Potion"},{"floor":30.0,"key":"GhostInAJar"},{"floor":40.0,"key":"AttackPotion"}],"is_trial":false,"path_per_floor":["M","?","M","?","$","R","E","M","T","R","M","?","R","M","R","B",null,"M","?","M","$","M","R","E","?","T","M","M","R","M","M","R","B",null,"M","M","$","M","M","E","M","E"],"character_chosen":"THE_SILENT","items_purchased":["Masterful Stab","Dagger Spray","Ice Cream","Kunai"],"campfire_rested":2,"item_purchase_floors":[5,5,21,37],"current_hp_per_floor":[64,64,62,62,62,62,13,11,11,32,32,32,53,45,45,45,70,70,70,68,68,68,68,74,74,74,67,67,67,64,64,64,40,77,75,75,75,61,45,14,11,0],"gold":120,"neow_bonus":"THREE_SMALL_POTIONS","is_prod":false,"is_daily":false,"chose_seed":false,"campfire_upgraded":4,"win_rate":0,"timestamp":1556823386,"path_taken":["M","?","M","?","$","R","E","M","T","R","M","?","R","M","R","BOSS","M","?","M","$","M","R","E","?","T","M","M","R","M","M","R","BOSS","M","M","$","M","M","E","M","E"],"build_version":"2019-01-23","purchased_purges":0,"victory":false,"max_hp_per_floor":[70,70,70,70,70,70,70,70,70,70,70,70,70,70,70,70,70,70,70,70,70,70,70,77,77,77,77,77,77,77,77,77,77,77,77,77,77,77,77,77,77,77],"card_choices":[{"not_picked":["Deadly Poison","Dagger Throw"],"picked":"Leg Sweep","floor":1.0},{"not_picked":["Leg Sweep","Acrobatics"],"picked":"Slice","floor":3.0},{"not_picked":["Backflip","Caltrops"],"picked":"Outmaneuver","floor":7.0},{"not_picked":["Reflex","Bouncing Flask"],"picked":"Backstab","floor":8.0},{"not_picked":["Poisoned Stab","Outmaneuver"],"picked":"Prepared","floor":11.0},{"not_picked":["Leg Sweep","Deadly Poison"],"picked":"Phantasmal Killer","floor":14.0},{"not_picked":["Adrenaline","Envenom"],"picked":"Corpse Explosion","floor":16.0},{"not_picked":["Prepared+1","Outmaneuver+1"],"picked":"Dash+1","floor":18.0},{"not_picked":["Finisher+1","Blade Dance"],"picked":"Glass Knife","floor":20.0},{"not_picked":["Sucker Punch","Cloak And Dagger"],"picked":"Choke+1","floor":22.0},{"not_picked":["Bouncing Flask","Backflip+1"],"picked":"Dodge and Roll+1","floor":24.0},{"not_picked":["Eviscerate","Backstab"],"picked":"PiercingWail+1","floor":27.0},{"not_picked":["Tactician+1","Underhanded Strike"],"picked":"Deadly Poison","floor":28.0},{"not_picked":["Sucker Punch","Deflect"],"picked":"Dagger Spray+1","floor":30.0},{"not_picked":["Flying Knee","Finisher"],"picked":"Die Die Die","floor":31.0},{"not_picked":["Storm of Steel","Unload"],"picked":"Malaise","floor":33.0},{"not_picked":["Flying Knee","Dodge and Roll+1"],"picked":"Deadly Poison","floor":35.0},{"not_picked":["Quick Slash","Dagger Throw+1"],"picked":"Catalyst+1","floor":36.0},{"not_picked":["Blade Dance+1","Crippling Poison"],"picked":"Sucker Punch+1","floor":38.0},{"not_picked":["Dagger Throw","Dodge and Roll","Prepared+1"],"picked":"SKIP","floor":39.0},{"not_picked":["Dagger Spray","Expertise+1"],"picked":"Infinite Blades+1","floor":40.0},{"not_picked":["Flying Knee+1","Backstab+1"],"picked":"After Image","floor":41}],"player_experience":215908,"relics_obtained":[{"floor":7.0,"key":"Whetstone"},{"floor":17.0,"key":"Juzu Bracelet"},{"floor":17.0,"key":"Shuriken"},{"floor":17.0,"key":"Du-Vu Doll"},{"floor":24.0,"key":"Strawberry"},{"floor":26.0,"key":"Paper Crane"},{"floor":40.0,"key":"Anchor"},{"floor":40.0,"key":"Orichalcum"}],"event_choices":[{"damage_healed":0.0,"max_hp_gain":0.0,"max_hp_loss":0.0,"gold_gain":175.0,"event_name":"Liars Game","player_choice":"AGREE","floor":2.0,"gold_loss":0.0,"damage_taken":0.0,"cards_obtained":["Doubt"]},{"cards_removed":["Doubt"],"damage_healed":0.0,"max_hp_gain":0.0,"max_hp_loss":0.0,"gold_gain":0.0,"event_name":"The Cleric","player_choice":"Card Removal","floor":4.0,"gold_loss":50.0,"damage_taken":0.0},{"damage_healed":0.0,"max_hp_gain":0.0,"max_hp_loss":0.0,"gold_gain":0.0,"event_name":"Living Wall","player_choice":"Grow","floor":12.0,"gold_loss":0.0,"damage_taken":0.0,"cards_upgraded":["Neutralize"]},{"damage_healed":0.0,"max_hp_gain":0.0,"max_hp_loss":0.0,"gold_gain":0.0,"event_name":"Lab","player_choice":"Got Potions","floor":19.0,"gold_loss":0.0,"damage_taken":0.0},{"damage_healed":0.0,"max_hp_gain":0.0,"max_hp_loss":0.0,"gold_gain":0.0,"event_name":"Drug Dealer","player_choice":"Inject Mutagens","floor":25.0,"gold_loss":0.0,"damage_taken":0.0,"relics_obtained":["MutagenicStrength"]}],"is_beta":false,"boss_relics":[{"not_picked":["HoveringKite","Empty Cage"],"picked":"Calling Bell"},{"not_picked":["Fusion Hammer","Sozu"],"picked":"Black Star"}],"items_purged_floors":[],"is_endless":false,"potions_floor_spawned":[3,14,16,18,28,30,40],"killed_by":"Giant Head","ascension_level":1}