{"gold_per_floor":[115,95,112,37,53,53,83,83,83,83,99,99,133,144,144,218,218,228,56,76,89,109,109,122,122,122,141,175,175,175,190,190,190],"floor_reached":33,"playtime":4432,"items_purged":[],"score":558,"play_id":"b50fff8f-f44e-4405-b762-7114572f06e9","local_time":"20190515084113","is_ascension_mode":true,"campfire_choices":[{"data":"Bash","floor":6.0,"key":"SMITH"},{"floor":8.0,"key":"REST"},{"data":"Strike_R","floor":10.0,"key":"PURGE"},{"data":"Strike_R","floor":12.0,"key":"PURGE"},{"data":"Strike_R","floor":15.0,"key":"PURGE"},{"data":"Defend_R","floor":23.0,"key":"PURGE"},{"floor":25.0,"key":"REST"},{"floor":32.0,"key":"REST"}],"neow_cost":"PERCENT_DAMAGE","seed_source_timestamp":0,"circlet_count":0,"master_deck":["AscendersBane","Defend_R","Defend_R","Defend_R","Bash+1","Pummel","Ghostly Armor","Rampage","Shockwave","Offering","Spot Weakness","Exhume","Writhe"],"special_seed":0,"relics":["Burning Blood","Dead Branch","Peace Pipe","Sundial","Busted Crown","PreservedInsect","Paper Frog","Girya","Oddly Smooth Stone"],"potions_floor_usage":[33],"damage_taken":[{"damage":10.0,"enemies":"Jaw Worm","floor":1.0,"turns":6.0},{"damage":1.0,"enemies":"Cultist","floor":3.0,"turns":3.0},{"damage":0.0,"enemies":"2 Louse","floor":5.0,"turns":4.0},{"damage":40.0,"enemies":"3 Sentries","floor":7.0,"turns":10.0},{"damage":0.0,"enemies":"2 Fungi Beasts","floor":11.0,"turns":5.0},{"damage":12.0,"enemies":"Gremlin Nob","floor":13.0,"turns":3.0},{"damage":7.0,"enemies":"Looter","floor":14.0,"turns":2.0},{"damage":8.0,"enemies":"Hexaghost","floor":16.0,"turns":7.0},{"damage":13.0,"enemies":"2 Thieves","floor":18.0,"turns":3.0},{"damage":6.0,"enemies":"3 Byrds","floor":20.0,"turns":6.0},{"damage":9.0,"enemies":"Snecko","floor":21.0,"turns":3.0},{"damage":18.0,"enemies":"Shelled Parasite and Fungi","floor":22.0,"turns":2.0},{"damage":8.0,"enemies":"Centurion and Healer","floor":24.0,"turns":5.0},{"damage":32.0,"enemies":"Sentry and Sphere","floor":27.0,"turns":4.0},{"damage":16.0,"enemies":"Book of Stabbing","floor":28.0,"turns":2.0},{"damage":6.0,"enemies":"Snecko","floor":31.0,"turns":2.0},{"damage":108,"enemies":"Automaton","floor":33,"turns":6}],"seed_played":"-4098672476131645578","potions_obtained":[{"floor":1.0,"key":"SpeedPotion"},{"floor":2.0,"key":"SmokeBomb"},{"floor":5.0,"key":"FearPotion"},{"floor":11.0,"key":"EssenceOfSteel"},{"floor":14.0,"key":"SkillPotion"},{"floor":18.0,"key":"SteroidPotion"}],"is_trial":false,"path_per_floor":["M","?","M","$","M","R","E","R","T","R","M","R","E","M","R","B",null,"M","$","M","M","M","R","M","R","T","M","E","?","?","M","R","B"],"character_chosen":"IRONCLAD","items_purchased":["Rampage","PreservedInsect"],"campfire_rested":3,"item_purchase_floors":[4,19],"current_hp_per_floor":[46,46,51,51,57,57,23,45,45,45,51,51,45,44,44,42,67,60,60,60,57,45,45,43,65,65,39,29,29,29,29,51,0],"gold":190,"neow_bonus":"REMOVE_TWO","is_prod":false,"is_daily":false,"chose_seed":false,"campfire_upgraded":1,"win_rate":0,"timestamp":1557902473,"path_taken":["M","?","?","$","M","R","E","R","T","R","M","R","E","M","R","BOSS","M","$","M","M","M","R","M","R","T","M","E","?","?","M","R","BOSS"],"build_version":"2019-01-23","purchased_purges":0,"victory":false,"max_hp_per_floor":[75,75,75,75,75,75,75,75,75,75,75,75,75,75,75,75,75,75,75,75,75,75,75,75,75,75,75,75,75,75,75,75,75],"card_choices":[{"not_picked":["Sword Boomerang","Heavy Blade"],"picked":"Pummel","floor":1.0},{"not_picked":["Sever Soul","Rage"],"picked":"Ghostly Armor","floor":3.0},{"not_picked":["Havoc","Sword Boomerang","Perfected Strike"],"picked":"SKIP","floor":5.0},{"not_picked":["Clash","Flex"],"picked":"Shockwave","floor":7.0},{"not_picked":["Inflame","True Grit"],"picked":"Offering","floor":11.0},{"not_picked":["Pummel","Entrench"],"picked":"Spot Weakness","floor":13.0},{"not_picked":["Sword Boomerang","Infernal Blade","Fire Breathing"],"picked":"SKIP","floor":14.0},{"not_picked":["Brutality","Limit Break"],"picked":"Exhume","floor":16.0},{"not_picked":["Rampage"],"picked":"SKIP","floor":18.0},{"not_picked":["Anger"],"picked":"SKIP","floor":20.0},{"not_picked":["Pommel Strike"],"picked":"SKIP","floor":21.0},{"not_picked":["Clash"],"picked":"SKIP","floor":22.0},{"not_picked":["Clothesline+1"],"picked":"SKIP","floor":24.0},{"not_picked":["Rage"],"picked":"SKIP","floor":27.0},{"not_picked":["Rupture"],"picked":"SKIP","floor":28.0},{"not_picked":["Havoc"],"picked":"SKIP","floor":31.0}],"player_experience":188167,"relics_obtained":[{"floor":7.0,"key":"Dead Branch"},{"floor":9.0,"key":"Peace Pipe"},{"floor":13.0,"key":"Sundial"},{"floor":26.0,"key":"Paper Frog"},{"floor":28.0,"key":"Girya"}],"event_choices":[{"damage_healed":0.0,"max_hp_gain":0.0,"max_hp_loss":0.0,"gold_gain":0.0,"event_name":"The Woman in Blue","player_choice":"Bought 1 Potion","floor":2.0,"gold_loss":0.0,"damage_taken":0.0},{"damage_healed":0.0,"max_hp_gain":0.0,"max_hp_loss":0.0,"gold_gain":0.0,"event_name":"The Mausoleum","player_choice":"Opened","floor":29.0,"gold_loss":0.0,"damage_taken":0.0,"relics_obtained":["Oddly Smooth Stone"],"cards_obtained":["Writhe"]},{"damage_healed":0.0,"max_hp_gain":0.0,"max_hp_loss":0.0,"gold_gain":0.0,"event_name":"Vampires","player_choice":"Ignored","floor":30.0,"gold_loss":0.0,"damage_taken":0.0}],"is_beta":false,"boss_relics":[{"not_picked":["Velvet Choker","Tiny House"],"picked":"Busted Crown"}],"items_purged_floors":[],"is_endless":false,"potions_floor_spawned":[1,5,11,14,18,28,31],"killed_by":"Automaton","ascension_level":20}