{"gold_per_floor":[110,125,56,56,56,56,83,83,83,99,99,99,122,133,133,229,229,247,247,125,125,1,1,1,11,35,35,35,35,35,54,54,150,150,161,177,1176,1176,1191,1191,1222,780,780,780,794,827,827,827,827,827],"floor_reached":50,"playtime":1656,"items_purged":["Strike_R","Strike_R","Normality"],"score":690,"play_id":"1eb0dec5-bc12-42d6-81f8-725e12041bcb","local_time":"20190323002951","is_ascension_mode":true,"campfire_choices":[{"data":"Bash","floor":6.0,"key":"SMITH"},{"data":"Cleave","floor":8.0,"key":"SMITH"},{"floor":15.0,"key":"REST"},{"data":"Offering","floor":23.0,"key":"SMITH"},{"data":"Clothesline","floor":32.0,"key":"SMITH"},{"data":"Power Through","floor":40,"key":"SMITH"},{"floor":44,"key":"REST"},{"floor":47,"key":"REST"},{"floor":49,"key":"REST"}],"neow_cost":"NONE","seed_source_timestamp":1822562627395,"circlet_count":0,"master_deck":["Strike_R+1","Strike_R+1","Defend_R+1","Defend_R+1","Defend_R+1","Defend_R+1","Bash+1","Cleave+1","Iron Wave+1","Power Through+1","Offering+1","Shrug It Off","Reaper","Pummel","Shrug It Off","Necronomicurse","Headbutt","Clothesline+1","Writhe","Clothesline+1","Shrug It Off+1","Normality","Armaments+1","Corruption+1","Ghostly Armor","Uppercut","Decay","Barricade"],"special_seed":0,"relics":["Eternal Feather","Turnip","Juzu Bracelet","Singing Bowl","Whetstone","Philosopher\u0027s Stone","Necronomicon","Orichalcum","Bronze Scales","PreservedInsect","Cursed Key","GremlinMask","Bottled Lightning","Strawberry","Kunai","Bird Faced Urn"],"potions_floor_usage":[36,50,50,50],"damage_taken":[{"damage":6.0,"enemies":"Cultist","floor":1.0,"turns":3.0},{"damage":7.0,"enemies":"Small Slimes","floor":2.0,"turns":3.0},{"damage":33.0,"enemies":"Lagavulin","floor":7.0,"turns":10.0},{"damage":6.0,"enemies":"Jaw Worm","floor":10.0,"turns":2.0},{"damage":13.0,"enemies":"Large Slime","floor":14.0,"turns":6.0},{"damage":23.0,"enemies":"Slime Boss","floor":16.0,"turns":10.0},{"damage":7.0,"enemies":"Chosen","floor":18.0,"turns":4.0},{"damage":12.0,"enemies":"3 Byrds","floor":25.0,"turns":6.0},{"damage":6.0,"enemies":"3 Cultists","floor":31.0,"turns":4.0},{"damage":84,"enemies":"Collector","floor":33,"turns":11},{"damage":4,"enemies":"Orb Walker","floor":35,"turns":3},{"damage":14,"enemies":"3 Darklings","floor":36,"turns":6},{"damage":29,"enemies":"Transient","floor":39,"turns":5},{"damage":42,"enemies":"Giant Head","floor":41,"turns":8},{"damage":37,"enemies":"Maw","floor":45,"turns":7},{"damage":50,"enemies":"Reptomancer","floor":46,"turns":8},{"damage":133,"enemies":"Awakened One","floor":50,"turns":13}],"seed_played":"8764776583169373904","potions_obtained":[{"floor":1.0,"key":"Swift Potion"},{"floor":7.0,"key":"EssenceOfSteel"},{"floor":10.0,"key":"GamblersBrew"},{"floor":14.0,"key":"LiquidBronze"},{"floor":16.0,"key":"Fire Potion"},{"floor":18.0,"key":"Strength Potion"},{"floor":33,"key":"GamblersBrew"},{"floor":36,"key":"EssenceOfSteel"},{"floor":46,"key":"BloodPotion"}],"is_trial":false,"path_per_floor":["M","M","$","?","$","R","E","R","T","M","?","?","T","M","R","B",null,"M","?","$","?","$","R","$","M","T","?","?","?","?","M","R","B",null,"M","M","?","?","M","R","E","$","T","R","M","E","R","?","R","B"],"character_chosen":"IRONCLAD","items_purchased":["Power Through","Shrug It Off","Headbutt","Ghostly Armor","Strawberry","Uppercut","Dexterity Potion"],"campfire_rested":4,"item_purchase_floors":[3,20,22,42,42,42,42],"current_hp_per_floor":[74,67,67,49,49,55,22,28,28,24,24,17,17,4,34,11,64,63,47,47,31,31,40,40,44,44,73,73,73,73,75,87,21,72,76,77,77,77,60,72,30,37,37,81,48,16,61,61,100,0],"gold":827,"neow_bonus":"BOSS_RELIC","is_prod":false,"is_daily":false,"chose_seed":false,"campfire_upgraded":5,"win_rate":0,"timestamp":1553297391,"path_taken":["M","?","$","?","$","R","E","R","T","M","?","?","?","M","R","BOSS","M","?","$","?","?","R","$","M","T","?","?","?","?","M","R","BOSS","M","M","?","?","M","R","E","$","T","R","M","E","R","?","R","BOSS"],"build_version":"2019-01-23","purchased_purges":3,"victory":false,"max_hp_per_floor":[80,80,80,80,80,80,80,80,80,82,82,82,82,82,82,82,82,82,87,87,87,87,87,87,87,87,87,87,87,87,87,87,89,89,91,91,91,91,91,91,91,98,98,98,98,100,100,100,100,100],"card_choices":[{"not_picked":["Seeing Red","Havoc"],"picked":"Cleave","floor":1.0},{"not_picked":["Wild Strike","Dropkick"],"picked":"Iron Wave","floor":2.0},{"not_picked":["Reckless Charge","Shockwave"],"picked":"Offering","floor":7.0},{"not_picked":["Burning Pact","Sever Soul","Heavy Blade"],"picked":"Singing Bowl","floor":10.0},{"not_picked":["Power Through","True Grit"],"picked":"Shrug It Off","floor":14.0},{"not_picked":["Limit Break","Fiend Fire"],"picked":"Reaper","floor":16.0},{"not_picked":["Clash","Twin Strike"],"picked":"Pummel","floor":18.0},{"not_picked":["Dual Wield","Heavy Blade"],"picked":"Clothesline","floor":25.0},{"not_picked":["Feel No Pain","Thunderclap"],"picked":"Clothesline+1","floor":31.0},{"not_picked":["Exhume","Limit Break","Juggernaut"],"picked":"Singing Bowl","floor":33},{"not_picked":["Heavy Blade+1","Sentinel","Warcry"],"picked":"Singing Bowl","floor":35},{"not_picked":["Entrench+1","Power Through"],"picked":"Shrug It Off+1","floor":36},{"not_picked":["Pommel Strike+1","Body Slam+1"],"picked":"Armaments+1","floor":39},{"not_picked":["Cleave+1","Sentinel+1"],"picked":"Corruption+1","floor":41},{"not_picked":["Dropkick+1","Twin Strike"],"picked":"Barricade","floor":45},{"not_picked":["Rage","Anger","Sword Boomerang"],"picked":"Singing Bowl","floor":46}],"player_experience":70082,"relics_obtained":[{"floor":7.0,"key":"Juzu Bracelet"},{"floor":9.0,"key":"Singing Bowl"},{"floor":13.0,"key":"Whetstone"},{"floor":21.0,"key":"Necronomicon"},{"floor":26.0,"key":"Orichalcum"},{"floor":41,"key":"Bottled Lightning"},{"floor":43,"key":"Kunai"},{"floor":46,"key":"Bird Faced Urn"}],"event_choices":[{"damage_healed":0.0,"max_hp_gain":0.0,"max_hp_loss":0.0,"gold_gain":0.0,"event_name":"Scrap Ooze","player_choice":"Success","floor":4.0,"gold_loss":0.0,"damage_taken":18.0,"relics_obtained":["Turnip"]},{"damage_healed":0.0,"max_hp_gain":0.0,"max_hp_loss":0.0,"gold_gain":0.0,"event_name":"Upgrade Shrine","player_choice":"Upgraded","floor":11.0,"gold_loss":0.0,"damage_taken":0.0,"cards_upgraded":["Iron Wave"]},{"cards_removed":["Strike_R"],"damage_healed":0.0,"max_hp_gain":0.0,"max_hp_loss":0.0,"gold_gain":0.0,"event_name":"Golden Wing","player_choice":"Card Removal","floor":12.0,"gold_loss":0.0,"damage_taken":7.0},{"damage_healed":0.0,"max_hp_gain":5.0,"max_hp_loss":0.0,"gold_gain":0.0,"event_name":"Forgotten Altar","player_choice":"Shed Blood","floor":19.0,"gold_loss":0.0,"damage_taken":21.0},{"damage_healed":0.0,"max_hp_gain":0.0,"max_hp_loss":0.0,"gold_gain":0.0,"event_name":"Cursed Tome","player_choice":"Obtained Book","floor":21.0,"gold_loss":0.0,"damage_taken":16.0},{"damage_healed":29.0,"max_hp_gain":0.0,"max_hp_loss":0.0,"gold_gain":0.0,"event_name":"The Library","player_choice":"Heal","floor":27.0,"gold_loss":0.0,"damage_taken":0.0},{"damage_healed":0.0,"max_hp_gain":0.0,"max_hp_loss":0.0,"gold_gain":0.0,"event_name":"The Mausoleum","player_choice":"Opened","floor":28.0,"gold_loss":0.0,"damage_taken":0.0,"relics_obtained":["Bronze Scales"],"cards_obtained":["Writhe"]},{"damage_healed":0.0,"max_hp_gain":0.0,"max_hp_loss":0.0,"gold_gain":0.0,"event_name":"WeMeetAgain","player_choice":"Gave Potion","floor":29.0,"gold_loss":0.0,"damage_taken":0.0,"relics_obtained":["PreservedInsect"]},{"damage_healed":0.0,"max_hp_gain":0.0,"max_hp_loss":0.0,"gold_gain":0.0,"event_name":"Back to Basics","player_choice":"Simplicity","floor":30.0,"gold_loss":0.0,"damage_taken":0.0,"cards_upgraded":["Defend_R","Defend_R","Defend_R","Defend_R"]},{"damage_healed":0,"gold_gain":999,"player_choice":"Gold","damage_taken":0,"max_hp_gain":0,"max_hp_loss":0,"event_name":"MindBloom","floor":37,"gold_loss":0,"cards_obtained":["Normality","Normality"]},{"damage_healed":0,"gold_gain":0,"player_choice":"Trade","damage_taken":0,"relics_obtained":["GremlinMask"],"max_hp_gain":0,"max_hp_loss":0,"event_name":"FaceTrader","floor":38,"gold_loss":0},{"damage_healed":0,"gold_gain":0,"player_choice":"Ignored","damage_taken":0,"max_hp_gain":0,"max_hp_loss":0,"event_name":"Tomb of Lord Red Mask","floor":48,"gold_loss":0}],"is_beta":false,"boss_relics":[{"not_picked":["Black Star","Empty Cage"],"picked":"Philosopher\u0027s Stone"},{"not_picked":["Runic Dome","Tiny House"],"picked":"Cursed Key"}],"items_purged_floors":[20,22,42],"is_endless":false,"potions_floor_spawned":[1,7,10,14,16,18,33,36,46],"killed_by":"Awakened One","ascension_level":5}