{"gold_per_floor":[114,114,26,26,36,67,34,34,58,76,76,76,41,58,58,153,153,165,182,107,123,123,123,155,173,173,192,192,205,17,36,36,135,135,147,197,215,215,228,228,31,46,46,60,94,114,114,125,125,125,125,125,25,53,53],"floor_reached":55,"playtime":8915,"items_purged":["Strike_B","Strike_B"],"score":782,"play_id":"6e888f04-e532-41c8-9ca2-08dcd4669dd6","local_time":"20190426214035","is_ascension_mode":true,"campfire_choices":[{"floor":8.0,"key":"RECALL"},{"floor":11.0,"key":"REST"},{"data":"Dualcast","floor":15.0,"key":"SMITH"},{"data":"Zap","floor":23.0,"key":"SMITH"},{"floor":28.0,"key":"REST"},{"data":"Apotheosis","floor":32.0,"key":"SMITH"},{"floor":40,"key":"REST"},{"data":"Seek","floor":47,"key":"SMITH"},{"floor":49,"key":"REST"},{"data":"1","floor":52,"key":"LIFT"}],"neow_cost":"NONE","seed_source_timestamp":0,"circlet_count":0,"master_deck":["Strike_B","Strike_B","Defend_B","Defend_B","Defend_B","Defend_B","Zap+1","Dualcast+1","Sunder","Steam Power","Conserve Battery","Cold Snap","Leap","Ball Lightning","Rebound","Ball Lightning","Streamline","All For One","Ball Lightning+1","Hologram+1","Rainbow","Self Repair+1","Turbo+1","Coolheaded","Leap","Sunder+1","Heatsinks+1","Chaos+1","Capacitor+1","Apotheosis+1","Buffer+1","Seek+1","Barrage+1","Steam+1","Darkness+1","Biased Cognition+1","Compile Driver","Leap","Cold Snap+1","Steam+1","Doom and Gloom+1","Stack+1","Capacitor+1"],"special_seed":0,"relics":["Cracked Core","Vajra","Prayer Wheel","Nuclear Battery","Enchiridion","Happy Flower","Frozen Egg 2","Sozu","Girya","Anchor","Gremlin Horn","Strawberry","Mummified Hand"],"potions_floor_usage":[],"damage_taken":[{"damage":6.0,"enemies":"Jaw Worm","floor":1.0,"turns":3.0},{"damage":0.0,"enemies":"Small Slimes","floor":5.0,"turns":2.0},{"damage":36.0,"enemies":"Gremlin Nob","floor":6.0,"turns":6.0},{"damage":0.0,"enemies":"2 Louse","floor":10.0,"turns":2.0},{"damage":0.0,"enemies":"Looter","floor":14.0,"turns":3.0},{"damage":51.0,"enemies":"Hexaghost","floor":16.0,"turns":8.0},{"damage":9.0,"enemies":"Shell Parasite","floor":18.0,"turns":4.0},{"damage":0.0,"enemies":"Spheric Guardian","floor":19.0,"turns":3.0},{"damage":1.0,"enemies":"Snecko","floor":21.0,"turns":3.0},{"damage":24.0,"enemies":"Slavers","floor":24.0,"turns":5.0},{"damage":0.0,"enemies":"Snake Plant","floor":25.0,"turns":3.0},{"damage":0.0,"enemies":"Cultist and Chosen","floor":27.0,"turns":3.0},{"damage":6.0,"enemies":"Centurion and Healer","floor":29.0,"turns":4.0},{"damage":0.0,"enemies":"3 Cultists","floor":31.0,"turns":3.0},{"damage":32.0,"enemies":"Champ","floor":33.0,"turns":10.0},{"damage":3.0,"enemies":"3 Shapes","floor":35.0,"turns":3.0},{"damage":12.0,"enemies":"2 Orb Walkers","floor":36.0,"turns":4.0},{"damage":3.0,"enemies":"3 Darklings","floor":37.0,"turns":4.0},{"damage":34,"enemies":"Writhing Mass","floor":39,"turns":6},{"damage":9,"enemies":"4 Shapes","floor":42,"turns":4},{"damage":0,"enemies":"Sphere and 2 Shapes","floor":44,"turns":3},{"damage":0,"enemies":"Reptomancer","floor":45,"turns":4},{"damage":20,"enemies":"Maw","floor":46,"turns":6},{"damage":20,"enemies":"Jaw Worm Horde","floor":48,"turns":3},{"damage":52,"enemies":"Time Eater","floor":50,"turns":11},{"damage":0,"enemies":"Shield and Spear","floor":54,"turns":5},{"damage":89,"enemies":"The Heart","floor":55,"turns":3}],"seed_played":"-5586412388408289134","potions_obtained":[{"floor":1.0,"key":"Energy Potion"},{"floor":16.0,"key":"EssenceOfSteel"},{"floor":18.0,"key":"SteroidPotion"},{"floor":19.0,"key":"FearPotion"},{"floor":29.0,"key":"Explosive Potion"},{"floor":31.0,"key":"Dexterity Potion"}],"is_trial":false,"path_per_floor":["M","?","$","?","M","E","?","R","T","M","R","?","?","M","R","B",null,"M","M","$","M","?","R","E","M","T","M","R","M","$","M","R","B",null,"M","?","M","?","M","R","$","M","T","M","E","M","R","M","R","B",null,"R","$","E","B"],"character_chosen":"DEFECT","items_purchased":["Steam Power","Conserve Battery","Apotheosis","Anchor","Leap"],"campfire_rested":4,"item_purchase_floors":[3,3,30,41,41],"current_hp_per_floor":[69,69,69,74,74,38,38,38,38,38,62,55,75,75,75,24,80,71,71,71,80,64,64,40,40,40,50,74,68,68,78,78,56,80,80,78,75,75,51,75,75,76,76,76,87,77,77,67,87,35,87,87,87,87,0],"gold":53,"neow_bonus":"RANDOM_COMMON_RELIC","is_prod":false,"is_daily":false,"chose_seed":false,"campfire_upgraded":4,"win_rate":0,"timestamp":1556307635,"path_taken":["M","?","$","?","M","E","?","R","T","M","R","?","?","M","R","BOSS","M","M","$","M","?","R","E","M","T","M","R","M","$","M","R","BOSS","M","?","M","?","?","R","$","M","T","?","E","M","R","M","R","BOSS","R","$","E","BOSS"],"build_version":"2019-01-23","purchased_purges":2,"victory":false,"max_hp_per_floor":[75,75,75,80,80,80,80,80,80,80,80,80,80,80,80,80,80,80,80,80,80,80,80,80,80,80,80,80,80,80,80,80,80,80,80,80,80,80,80,80,80,80,80,80,87,87,87,87,87,87,87,87,87,87,87],"card_choices":[{"not_picked":["Storm","Skim"],"picked":"Sunder","floor":1.0},{"not_picked":["Rebound","Ball Lightning"],"picked":"Cold Snap","floor":5.0},{"not_picked":["Tempest","Scrape"],"picked":"Leap","floor":6.0},{"not_picked":["Beam Cell","Gash"],"picked":"Ball Lightning","floor":10.0},{"not_picked":["Ball Lightning","Turbo"],"picked":"Rebound","floor":10.0},{"not_picked":["Amplify","Double Energy"],"picked":"Ball Lightning","floor":14.0},{"not_picked":["Reprogram","Blizzard"],"picked":"Streamline","floor":14.0},{"not_picked":["Fission","Multi-Cast"],"picked":"All For One","floor":16.0},{"not_picked":["Beam Cell","Steam"],"picked":"Ball Lightning+1","floor":18.0},{"not_picked":["Redo","Beam Cell"],"picked":"Hologram+1","floor":18.0},{"not_picked":["Ball Lightning+1","Hologram+1"],"picked":"Rainbow","floor":19.0},{"not_picked":["Hologram","Compile Driver"],"picked":"Self Repair+1","floor":19.0},{"not_picked":["Static Discharge","Stack"],"picked":"Turbo+1","floor":21.0},{"not_picked":["Redo","Compile Driver"],"picked":"Coolheaded","floor":21.0},{"not_picked":["Darkness","All For One"],"picked":"Leap","floor":24.0},{"not_picked":["Leap","Genetic Algorithm"],"picked":"Sunder+1","floor":25.0},{"not_picked":["Tempest","Go for the Eyes"],"picked":"Heatsinks+1","floor":25.0},{"not_picked":["Blizzard","Cold Snap"],"picked":"Chaos+1","floor":27.0},{"not_picked":["Steam","Turbo","Cold Snap"],"picked":"SKIP","floor":27.0},{"not_picked":["Scrape","Aggregate"],"picked":"Capacitor+1","floor":29.0},{"not_picked":["Cold Snap","Coolheaded","Hologram"],"picked":"SKIP","floor":29.0},{"not_picked":["Beam Cell","Turbo"],"picked":"Buffer+1","floor":31.0},{"not_picked":["Hologram","Leap","Redo"],"picked":"SKIP","floor":31.0},{"not_picked":["Fission","Multi-Cast"],"picked":"Seek","floor":33.0},{"not_picked":["Turbo","Multi-Cast"],"picked":"Barrage+1","floor":35.0},{"not_picked":["Coolheaded+1","Gash"],"picked":"Steam+1","floor":35.0},{"not_picked":["Gash","Multi-Cast"],"picked":"Darkness+1","floor":37.0},{"not_picked":["Rebound","Ball Lightning","Steam"],"picked":"SKIP","floor":37.0},{"not_picked":["Skim+1","FTL+1"],"picked":"Biased Cognition+1","floor":39},{"not_picked":["Coolheaded","Beam Cell"],"picked":"Compile Driver","floor":39},{"not_picked":["Compile Driver","Heatsinks+1","Fusion"],"picked":"SKIP","floor":42},{"not_picked":["Glacier","Redo+1","Barrage+1"],"picked":"SKIP","floor":42},{"not_picked":["Turbo","Conserve Battery"],"picked":"Cold Snap+1","floor":44},{"not_picked":["Conserve Battery","Genetic Algorithm+1"],"picked":"Steam+1","floor":44},{"not_picked":["Steam","Meteor Strike"],"picked":"Doom and Gloom+1","floor":45},{"not_picked":["Double Energy","Gash","Tempest+1"],"picked":"SKIP","floor":46},{"not_picked":["Hello World+1","Turbo","Chill+1"],"picked":"SKIP","floor":46},{"not_picked":["Fusion+1","Gash"],"picked":"Stack+1","floor":48},{"not_picked":["Barrage+1","Chill","Recycle"],"picked":"SKIP","floor":48},{"not_picked":["Ball Lightning+1","Rebound"],"picked":"Capacitor+1","floor":54}],"player_experience":183512,"relics_obtained":[{"floor":6.0,"key":"Prayer Wheel"},{"floor":22.0,"key":"Enchiridion"},{"floor":24.0,"key":"Happy Flower"},{"floor":26.0,"key":"Frozen Egg 2"},{"floor":36.0,"key":"Girya"},{"floor":43,"key":"Gremlin Horn"},{"floor":45,"key":"Strawberry"},{"floor":54,"key":"Mummified Hand"}],"event_choices":[{"damage_healed":0.0,"max_hp_gain":0.0,"max_hp_loss":0.0,"gold_gain":0.0,"event_name":"Shining Light","player_choice":"Ignored","floor":2.0,"gold_loss":0.0,"damage_taken":0.0},{"damage_healed":0.0,"max_hp_gain":5.0,"max_hp_loss":0.0,"gold_gain":0.0,"event_name":"Big Fish","player_choice":"Donut","floor":4.0,"gold_loss":0.0,"damage_taken":0.0},{"damage_healed":0.0,"max_hp_gain":0.0,"max_hp_loss":0.0,"gold_gain":0.0,"event_name":"World of Goop","player_choice":"Left Gold","floor":7.0,"gold_loss":33.0,"damage_taken":0.0},{"damage_healed":0.0,"max_hp_gain":0.0,"max_hp_loss":0.0,"gold_gain":0.0,"event_name":"Scrap Ooze","player_choice":"Fled","floor":12.0,"gold_loss":0.0,"damage_taken":7.0},{"damage_healed":20.0,"max_hp_gain":0.0,"max_hp_loss":0.0,"gold_gain":0.0,"event_name":"The Cleric","player_choice":"Healed","floor":13.0,"gold_loss":35.0,"damage_taken":0.0},{"damage_healed":0.0,"max_hp_gain":0.0,"max_hp_loss":0.0,"gold_gain":0.0,"event_name":"Cursed Tome","player_choice":"Obtained Book","floor":22.0,"gold_loss":0.0,"damage_taken":16.0},{"damage_healed":0.0,"max_hp_gain":0.0,"max_hp_loss":0.0,"gold_gain":0.0,"event_name":"Mysterious Sphere","player_choice":"Fight","floor":36.0,"gold_loss":0.0,"damage_taken":0.0},{"damage_healed":0,"gold_gain":0,"player_choice":"Bought 0 Potions","damage_taken":0,"max_hp_gain":0,"max_hp_loss":0,"event_name":"The Woman in Blue","floor":38,"gold_loss":0}],"is_beta":false,"boss_relics":[{"not_picked":["Eternal Feather","Velvet Choker"],"picked":"Nuclear Battery"},{"not_picked":["Runic Dome","Philosopher\u0027s Stone"],"picked":"Sozu"}],"items_purged_floors":[20,53],"is_endless":false,"potions_floor_spawned":[1,16,18,19,29,31,35,36,42],"killed_by":"The Heart","ascension_level":1}