{"gold_per_floor":[112,125,300,318,318,345,345,374,374,374,394,425,425,442,442,545,545,560,560,611,122,142,170,270,270,270,282,312,8,8,8,8,110,110,130,141,141,5,105,130,130,112,166,166,179,202,202,202,202,202,202,202,7,41,41],"floor_reached":55,"playtime":5596,"items_purged":["Doubt","Writhe"],"score":884,"play_id":"f02a94b3-5518-4d2f-8754-22c251337a05","local_time":"20190109234704","is_ascension_mode":true,"campfire_choices":[{"floor":7.0,"key":"REST"},{"data":"Dualcast","floor":10.0,"key":"SMITH"},{"floor":13.0,"key":"REST"},{"floor":15.0,"key":"RECALL"},{"floor":25.0,"key":"REST"},{"floor":32.0,"key":"REST"},{"floor":44.0,"key":"REST"},{"data":"Fusion","floor":47.0,"key":"SMITH"},{"data":"Magnetism","floor":49.0,"key":"SMITH"},{"data":"Double Energy","floor":52.0,"key":"SMITH"}],"neow_cost":"NONE","seed_source_timestamp":0,"circlet_count":0,"master_deck":["Strike_B","Strike_B","Strike_B","Strike_B","Defend_B","Defend_B","Defend_B","Zap+1","Dualcast+1","Leap","Go for the Eyes","Ball Lightning","Cold Snap","Chaos","Double Energy+1","Electrodynamics","Fusion+1","Rainbow","Compile Driver","Compile Driver","FTL+1","Chill","Capacitor","Defragment+1","Compile Driver","Magnetism+1","Stack","Glacier","Static Discharge","Fusion+1","Cold Snap","Leap","Cold Snap+1","Sunder","Conserve Battery","Glacier","Heatsinks","Defragment","Defragment","Multi-Cast","Consume","Leap+1","Madness","Madness","Ball Lightning+1","Conserve Battery","Blizzard+1","Amplify","Hologram","Heatsinks","Cold Snap","Static Discharge+1"],"special_seed":0,"relics":["Cracked Core","Matryoshka","Bag of Preparation","Ancient Tea Set","Regal Pillow","The Courier","Orrery","Blue Candle","MawBank","Mummified Hand","Centennial Puzzle","Incense Burner","Ornamental Fan","Juzu Bracelet","Bottled Flame","Symbiotic Virus","Inserter","Nunchaku","Dodecahedron","Anchor","Pen Nib","Whetstone","DataDisk"],"potions_floor_usage":[55,55],"damage_taken":[{"damage":0.0,"enemies":"Cultist","floor":1.0,"turns":3.0},{"damage":6.0,"enemies":"Jaw Worm","floor":2.0,"turns":3.0},{"damage":0.0,"enemies":"Small Slimes","floor":4.0,"turns":2.0},{"damage":30.0,"enemies":"Lagavulin","floor":6.0,"turns":10.0},{"damage":6.0,"enemies":"Gremlin Nob","floor":8.0,"turns":4.0},{"damage":0.0,"enemies":"Blue Slaver","floor":11.0,"turns":3.0},{"damage":17.0,"enemies":"3 Sentries","floor":12.0,"turns":7.0},{"damage":0.0,"enemies":"2 Fungi Beasts","floor":14.0,"turns":1.0},{"damage":45.0,"enemies":"Hexaghost","floor":16.0,"turns":9.0},{"damage":4.0,"enemies":"3 Byrds","floor":18.0,"turns":3.0},{"damage":10.0,"enemies":"Shell Parasite","floor":22.0,"turns":6.0},{"damage":7.0,"enemies":"Book of Stabbing","floor":23.0,"turns":6.0},{"damage":12.0,"enemies":"Colosseum Slavers","floor":24.0,"turns":3.0},{"damage":25.0,"enemies":"Colosseum Nobs","floor":24.0,"turns":4.0},{"damage":0.0,"enemies":"Centurion and Healer","floor":27.0,"turns":7.0},{"damage":22.0,"enemies":"Slavers","floor":28.0,"turns":3.0},{"damage":0.0,"enemies":"Automaton","floor":33.0,"turns":8.0},{"damage":2.0,"enemies":"3 Darklings","floor":35.0,"turns":5.0},{"damage":1.0,"enemies":"Orb Walker","floor":36.0,"turns":3.0},{"damage":23.0,"enemies":"Mind Bloom Boss Battle","floor":39.0,"turns":7.0},{"damage":11.0,"enemies":"Giant Head","floor":40.0,"turns":10.0},{"damage":4.0,"enemies":"Maw","floor":45.0,"turns":9.0},{"damage":47.0,"enemies":"Time Eater","floor":50.0,"turns":10.0},{"damage":17.0,"enemies":"Shield and Spear","floor":54.0,"turns":6.0},{"damage":73,"enemies":"The Heart","floor":55,"turns":11}],"seed_played":"3470417789027050321","potions_obtained":[{"floor":2.0,"key":"LiquidBronze"},{"floor":6.0,"key":"Block Potion"},{"floor":11.0,"key":"SkillPotion"},{"floor":14.0,"key":"SkillPotion"},{"floor":16.0,"key":"Block Potion"},{"floor":22.0,"key":"Fire Potion"},{"floor":23.0,"key":"SpeedPotion"},{"floor":24.0,"key":"FearPotion"},{"floor":28.0,"key":"Swift Potion"},{"floor":35.0,"key":"GamblersBrew"}],"is_trial":false,"path_per_floor":["M","M","?","M","T","E","R","E","T","R","M","E","R","M","R","B",null,"M","?","T","$","M","E","?","R","T","M","E","$","?","?","R","B",null,"M","M","?","$","?","E","?","$","T","R","M","T","R","?","R","B",null,"R","$","E","B"],"character_chosen":"DEFECT","items_purchased":["Mummified Hand","Magnetism","Stack","Glacier","Sunder","Conserve Battery","Glacier","Heatsinks","Defragment","Defragment","Ball Lightning","Conserve Battery","Hologram","Whetstone","Regen Potion","Cold Snap"],"campfire_rested":5,"item_purchase_floors":[21,21,21,21,29,29,29,29,29,29,38,38,42,53,53,53],"current_hp_per_floor":[75,69,69,69,69,39,61,55,55,55,55,38,75,75,75,30,75,71,71,71,71,61,54,17,54,54,54,32,32,32,32,69,69,75,73,72,63,63,40,29,29,29,29,66,62,62,62,62,62,15,75,75,75,58,0],"gold":41,"neow_bonus":"UPGRADE_CARD","is_prod":false,"is_daily":false,"chose_seed":false,"campfire_upgraded":4,"win_rate":0,"timestamp":1547106424,"path_taken":["M","M","?","M","?","E","R","E","T","R","?","E","R","M","R","BOSS","M","?","?","?","M","E","?","R","T","M","E","$","?","?","R","BOSS","M","M","?","$","?","E","?","$","T","R","M","?","R","?","R","BOSS","R","$","E","BOSS"],"build_version":"2019-01-03v4","purchased_purges":2,"victory":false,"max_hp_per_floor":[75,75,75,75,75,75,75,75,75,75,75,75,75,75,75,75,75,75,75,75,75,75,75,75,75,75,75,75,75,75,75,75,75,75,75,75,75,75,75,75,75,75,75,75,75,75,75,75,75,75,75,75,75,75,75],"card_choices":[{"not_picked":["Rebound","Gash"],"picked":"Leap","floor":1.0},{"not_picked":["Redo","Lockon"],"picked":"Go for the Eyes","floor":2.0},{"not_picked":["Sweeping Beam","Gash"],"picked":"Ball Lightning","floor":4.0},{"not_picked":["Reprogram","Capacitor"],"picked":"Cold Snap","floor":6.0},{"not_picked":["Reprogram","Redo"],"picked":"Chaos","floor":8.0},{"not_picked":["Chaos","Consume"],"picked":"Double Energy","floor":11.0},{"not_picked":["Leap","Conserve Battery"],"picked":"Electrodynamics","floor":12.0},{"not_picked":["Sweeping Beam","Beam Cell"],"picked":"Fusion","floor":14.0},{"not_picked":["Seek","Fission"],"picked":"Rainbow","floor":16.0},{"not_picked":["Go for the Eyes","Rebound"],"picked":"Compile Driver","floor":17.0},{"not_picked":["Sunder","Steam"],"picked":"Compile Driver","floor":17.0},{"not_picked":["Coolheaded","Streamline"],"picked":"FTL","floor":17.0},{"not_picked":["Turbo","Go for the Eyes"],"picked":"Chill","floor":17.0},{"not_picked":["Barrage","All For One"],"picked":"Capacitor","floor":17.0},{"not_picked":["White Noise","Beam Cell+1"],"picked":"Defragment+1","floor":18.0},{"not_picked":["Gash","Fusion"],"picked":"Static Discharge","floor":22.0},{"not_picked":["Hologram+1","Conserve Battery"],"picked":"Fusion+1","floor":23.0},{"not_picked":["Streamline","Compile Driver"],"picked":"Cold Snap","floor":24.0},{"not_picked":["Hologram","Coolheaded"],"picked":"Leap","floor":27.0},{"not_picked":["Scrape","Steam"],"picked":"Cold Snap+1","floor":28.0},{"not_picked":["Buffer","Reboot"],"picked":"Multi-Cast","floor":33.0},{"not_picked":["Sunder","Stack+1"],"picked":"Consume","floor":35.0},{"not_picked":["Streamline+1","Undo+1"],"picked":"Leap+1","floor":36.0},{"not_picked":["Sunder+1","Steam Power+1"],"picked":"Blizzard+1","floor":39.0},{"not_picked":["Rip and Tear+1","Hyperbeam"],"picked":"Amplify","floor":40.0},{"not_picked":["Cold Snap","Barrage+1"],"picked":"Heatsinks","floor":45.0},{"not_picked":["Redo+1","Compile Driver+1"],"picked":"Static Discharge+1","floor":54.0}],"player_experience":332855,"relics_obtained":[{"floor":5.0,"key":"Matryoshka"},{"floor":6.0,"key":"Bag of Preparation"},{"floor":8.0,"key":"Ancient Tea Set"},{"floor":9.0,"key":"Regal Pillow"},{"floor":12.0,"key":"The Courier"},{"floor":20.0,"key":"Blue Candle"},{"floor":20.0,"key":"MawBank"},{"floor":23.0,"key":"Centennial Puzzle"},{"floor":24.0,"key":"Incense Burner"},{"floor":24.0,"key":"Ornamental Fan"},{"floor":26.0,"key":"Juzu Bracelet"},{"floor":28.0,"key":"Bottled Flame"},{"floor":39.0,"key":"Nunchaku"},{"floor":40.0,"key":"Dodecahedron"},{"floor":43.0,"key":"Anchor"},{"floor":46.0,"key":"Pen Nib"},{"floor":54.0,"key":"DataDisk"}],"event_choices":[{"damage_healed":0.0,"max_hp_gain":0.0,"max_hp_loss":0.0,"gold_gain":175.0,"event_name":"Liars Game","player_choice":"AGREE","floor":3.0,"gold_loss":0.0,"damage_taken":0.0,"cards_obtained":["Doubt"]},{"damage_healed":0.0,"max_hp_gain":0.0,"max_hp_loss":0.0,"gold_gain":0.0,"event_name":"The Library","player_choice":"Read","floor":19.0,"gold_loss":0.0,"damage_taken":0.0,"cards_obtained":["Compile Driver"]},{"damage_healed":0.0,"max_hp_gain":0.0,"max_hp_loss":0.0,"gold_gain":0.0,"event_name":"Colosseum","player_choice":"Fight","floor":24.0,"gold_loss":0.0,"damage_taken":0.0},{"damage_healed":0.0,"max_hp_gain":0.0,"max_hp_loss":0.0,"gold_gain":0.0,"event_name":"Colosseum","player_choice":"Fought Nobs","floor":24.0,"gold_loss":0.0,"damage_taken":0.0},{"damage_healed":0.0,"max_hp_gain":0.0,"max_hp_loss":0.0,"gold_gain":0.0,"event_name":"Vampires","player_choice":"Ignored","floor":30.0,"gold_loss":0.0,"damage_taken":0.0},{"damage_healed":0.0,"max_hp_gain":0.0,"max_hp_loss":0.0,"gold_gain":0.0,"event_name":"The Mausoleum","player_choice":"Opened","floor":31.0,"gold_loss":0.0,"damage_taken":0.0,"relics_obtained":["Symbiotic Virus"],"cards_obtained":["Writhe"]},{"damage_healed":0.0,"max_hp_gain":0.0,"max_hp_loss":0.0,"gold_gain":0.0,"event_name":"Winding Halls","player_choice":"Embrace Madness","floor":37.0,"gold_loss":0.0,"damage_taken":9.0,"cards_obtained":["Madness","Madness"]},{"damage_healed":0.0,"max_hp_gain":0.0,"max_hp_loss":0.0,"gold_gain":0.0,"event_name":"MindBloom","player_choice":"Fight","floor":39.0,"gold_loss":0.0,"damage_taken":0.0},{"damage_healed":0.0,"max_hp_gain":0.0,"max_hp_loss":0.0,"gold_gain":0.0,"event_name":"The Moai Head","player_choice":"Ignored","floor":41.0,"gold_loss":0.0,"damage_taken":0.0},{"cards_removed":["Defend_B"],"damage_healed":0.0,"max_hp_gain":0.0,"max_hp_loss":0.0,"gold_gain":0.0,"event_name":"Falling","player_choice":"Removed Skill","floor":48.0,"gold_loss":0.0,"damage_taken":0.0}],"is_beta":false,"boss_relics":[{"not_picked":["Calling Bell","Runic Dome"],"picked":"Orrery"},{"not_picked":["Cursed Key","Sozu"],"picked":"Inserter"}],"items_purged_floors":[21,38],"is_endless":false,"potions_floor_spawned":[2,6,11,14,16,22,23,24,28,35,36],"killed_by":"The Heart","ascension_level":1}