{"gold_per_floor":[116,132,407,419,0,34,34,66,366,385,395,395,409,422,422,521,521,537,73,148,166,179,207,207,236,316,334,347,363,380,414,414,514,514,525,218,267,282,23,23,49,49,49,0,0,18,18,38,38,38],"floor_reached":51,"playtime":3907,"items_purged":["Regret","Strike_G","Strike_G","Strike_G"],"score":860,"play_id":"f0560492-fbd1-4b56-b754-92cc8ee1e232","local_time":"20190402202956","is_ascension_mode":true,"campfire_choices":[{"data":"Bane","floor":7.0,"key":"SMITH"},{"data":"Leg Sweep","floor":12.0,"key":"SMITH"},{"data":"Survivor","floor":15.0,"key":"SMITH"},{"floor":24.0,"key":"REST"},{"floor":32.0,"key":"REST"},{"data":"Catalyst","floor":40,"key":"SMITH"},{"data":"Bullet Time","floor":42,"key":"SMITH"},{"data":"Bouncing Flask","floor":47,"key":"SMITH"},{"floor":49,"key":"REST"}],"neow_cost":"NONE","seed_source_timestamp":40434320517841,"circlet_count":0,"master_deck":["Defend_G","Defend_G","Defend_G","Defend_G","Defend_G","Strike_G","Strike_G","Survivor+1","Neutralize","Deadly Poison","Bouncing Flask+1","Poisoned Stab","Bane+1","PiercingWail","Leg Sweep+1","Flying Knee","Corpse Explosion","Deflect","Dash+1","Catalyst+1","Flying Knee+1","Bullet Time+1","Calculated Gamble","Crippling Poison","Terror+1","Adrenaline","Noxious Fumes","Transmutation","Dodge and Roll+1","Backstab","Backstab+1","Blur+1","Dodge and Roll+1"],"special_seed":0,"relics":["Ring of the Serpent","Dream Catcher","Lantern","HandDrill","Torii","Bird Faced Urn","Old Coin","Membership Card","Bottled Lightning","Omamori","Blue Candle","Potion Belt","Meat on the Bone","Oddly Smooth Stone","Velvet Choker","Chemical X","Unceasing Top","Anchor","Regal Pillow","Bottled Tornado","Question Card","Red Mask"],"potions_floor_usage":[37,37,37,50],"damage_taken":[{"damage":1.0,"enemies":"2 Louse","floor":1.0,"turns":4.0},{"damage":0.0,"enemies":"Cultist","floor":2.0,"turns":3.0},{"damage":3.0,"enemies":"Small Slimes","floor":4.0,"turns":3.0},{"damage":19.0,"enemies":"3 Sentries","floor":6.0,"turns":8.0},{"damage":17.0,"enemies":"Lagavulin","floor":8.0,"turns":7.0},{"damage":1.0,"enemies":"Exordium Thugs","floor":10.0,"turns":4.0},{"damage":0.0,"enemies":"Large Slime","floor":11.0,"turns":5.0},{"damage":0.0,"enemies":"2 Fungi Beasts","floor":13.0,"turns":3.0},{"damage":0.0,"enemies":"Looter","floor":14.0,"turns":2.0},{"damage":24.0,"enemies":"The Guardian","floor":16.0,"turns":9.0},{"damage":8.0,"enemies":"3 Byrds","floor":18.0,"turns":6.0},{"damage":7.0,"enemies":"Chosen","floor":21.0,"turns":4.0},{"damage":0.0,"enemies":"Sentry and Sphere","floor":22.0,"turns":3.0},{"damage":22.0,"enemies":"Slavers","floor":23.0,"turns":4.0},{"damage":26.0,"enemies":"Gremlin Leader","floor":25.0,"turns":8.0},{"damage":1.0,"enemies":"Shelled Parasite and Fungi","floor":27.0,"turns":4.0},{"damage":2.0,"enemies":"Centurion and Healer","floor":28.0,"turns":5.0},{"damage":9.0,"enemies":"Snake Plant","floor":29.0,"turns":3.0},{"damage":1.0,"enemies":"Sentry and Sphere","floor":30.0,"turns":4.0},{"damage":15.0,"enemies":"Book of Stabbing","floor":31.0,"turns":5.0},{"damage":11.0,"enemies":"Automaton","floor":33.0,"turns":7.0},{"damage":0.0,"enemies":"3 Shapes","floor":35.0,"turns":3.0},{"damage":36,"enemies":"2 Orb Walkers","floor":37,"turns":3},{"damage":6,"enemies":"Orb Walker","floor":38,"turns":4},{"damage":25,"enemies":"Nemesis","floor":41,"turns":7},{"damage":0,"enemies":"Sphere and 2 Shapes","floor":46,"turns":2},{"damage":11,"enemies":"Transient","floor":48,"turns":5},{"damage":13,"enemies":"Donu and Deca","floor":50,"turns":6}],"seed_played":"3214623272007783337","potions_obtained":[{"floor":4.0,"key":"Energy Potion"},{"floor":14.0,"key":"FearPotion"},{"floor":16.0,"key":"SpeedPotion"},{"floor":22.0,"key":"GamblersBrew"},{"floor":25.0,"key":"SteroidPotion"},{"floor":29.0,"key":"PowerPotion"},{"floor":31.0,"key":"Poison Potion"},{"floor":33.0,"key":"Regen Potion"},{"floor":35.0,"key":"GhostInAJar"},{"floor":38,"key":"Swift Potion"},{"floor":41,"key":"GamblersBrew"},{"floor":46,"key":"Ancient Potion"},{"floor":48,"key":"SkillPotion"}],"is_trial":false,"path_per_floor":["M","M","?","M","$","E","R","E","T","M","M","R","M","M","R","B",null,"M","$","?","M","M","E","R","E","T","M","M","M","M","E","R","B",null,"M","$","?","M","$","R","E","R","T","?","?","M","R","M","R","B",null],"character_chosen":"THE_SILENT","items_purchased":["Lantern","HandDrill","Membership Card","Bottled Lightning","Omamori","Poison Potion","Noxious Fumes","Chemical X","Transmutation","Anchor","Regal Pillow","Backstab"],"campfire_rested":3,"item_purchase_floors":[5,5,19,19,19,36,36,36,36,39,39,39],"current_hp_per_floor":[69,69,69,66,66,47,47,30,30,29,29,29,29,29,29,5,70,62,62,55,48,48,26,47,21,21,32,42,45,44,41,62,53,70,70,70,39,47,47,47,38,38,38,38,56,58,58,49,70,57],"gold":38,"neow_bonus":"RANDOM_COMMON_RELIC","is_prod":false,"is_daily":false,"chose_seed":false,"campfire_upgraded":6,"win_rate":0,"timestamp":1554229796,"path_taken":["M","M","?","M","$","E","R","E","T","M","?","R","M","M","R","BOSS","M","$","?","M","M","E","R","E","T","M","M","?","M","E","R","BOSS","M","$","?","M","$","R","E","R","T","?","?","M","R","M","R","BOSS"],"build_version":"2019-01-23","purchased_purges":4,"victory":true,"max_hp_per_floor":[70,70,70,70,70,70,70,70,70,70,70,70,70,70,70,70,70,70,70,70,70,70,70,70,70,70,70,70,70,70,70,70,70,70,70,70,70,70,70,70,70,70,70,70,70,70,70,70,70,70],"card_choices":[{"not_picked":["Flying Knee","Masterful Stab"],"picked":"Deadly Poison","floor":1.0},{"not_picked":["Deflect","Slice"],"picked":"Bouncing Flask","floor":2.0},{"not_picked":["PiercingWail","Slice"],"picked":"Poisoned Stab","floor":4.0},{"not_picked":["Escape Plan","Quick Slash"],"picked":"Bane","floor":6.0},{"not_picked":["Bane","Caltrops","Prepared"],"picked":"SKIP","floor":8.0},{"not_picked":["Dagger Throw","Flechettes"],"picked":"PiercingWail","floor":10.0},{"not_picked":["Tactician","Flying Knee"],"picked":"Leg Sweep","floor":11.0},{"not_picked":["Infinite Blades","Quick Slash"],"picked":"Flying Knee","floor":13.0},{"not_picked":["Underhanded Strike","Flechettes"],"picked":"Corpse Explosion","floor":14.0},{"not_picked":["Dagger Spray","Blur"],"picked":"Deflect","floor":18.0},{"not_picked":["Expertise","Underhanded Strike","Bane"],"picked":"SKIP","floor":21.0},{"not_picked":["Predator+1","Well Laid Plans"],"picked":"Dash+1","floor":22.0},{"not_picked":["Underhanded Strike","Dodge and Roll","PiercingWail"],"picked":"SKIP","floor":23.0},{"not_picked":["Acrobatics+1","Masterful Stab"],"picked":"Catalyst","floor":25.0},{"not_picked":["Deflect","Eviscerate"],"picked":"Flying Knee+1","floor":27.0},{"not_picked":["Outmaneuver","Terror+1"],"picked":"Bullet Time","floor":28.0},{"not_picked":["Riddle With Holes","Outmaneuver"],"picked":"Calculated Gamble","floor":29.0},{"not_picked":["Poisoned Stab","Infinite Blades"],"picked":"Crippling Poison","floor":30.0},{"not_picked":["Backflip","Outmaneuver","Quick Slash"],"picked":"SKIP","floor":31.0},{"not_picked":["Dagger Spray","Blade Dance"],"picked":"Terror+1","floor":32.0},{"not_picked":["Malaise","Phantasmal Killer"],"picked":"Adrenaline","floor":33.0},{"not_picked":["Acrobatics","Blade Dance+1","Sucker Punch"],"picked":"SKIP","floor":35.0},{"not_picked":["PiercingWail+1","Predator"],"picked":"Dodge and Roll+1","floor":37},{"not_picked":["Dodge and Roll","Deflect","Bouncing Flask"],"picked":"SKIP","floor":38},{"not_picked":["Underhanded Strike","A Thousand Cuts","Slice"],"picked":"SKIP","floor":41},{"not_picked":["Crippling Poison+1","Escape Plan","Finisher+1"],"picked":"Backstab+1","floor":46},{"not_picked":["Deflect","Masterful Stab+1","PiercingWail+1"],"picked":"Blur+1","floor":48},{"not_picked":["Dagger Spray+1","Deadly Poison","Endless Agony+1"],"picked":"Dodge and Roll+1","floor":49}],"player_experience":81645,"relics_obtained":[{"floor":6.0,"key":"Torii"},{"floor":8.0,"key":"Bird Faced Urn"},{"floor":9.0,"key":"Old Coin"},{"floor":23.0,"key":"Blue Candle"},{"floor":25.0,"key":"Potion Belt"},{"floor":26.0,"key":"Meat on the Bone"},{"floor":31.0,"key":"Oddly Smooth Stone"},{"floor":37,"key":"Unceasing Top"},{"floor":41,"key":"Bottled Tornado"},{"floor":43,"key":"Question Card"}],"event_choices":[{"damage_healed":0.0,"max_hp_gain":0.0,"max_hp_loss":0.0,"gold_gain":275.0,"event_name":"Golden Shrine","player_choice":"Desecrate","floor":3.0,"gold_loss":0.0,"damage_taken":0.0,"cards_obtained":["Regret"]},{"damage_healed":0.0,"max_hp_gain":0.0,"max_hp_loss":0.0,"gold_gain":75.0,"event_name":"FaceTrader","player_choice":"Touch","floor":20.0,"gold_loss":0.0,"damage_taken":7.0},{"damage_healed":0,"gold_gain":0,"player_choice":"Fight","damage_taken":0,"max_hp_gain":0,"max_hp_loss":0,"event_name":"Mysterious Sphere","floor":37,"gold_loss":0},{"damage_healed":0,"gold_gain":0,"player_choice":"Paid","damage_taken":0,"relics_obtained":["Red Mask"],"max_hp_gain":0,"max_hp_loss":0,"event_name":"Tomb of Lord Red Mask","floor":44,"gold_loss":49},{"damage_healed":18,"gold_gain":0,"player_choice":"Writhe","damage_taken":0,"max_hp_gain":0,"max_hp_loss":0,"event_name":"Winding Halls","floor":45,"gold_loss":0,"cards_obtained":["Writhe"]}],"is_beta":false,"boss_relics":[{"not_picked":["Lizard Tail","Coffee Dripper"],"picked":"Ring of the Serpent"},{"not_picked":["Fusion Hammer","HoveringKite"],"picked":"Velvet Choker"}],"items_purged_floors":[5,19,36,39],"is_endless":false,"potions_floor_spawned":[4,14,16,22,25,29,31,33,35,38,41,46,48],"ascension_level":3}