{"gold_per_floor":[112,131,141,151,169,201,201,228,253,253],"floor_reached":10,"playtime":694,"items_purged":[],"score":96,"play_id":"c4e075c3-e810-498d-bca1-cfb570576b52","local_time":"20190518213737","is_ascension_mode":true,"campfire_choices":[],"neow_cost":"NONE","seed_source_timestamp":0,"circlet_count":0,"master_deck":["Strike_R","Strike_R","Strike_R","Strike_R+1","Strike_R","Defend_R","Defend_R","Defend_R","Defend_R","Bash","Rampage","Cleave+1","Inflame","Clothesline","Evolve","Hemokinesis","Barricade"],"special_seed":0,"relics":["Burning Blood","Whetstone","Blue Candle"],"potions_floor_usage":[6,6,10],"damage_taken":[{"damage":1.0,"enemies":"Cultist","floor":1.0,"turns":3.0},{"damage":7.0,"enemies":"Jaw Worm","floor":2.0,"turns":3.0},{"damage":4.0,"enemies":"2 Louse","floor":3.0,"turns":3.0},{"damage":31,"enemies":"Exordium Wildlife","floor":4,"turns":6},{"damage":16,"enemies":"Blue Slaver","floor":5,"turns":3},{"damage":12,"enemies":"Gremlin Nob","floor":6,"turns":4},{"damage":38,"enemies":"3 Sentries","floor":8,"turns":7},{"damage":25,"enemies":"Lagavulin","floor":10,"turns":3}],"seed_played":"-2280635422757197253","potions_obtained":[{"floor":3,"key":"EssenceOfSteel"},{"floor":4,"key":"Dexterity Potion"},{"floor":8,"key":"Strength Potion"}],"is_trial":false,"path_per_floor":["M","M","M","M","M","E","?","E","T","E"],"character_chosen":"IRONCLAD","items_purchased":[],"campfire_rested":0,"item_purchase_floors":[],"current_hp_per_floor":[88,87,88,63,53,47,52,20,20,0],"gold":253,"neow_bonus":"TEN_PERCENT_HP_BONUS","is_prod":false,"is_daily":false,"chose_seed":false,"campfire_upgraded":0,"win_rate":0,"timestamp":1558208257,"path_taken":["M","M","M","M","M","E","?","E","T","E"],"build_version":"2019-01-23","purchased_purges":0,"victory":false,"max_hp_per_floor":[88,88,88,88,88,88,93,93,93,93],"card_choices":[{"not_picked":["Heavy Blade","Havoc"],"picked":"Rampage","floor":1.0},{"not_picked":["Clash","Perfected Strike"],"picked":"Cleave","floor":2.0},{"not_picked":["Havoc","Headbutt"],"picked":"Inflame","floor":3},{"not_picked":["Fire Breathing","Combust"],"picked":"Clothesline","floor":4},{"not_picked":["Pommel Strike","Perfected Strike"],"picked":"Evolve","floor":5},{"not_picked":["Entrench","Blood for Blood"],"picked":"Hemokinesis","floor":6},{"not_picked":["Seeing Red","Headbutt"],"picked":"Barricade","floor":8}],"player_experience":298234,"relics_obtained":[{"floor":6,"key":"Whetstone"},{"floor":8,"key":"Blue Candle"}],"event_choices":[{"damage_healed":0,"gold_gain":0,"player_choice":"Donut","damage_taken":0,"max_hp_gain":5,"max_hp_loss":0,"event_name":"Big Fish","floor":7,"gold_loss":0}],"is_beta":false,"boss_relics":[],"items_purged_floors":[],"is_endless":false,"potions_floor_spawned":[3,4,8],"killed_by":"Lagavulin","ascension_level":4}