{"gold_per_floor":[112,187,362,374,224,224,234,234,283,283,297,297,317,13,13,112,112,127,127,127,52,52,52,68,31,31,31,44,44,44,44,44,148,148,163,179,179,179,194,194,194,210,210,10,0,0,0,17,17,17],"floor_reached":51,"playtime":6884,"items_purged":["Doubt","Writhe"],"score":688,"play_id":"fa42f3fa-a623-4ff0-9855-08161090b8fd","local_time":"20180824135729","is_ascension_mode":true,"campfire_choices":[{"data":"Defragment","floor":6.0,"key":"SMITH"},{"data":"Conserve Battery","floor":8.0,"key":"SMITH"},{"data":"Streamline","floor":10.0,"key":"SMITH"},{"data":"Coolheaded","floor":12.0,"key":"SMITH"},{"data":"Defragment","floor":15.0,"key":"SMITH"},{"data":"Machine Learning","floor":23.0,"key":"SMITH"},{"data":"Reprogram","floor":27.0,"key":"SMITH"},{"data":"Loop","floor":30.0,"key":"SMITH"},{"data":"Cold Snap","floor":32.0,"key":"SMITH"},{"data":"Defend_B","floor":40.0,"key":"SMITH"},{"data":"Leap","floor":46,"key":"SMITH"},{"data":"Chill","floor":49,"key":"SMITH"}],"neow_cost":"NONE","seed_source_timestamp":8586680319337,"circlet_count":0,"master_deck":["Strike_B","Strike_B","Defend_B+1","Defend_B+1","Defend_B+1","Dualcast","Streamline+1","Biased Cognition+1","Coolheaded+1","Conserve Battery+1","Defragment+1","Streamline+1","Defragment+1","Machine Learning+1","Loop+1","Cold Snap+1","Reprogram+1","Loop+1","Defragment+1","FTL+1","Impatience","Cold Snap+1","Leap+1","Chill+1"],"special_seed":0,"relics":["Astrolabe","Lantern","Oddly Smooth Stone","War Paint","Coffee Dripper","Nilry\u0027s Codex","Question Card","Molten Egg 2","Inserter","Darkstone Periapt","Red Mask"],"potions_floor_usage":[50],"damage_taken":[{"damage":0.0,"enemies":"Cultist","floor":1.0,"turns":4.0},{"damage":1.0,"enemies":"Jaw Worm","floor":4.0,"turns":7.0},{"damage":2.0,"enemies":"2 Louse","floor":7.0,"turns":4.0},{"damage":0.0,"enemies":"Looter","floor":11.0,"turns":2.0},{"damage":0.0,"enemies":"Blue Slaver","floor":13.0,"turns":4.0},{"damage":3.0,"enemies":"Slime Boss","floor":16.0,"turns":13.0},{"damage":0.0,"enemies":"Chosen","floor":18.0,"turns":6.0},{"damage":10.0,"enemies":"3 Byrds","floor":24.0,"turns":6.0},{"damage":0.0,"enemies":"Snecko","floor":28.0,"turns":7.0},{"damage":0.0,"enemies":"Champ","floor":33.0,"turns":14.0},{"damage":21.0,"enemies":"3 Darklings","floor":35.0,"turns":8.0},{"damage":25.0,"enemies":"3 Shapes","floor":36.0,"turns":5.0},{"damage":3.0,"enemies":"Spire Growth","floor":39.0,"turns":8.0},{"damage":39.0,"enemies":"Flame Bruiser 2 Orb","floor":42.0,"turns":16.0},{"damage":0,"enemies":"4 Shapes","floor":48,"turns":42},{"damage":15,"enemies":"Awakened One","floor":50,"turns":22}],"seed_played":"6333067743937432727","potions_obtained":[{"floor":7.0,"key":"FocusPotion"},{"floor":11.0,"key":"FairyPotion"},{"floor":16.0,"key":"SpeedPotion"},{"floor":18.0,"key":"Ancient Potion"},{"floor":28.0,"key":"Strength Potion"},{"floor":35.0,"key":"Fruit Juice"},{"floor":36.0,"key":"FearPotion"},{"floor":48,"key":"SneckoOil"}],"is_trial":false,"path_per_floor":["M","?","?","M","$","R","M","R","T","R","M","R","M","$","R","B",null,"M","?","?","?","T","R","M","$","T","R","M","?","R","$","R","B",null,"M","M","?","?","M","R","?","M","T","$","?","R","T","M","R","B"],"character_chosen":"DEFECT","items_purchased":["Defragment","Oddly Smooth Stone","War Paint","Reprogram","SpeedPotion","Explosive Potion"],"campfire_rested":0,"item_purchase_floors":[5,14,14,25,44,44],"current_hp_per_floor":[75,64,64,63,63,63,61,61,61,61,61,61,61,61,61,58,75,75,59,59,59,59,59,49,49,49,49,49,35,35,35,35,35,80,59,39,39,39,36,36,57,18,18,18,18,18,18,32,32,17],"gold":17,"neow_bonus":"BOSS_RELIC","is_prod":false,"is_daily":false,"chose_seed":false,"campfire_upgraded":12,"win_rate":1,"timestamp":1535111849,"path_taken":["M","?","?","?","$","R","M","R","T","R","M","R","M","?","R","BOSS","M","?","?","?","?","R","?","$","T","R","M","?","R","$","R","BOSS","M","M","?","?","M","R","?","M","T","$","?","R","?","?","R","BOSS"],"build_version":"2018-08-23v2","purchased_purges":2,"victory":true,"max_hp_per_floor":[75,75,75,75,75,75,75,75,75,75,75,75,75,75,75,75,75,75,75,75,75,75,75,75,75,75,75,75,80,80,80,80,80,80,80,85,85,85,85,85,85,85,85,85,85,85,85,85,85,85],"card_choices":[{"not_picked":["Compile Driver","Reprogram"],"picked":"Coolheaded","floor":1.0},{"not_picked":["Hologram","Stack"],"picked":"Conserve Battery","floor":4.0},{"not_picked":["Hologram","Tempest"],"picked":"Streamline","floor":7.0},{"not_picked":["Go for the Eyes","Hologram","Ball Lightning"],"picked":"SKIP","floor":11.0},{"not_picked":["Ball Lightning","Force Field"],"picked":"Defragment","floor":13.0},{"not_picked":["Fission","Thunder Strike"],"picked":"Machine Learning","floor":16.0},{"not_picked":["Storm","Leap"],"picked":"Loop","floor":18.0},{"not_picked":["Gash","Go for the Eyes","Beam Cell"],"picked":"Cold Snap","floor":24.0},{"not_picked":["Rip and Tear+1","Cold Snap+1","Streamline+1"],"picked":"Loop","floor":28.0},{"not_picked":["Rebound+1","Genetic Algorithm","Undo+1"],"picked":"Defragment+1","floor":35.0},{"not_picked":["Go for the Eyes+1","Beam Cell+1","Redo+1"],"picked":"FTL+1","floor":36.0},{"not_picked":["Purity","Apotheosis","The Bomb"],"picked":"Impatience","floor":38.0},{"not_picked":["Gash+1","Streamline+1","Compile Driver+1"],"picked":"Cold Snap+1","floor":39.0},{"not_picked":["Redo+1","Steam","Streamline+1"],"picked":"Leap","floor":42.0},{"not_picked":["Doom and Gloom+1","Static Discharge","Hello World"],"picked":"Chill","floor":48}],"player_experience":38286,"relics_obtained":[{"floor":9.0,"key":"Lantern"},{"floor":19.0,"key":"Nilry\u0027s Codex"},{"floor":22.0,"key":"Question Card"},{"floor":26.0,"key":"Molten Egg 2"},{"floor":43.0,"key":"Darkstone Periapt"}],"event_choices":[{"event_name":"World of Goop","player_choice":"Gather Gold","floor":2.0,"damage_taken":0.0},{"event_name":"Liars Game","player_choice":"agreed","floor":3.0,"damage_taken":0.0},{"event_name":"Cursed Tome","player_choice":"Obtained Book","floor":19.0,"damage_taken":0.0},{"event_name":"Upgrade Shrine","player_choice":"Upgraded","floor":20.0,"damage_taken":0.0},{"event_name":"Beggar","player_choice":"Gave Gold","floor":21.0,"damage_taken":0.0},{"event_name":"Forgotten Altar","player_choice":"Shed Blood","floor":29.0,"damage_taken":0.0},{"event_name":"Falling","player_choice":"Removed Skill","floor":37.0,"damage_taken":0.0},{"event_name":"SensoryStone","player_choice":"Memory 1","floor":38.0,"damage_taken":0.0},{"event_name":"Winding Halls","player_choice":"Writhe","floor":41.0,"damage_taken":0.0},{"event_name":"Tomb of Lord Red Mask","player_choice":"Paid","floor":45,"damage_taken":0}],"is_beta":false,"boss_relics":[{"not_picked":["Fusion Hammer","White Beast Statue"],"picked":"Coffee Dripper"},{"not_picked":["Cursed Key","Nuclear Battery"],"picked":"Inserter"}],"items_purged_floors":[5,44],"is_endless":false,"potions_floor_spawned":[7,11,16,18,24,28,35,36,48],"ascension_level":1}