{"gold_per_floor":[411,60,135,147,163,163,191,201,201,201,201,44,73,84,84,155,155,170,170,170,185,185,185,214,214,214,227,243,243,60,75,75,154,154,164,264,283,19,19,19,38,38,38,57,57,71,82,94,94,94],"floor_reached":50,"playtime":2983,"items_purged":["Strike_R","Strike_R+1"],"score":1048,"play_id":"534adea6-1f66-4550-968b-e44842f6b290","local_time":"20190605153904","is_ascension_mode":true,"campfire_choices":[{"data":"Carnage","floor":6.0,"key":"SMITH"},{"data":"Bash","floor":11.0,"key":"SMITH"},{"data":"Offering","floor":15.0,"key":"SMITH"},{"data":"Blood for Blood","floor":23.0,"key":"SMITH"},{"data":"Flame Barrier","floor":25.0,"key":"SMITH"},{"floor":32.0,"key":"REST"},{"data":"1","floor":40.0,"key":"LIFT"},{"data":"2","floor":42.0,"key":"LIFT"},{"data":"3","floor":45.0,"key":"LIFT"},{"floor":49.0,"key":"REST"}],"neow_cost":"CURSE","seed_source_timestamp":16053701912257,"circlet_count":0,"master_deck":["AscendersBane","Strike_R+1","Strike_R+1","Strike_R+1","Defend_R+1","Defend_R+1","Defend_R+1","Defend_R+1","Bash+1","Clumsy","Feel No Pain","Carnage+1","Headbutt","Shrug It Off","Offering+1","Armaments","Cleave+1","Clothesline+1","Offering","Blood for Blood+1","RitualDagger","Flame Barrier+1","Combust+1","Disarm","Inflame","Demon Form+1","Flame Barrier+1","Sword Boomerang","Disarm","Pommel Strike+1","Sword Boomerang","Armaments+1","Corruption+1"],"special_seed":0,"relics":["Burning Blood","Old Coin","Bag of Marbles","Centennial Puzzle","Bottled Flame","Pantograph","Omamori","PreservedInsect","Mark of Pain","Boot","Whetstone","Regal Pillow","Eternal Feather","Girya","Mummified Hand","Toxic Egg 2"],"potions_floor_usage":[],"damage_taken":[{"damage":4.0,"enemies":"Jaw Worm","floor":1.0,"turns":4.0},{"damage":6.0,"enemies":"Small Slimes","floor":4.0,"turns":3.0},{"damage":2.0,"enemies":"2 Louse","floor":5.0,"turns":2.0},{"damage":14.0,"enemies":"Gremlin Nob","floor":7.0,"turns":3.0},{"damage":6.0,"enemies":"Blue Slaver","floor":8.0,"turns":2.0},{"damage":21.0,"enemies":"Lagavulin","floor":13.0,"turns":3.0},{"damage":9.0,"enemies":"Large Slime","floor":14.0,"turns":4.0},{"damage":6.0,"enemies":"Slime Boss","floor":16.0,"turns":7.0},{"damage":18.0,"enemies":"2 Thieves","floor":18.0,"turns":3.0},{"damage":12.0,"enemies":"Shell Parasite","floor":21.0,"turns":3.0},{"damage":15.0,"enemies":"Gremlin Leader","floor":24.0,"turns":4.0},{"damage":8.0,"enemies":"Snake Plant","floor":27.0,"turns":2.0},{"damage":14.0,"enemies":"Snecko","floor":28.0,"turns":4.0},{"damage":7.0,"enemies":"Chosen and Byrds","floor":31.0,"turns":3.0},{"damage":66.0,"enemies":"Champ","floor":33.0,"turns":15.0},{"damage":18.0,"enemies":"3 Shapes","floor":35.0,"turns":6.0},{"damage":25.0,"enemies":"Mind Bloom Boss Battle","floor":36.0,"turns":8.0},{"damage":30.0,"enemies":"3 Darklings","floor":37.0,"turns":5.0},{"damage":43.0,"enemies":"Transient","floor":41.0,"turns":6.0},{"damage":14.0,"enemies":"Maw","floor":44.0,"turns":6.0},{"damage":26.0,"enemies":"4 Shapes","floor":46.0,"turns":6.0},{"damage":8.0,"enemies":"Sphere and 2 Shapes","floor":47.0,"turns":3.0},{"damage":6.0,"enemies":"Transient","floor":48.0,"turns":6.0},{"damage":89,"enemies":"Awakened One","floor":50,"turns":15}],"seed_played":"-6257354994422305578","potions_obtained":[{"floor":1.0,"key":"LiquidBronze"},{"floor":8.0,"key":"Ancient Potion"},{"floor":31.0,"key":"Swift Potion"},{"floor":33.0,"key":"GamblersBrew"},{"floor":36.0,"key":"Poison Potion"},{"floor":41.0,"key":"GamblersBrew"},{"floor":47.0,"key":"Fire Potion"}],"is_trial":false,"path_per_floor":["M","$","?","M","M","R","E","M","T","?","R","$","E","M","R","B",null,"M","?","?","M","?","R","E","R","T","M","M","?","$","M","R","B",null,"M","?","M","$","?","R","M","R","T","M","R","M","M","M","R","B"],"character_chosen":"IRONCLAD","items_purchased":["Carnage","Bag of Marbles","Headbutt","Omamori","Inflame","Mummified Hand"],"campfire_rested":2,"item_purchase_floors":[2,2,2,12,30,38],"current_hp_per_floor":[70,70,59,59,63,63,55,55,55,37,37,37,22,19,19,44,67,55,49,49,43,43,43,34,34,34,32,24,24,24,23,60,15,60,48,54,30,30,30,45,8,23,23,15,33,13,11,11,66,0],"gold":94,"neow_bonus":"ONE_RARE_RELIC","is_prod":false,"is_daily":false,"chose_seed":false,"campfire_upgraded":5,"win_rate":0,"timestamp":1559741944,"path_taken":["M","$","?","M","M","R","E","M","T","?","R","$","E","M","R","BOSS","M","?","?","M","?","R","E","R","T","M","M","?","$","M","R","BOSS","M","?","M","$","?","R","M","R","T","?","R","M","M","M","R","BOSS"],"build_version":"2019-01-23","purchased_purges":2,"victory":false,"max_hp_per_floor":[75,75,75,75,75,75,75,75,75,75,75,75,75,75,75,75,75,75,75,75,75,75,75,75,75,75,75,75,75,75,75,75,75,75,75,75,75,75,75,75,75,75,75,75,75,75,75,75,75,75],"card_choices":[{"not_picked":["Warcry","Blood for Blood"],"picked":"Feel No Pain","floor":1.0},{"not_picked":["Sword Boomerang","Cleave"],"picked":"Shrug It Off","floor":4.0},{"not_picked":["Twin Strike","Power Through"],"picked":"Offering","floor":5.0},{"not_picked":["Seeing Red","Rupture"],"picked":"Armaments","floor":7.0},{"not_picked":["Thunderclap","Twin Strike"],"picked":"Cleave","floor":8.0},{"not_picked":["Pommel Strike","Dual Wield","Sever Soul"],"picked":"SKIP","floor":13.0},{"not_picked":["Heavy Blade","Pommel Strike"],"picked":"Clothesline","floor":14.0},{"not_picked":["Brutality","Limit Break"],"picked":"Offering","floor":16.0},{"not_picked":["True Grit","Shrug It Off"],"picked":"Blood for Blood","floor":18.0},{"not_picked":["Perfected Strike","Flex","Clash"],"picked":"SKIP","floor":21.0},{"not_picked":["Intimidate","Clash"],"picked":"Flame Barrier","floor":24.0},{"not_picked":["Pummel","Armaments"],"picked":"Combust+1","floor":27.0},{"not_picked":["Thunderclap+1","Clothesline"],"picked":"Disarm","floor":28.0},{"not_picked":["Infernal Blade","Cleave","Combust"],"picked":"SKIP","floor":31.0},{"not_picked":["Reaper","Berserk"],"picked":"Demon Form","floor":33.0},{"not_picked":["Wild Strike","Reckless Charge","Cleave+1"],"picked":"SKIP","floor":35.0},{"not_picked":["Power Through","Flex"],"picked":"Flame Barrier+1","floor":36.0},{"not_picked":["Twin Strike+1","Body Slam"],"picked":"Sword Boomerang","floor":37.0},{"not_picked":["Entrench","Thunderclap"],"picked":"Disarm","floor":41.0},{"not_picked":["Carnage","Perfected Strike"],"picked":"Pommel Strike+1","floor":44.0},{"not_picked":["Sever Soul","Cleave"],"picked":"Sword Boomerang","floor":46.0},{"not_picked":["Sentinel+1","Clothesline"],"picked":"Armaments+1","floor":47.0},{"not_picked":["Twin Strike","Metallicize+1"],"picked":"Corruption+1","floor":48.0}],"player_experience":133671,"relics_obtained":[{"floor":7.0,"key":"Centennial Puzzle"},{"floor":9.0,"key":"Bottled Flame"},{"floor":13.0,"key":"PreservedInsect"},{"floor":24.0,"key":"Boot"},{"floor":26.0,"key":"Whetstone"},{"floor":36.0,"key":"Girya"},{"floor":43.0,"key":"Toxic Egg 2"}],"event_choices":[{"damage_healed":0.0,"max_hp_gain":0.0,"max_hp_loss":0.0,"gold_gain":75.0,"event_name":"World of Goop","player_choice":"Gather Gold","floor":3.0,"gold_loss":0.0,"damage_taken":11.0},{"damage_healed":0.0,"max_hp_gain":0.0,"max_hp_loss":0.0,"gold_gain":0.0,"event_name":"Scrap Ooze","player_choice":"Success","floor":10.0,"gold_loss":0.0,"damage_taken":18.0,"relics_obtained":["Pantograph"]},{"damage_healed":0.0,"max_hp_gain":0.0,"max_hp_loss":0.0,"gold_gain":0.0,"event_name":"Nest","player_choice":"Joined the Cult","floor":19.0,"gold_loss":0.0,"damage_taken":6.0,"cards_obtained":["RitualDagger"]},{"damage_healed":0.0,"max_hp_gain":0.0,"max_hp_loss":0.0,"gold_gain":0.0,"event_name":"Forgotten Altar","player_choice":"Smashed Altar","floor":20.0,"gold_loss":0.0,"damage_taken":0.0,"cards_obtained":["Decay"]},{"damage_healed":0.0,"max_hp_gain":0.0,"max_hp_loss":0.0,"gold_gain":0.0,"event_name":"Back to Basics","player_choice":"Simplicity","floor":22.0,"gold_loss":0.0,"damage_taken":0.0,"cards_upgraded":["Strike_R","Strike_R","Strike_R","Strike_R","Defend_R","Defend_R","Defend_R","Defend_R"]},{"damage_healed":0.0,"max_hp_gain":0.0,"max_hp_loss":0.0,"gold_gain":0.0,"event_name":"Addict","player_choice":"Stole Relic","floor":29.0,"gold_loss":0.0,"damage_taken":0.0,"relics_obtained":["Regal Pillow"],"cards_obtained":["Shame"]},{"damage_healed":0.0,"max_hp_gain":0.0,"max_hp_loss":0.0,"gold_gain":0.0,"event_name":"MindBloom","player_choice":"Fight","floor":36.0,"gold_loss":0.0,"damage_taken":0.0},{"damage_healed":0.0,"max_hp_gain":0.0,"max_hp_loss":0.0,"gold_gain":0.0,"event_name":"Upgrade Shrine","player_choice":"Upgraded","floor":39.0,"gold_loss":0.0,"damage_taken":0.0,"cards_upgraded":["Demon Form"]}],"is_beta":false,"boss_relics":[{"not_picked":["Tiny House","Cursed Key"],"picked":"Mark of Pain"},{"not_picked":["Coffee Dripper","Empty Cage"],"picked":"Eternal Feather"}],"items_purged_floors":[2,30],"is_endless":false,"potions_floor_spawned":[1,8,16,18,27,31,33,36,41,47],"killed_by":"Awakened One","ascension_level":20}