{"gold_per_floor":[117,137,152,152,166,166,178,178,205,54,54,14,45,61,61,140,140,140,55,0,0,0,0,0,0,0,0,0,0,0,0,0,0,0,0,0,0,0,0,0,0,0,0,0,0,0,0,0,0,0,0,0,0,0,0],"floor_reached":56,"playtime":4331,"items_purged":["Regret"],"score":1882,"play_id":"77aac6a1-260c-4a5e-bfb1-db9bd16a5459","local_time":"20190517145806","is_ascension_mode":true,"campfire_choices":[{"data":"Crippling Poison","floor":6.0,"key":"SMITH"},{"data":"Footwork","floor":8.0,"key":"SMITH"},{"floor":15.0,"key":"REST"},{"floor":23.0,"key":"REST"},{"floor":27.0,"key":"REST"},{"floor":29.0,"key":"REST"},{"floor":32.0,"key":"REST"},{"data":"Malaise","floor":40.0,"key":"SMITH"},{"data":"Envenom","floor":42.0,"key":"SMITH"},{"floor":46.0,"key":"RECALL"},{"floor":49,"key":"REST"},{"data":"Catalyst","floor":52,"key":"SMITH"}],"neow_cost":"PERCENT_DAMAGE","seed_source_timestamp":3164012608624889,"circlet_count":0,"master_deck":["AscendersBane","Defend_G","Defend_G","Defend_G","Defend_G","Strike_G","Strike_G","Strike_G","Survivor","Neutralize","Footwork+1","Cloak And Dagger","Leg Sweep","Crippling Poison+1","Prepared","Crippling Poison","Corpse Explosion","Envenom+1","Bouncing Flask","Catalyst+1","Malaise+1","Calculated Gamble","Dodge and Roll+1","Cloak And Dagger+1","Venomology","Bouncing Flask","After Image","Tactician","PiercingWail+1","PiercingWail","Catalyst+1","Backflip+1"],"special_seed":0,"relics":["Ring of the Snake","Vajra","Bronze Scales","Ectoplasm","The Specimen","Art of War","Happy Flower","Mummified Hand","Runic Pyramid","Ginger","Red Mask","Turnip","Torii","Calipers"],"potions_floor_usage":[47,50,54,55],"damage_taken":[{"damage":2.0,"enemies":"Small Slimes","floor":1.0,"turns":5.0},{"damage":0.0,"enemies":"2 Louse","floor":2.0,"turns":5.0},{"damage":0.0,"enemies":"Jaw Worm","floor":3.0,"turns":8.0},{"damage":2.0,"enemies":"2 Fungi Beasts","floor":5.0,"turns":5.0},{"damage":0.0,"enemies":"Exordium Wildlife","floor":7.0,"turns":4.0},{"damage":19.0,"enemies":"3 Sentries","floor":13.0,"turns":12.0},{"damage":1.0,"enemies":"Large Slime","floor":14.0,"turns":7.0},{"damage":13.0,"enemies":"Hexaghost","floor":16.0,"turns":8.0},{"damage":15.0,"enemies":"Spheric Guardian","floor":18.0,"turns":4.0},{"damage":15.0,"enemies":"2 Thieves","floor":20.0,"turns":3.0},{"damage":38.0,"enemies":"Gremlin Leader","floor":24.0,"turns":5.0},{"damage":0.0,"enemies":"Snake Plant","floor":25.0,"turns":6.0},{"damage":14.0,"enemies":"Sentry and Sphere","floor":28.0,"turns":7.0},{"damage":2.0,"enemies":"Centurion and Healer","floor":30.0,"turns":6.0},{"damage":8.0,"enemies":"Book of Stabbing","floor":31.0,"turns":7.0},{"damage":0.0,"enemies":"Collector","floor":33.0,"turns":8.0},{"damage":0.0,"enemies":"3 Shapes","floor":35.0,"turns":3.0},{"damage":6.0,"enemies":"Mind Bloom Boss Battle","floor":36.0,"turns":9.0},{"damage":0.0,"enemies":"3 Darklings","floor":38.0,"turns":5.0},{"damage":0.0,"enemies":"Sphere and 2 Shapes","floor":39.0,"turns":4.0},{"damage":3.0,"enemies":"Writhing Mass","floor":44.0,"turns":6.0},{"damage":20.0,"enemies":"2 Orb Walkers","floor":45.0,"turns":4.0},{"damage":0,"enemies":"4 Shapes","floor":47,"turns":1},{"damage":0,"enemies":"Sphere and 2 Shapes","floor":48,"turns":3},{"damage":0,"enemies":"Time Eater","floor":50,"turns":11},{"damage":13,"enemies":"Shield and Spear","floor":54,"turns":5},{"damage":47,"enemies":"The Heart","floor":55,"turns":6}],"seed_played":"4557045164684681600","potions_obtained":[{"floor":1.0,"key":"SpeedPotion"},{"floor":5.0,"key":"AttackPotion"},{"floor":25.0,"key":"Fire Potion"},{"floor":33.0,"key":"Energy Potion"},{"floor":35.0,"key":"SteroidPotion"},{"floor":48,"key":"SteroidPotion"}],"is_trial":false,"path_per_floor":["M","M","M","?","M","R","M","R","T","$","?","?","E","M","R","B",null,"M","?","M","?","?","R","E","M","T","R","M","R","M","E","R","B",null,"M","?","?","M","M","R","?","R","T","M","?","R","M","M","R","B",null,"R","$","E","B",null],"character_chosen":"THE_SILENT","items_purchased":["Corpse Explosion"],"campfire_rested":6,"item_purchase_floors":[10],"current_hp_per_floor":[43,43,43,43,41,41,41,41,41,41,41,41,22,21,42,29,60,45,45,30,30,30,51,13,13,13,34,20,41,39,31,52,52,66,66,60,60,60,60,60,60,60,60,57,37,37,37,37,58,58,67,67,67,54,7],"gold":0,"neow_bonus":"TRANSFORM_TWO_CARDS","is_prod":false,"is_daily":false,"chose_seed":false,"campfire_upgraded":5,"win_rate":0,"timestamp":1558130286,"path_taken":["M","M","M","?","M","R","M","R","T","$","?","?","E","M","R","BOSS","M","?","M","?","?","R","E","M","T","R","M","R","M","E","R","BOSS","M","?","?","M","M","R","?","R","T","M","?","R","M","?","R","BOSS","R","$","E","BOSS"],"build_version":"2019-01-23","purchased_purges":1,"victory":true,"max_hp_per_floor":[70,70,70,70,70,70,70,70,70,70,70,70,70,70,70,70,70,70,70,70,70,70,70,70,70,70,70,70,70,70,70,70,70,70,70,70,70,70,70,70,70,70,70,70,70,70,70,70,70,70,70,70,70,70,70],"card_choices":[{"not_picked":["Riddle With Holes","Dagger Throw"],"picked":"Cloak And Dagger","floor":1.0},{"not_picked":["Dagger Throw","Choke"],"picked":"Leg Sweep","floor":2.0},{"not_picked":["Bane","Underhanded Strike"],"picked":"Crippling Poison","floor":3.0},{"not_picked":["Endless Agony","Expertise"],"picked":"Prepared","floor":5.0},{"not_picked":["Dodge and Roll","Deadly Poison"],"picked":"Crippling Poison","floor":7.0},{"not_picked":["Quick Slash","Catalyst"],"picked":"Bouncing Flask","floor":13.0},{"not_picked":["PiercingWail","Outmaneuver"],"picked":"Catalyst","floor":14.0},{"not_picked":["Night Terror","Bullet Time"],"picked":"Malaise","floor":16.0},{"not_picked":["Heel Hook","Predator"],"picked":"Calculated Gamble","floor":18.0},{"not_picked":["Dagger Spray","Deflect","All Out Attack"],"picked":"SKIP","floor":20.0},{"not_picked":["Outmaneuver+1","Escape Plan+1"],"picked":"Dodge and Roll+1","floor":24.0},{"not_picked":["Concentrate","Deadly Poison"],"picked":"Cloak And Dagger+1","floor":25.0},{"not_picked":["Flying Knee","Blade Dance"],"picked":"Venomology","floor":28.0},{"not_picked":["Flying Knee","Blade Dance","Calculated Gamble"],"picked":"SKIP","floor":30.0},{"not_picked":["Envenom","Terror"],"picked":"Bouncing Flask","floor":31.0},{"not_picked":["Grand Finale","Storm of Steel"],"picked":"After Image","floor":33.0},{"not_picked":["Poisoned Stab","Dagger Throw"],"picked":"Tactician","floor":35.0},{"not_picked":["Sucker Punch","Flechettes"],"picked":"PiercingWail+1","floor":38.0},{"not_picked":["Dodge and Roll","Tactician+1"],"picked":"PiercingWail","floor":39.0},{"not_picked":["Poisoned Stab","Calculated Gamble"],"picked":"Catalyst+1","floor":44.0},{"not_picked":["Acrobatics","Choke"],"picked":"Backflip+1","floor":48},{"not_picked":["Cloak And Dagger","Flying Knee","Skewer"],"picked":"SKIP","floor":54}],"player_experience":622810,"relics_obtained":[{"floor":13.0,"key":"Bronze Scales"},{"floor":24.0,"key":"Art of War"},{"floor":26.0,"key":"Happy Flower"},{"floor":31.0,"key":"Mummified Hand"},{"floor":36.0,"key":"Ginger"},{"floor":43.0,"key":"Turnip"},{"floor":45.0,"key":"Torii"},{"floor":54,"key":"Calipers"}],"event_choices":[{"damage_healed":0.0,"max_hp_gain":0.0,"max_hp_loss":0.0,"gold_gain":0.0,"event_name":"Big Fish","player_choice":"Box","floor":4.0,"gold_loss":0.0,"damage_taken":0.0,"relics_obtained":["Vajra"],"cards_obtained":["Regret"]},{"damage_healed":0.0,"max_hp_gain":0.0,"max_hp_loss":0.0,"gold_gain":0.0,"cards_transformed":["Eviscerate"],"event_name":"Living Wall","player_choice":"Change","floor":11.0,"gold_loss":0.0,"damage_taken":0.0,"cards_obtained":["Envenom"]},{"damage_healed":0.0,"max_hp_gain":0.0,"max_hp_loss":0.0,"gold_gain":0.0,"event_name":"World of Goop","player_choice":"Left Gold","floor":12.0,"gold_loss":40.0,"damage_taken":0.0},{"damage_healed":0.0,"max_hp_gain":0.0,"max_hp_loss":0.0,"gold_gain":0.0,"event_name":"Addict","player_choice":"Obtained Relic","floor":19.0,"gold_loss":85.0,"damage_taken":0.0,"relics_obtained":["The Specimen"]},{"damage_healed":0.0,"max_hp_gain":0.0,"max_hp_loss":0.0,"gold_gain":0.0,"event_name":"Forgotten Altar","player_choice":"Smashed Altar","floor":21.0,"gold_loss":0.0,"damage_taken":0.0,"cards_obtained":["Decay"]},{"cards_removed":["Decay"],"damage_healed":0.0,"max_hp_gain":0.0,"max_hp_loss":0.0,"gold_gain":0.0,"event_name":"Back to Basics","player_choice":"Elegance","floor":22.0,"gold_loss":0.0,"damage_taken":0.0},{"damage_healed":0.0,"max_hp_gain":0.0,"max_hp_loss":0.0,"gold_gain":0.0,"event_name":"MindBloom","player_choice":"Fight","floor":36.0,"gold_loss":0.0,"damage_taken":0.0},{"damage_healed":0.0,"max_hp_gain":0.0,"max_hp_loss":0.0,"gold_gain":0.0,"event_name":"Tomb of Lord Red Mask","player_choice":"Paid","floor":37.0,"gold_loss":0.0,"damage_taken":0.0,"relics_obtained":["Red Mask"]},{"cards_removed":["Defend_G"],"damage_healed":0.0,"max_hp_gain":0.0,"max_hp_loss":0.0,"gold_gain":0.0,"event_name":"Falling","player_choice":"Removed Skill","floor":41.0,"gold_loss":0.0,"damage_taken":0.0},{"damage_healed":0.0,"max_hp_gain":0.0,"max_hp_loss":0.0,"gold_gain":0.0,"event_name":"Mysterious Sphere","player_choice":"Fight","floor":45.0,"gold_loss":0.0,"damage_taken":0.0}],"is_beta":false,"boss_relics":[{"not_picked":["Orrery","Ring of the Serpent"],"picked":"Ectoplasm"},{"not_picked":["Snecko Eye","Cursed Key"],"picked":"Runic Pyramid"}],"items_purged_floors":[10],"is_endless":false,"potions_floor_spawned":[1,5,7,25,33,35,39,47,48,54],"ascension_level":13}