{"gold_per_floor":[117,117,129,141,157,157,157,192,192,32,53,78,78,99,99,99],"floor_reached":16,"playtime":601,"items_purged":[],"score":166,"play_id":"afc608d1-7fa4-417d-b045-eda78758614c","local_time":"20190606054002","is_ascension_mode":true,"campfire_choices":[{"floor":6.0,"key":"REST"},{"data":"Catalyst","floor":13.0,"key":"SMITH"},{"floor":15.0,"key":"REST"}],"neow_cost":"NONE","seed_source_timestamp":175432135600900,"circlet_count":0,"master_deck":["AscendersBane","Defend_G","Defend_G","Defend_G","Defend_G","Strike_G","Strike_G","Strike_G","Strike_G","Survivor","Neutralize","Catalyst","Dagger Spray","Catalyst+1","Distraction","Deadly Poison","Burst","Escape Plan","Dagger Spray","Poisoned Stab"],"special_seed":0,"relics":["Ring of the Snake","Golden Idol","Potion Belt","Meat on the Bone"],"potions_floor_usage":[16],"damage_taken":[{"damage":2.0,"enemies":"Jaw Worm","floor":1.0,"turns":6.0},{"damage":12.0,"enemies":"Cultist","floor":3.0,"turns":6.0},{"damage":0.0,"enemies":"Small Slimes","floor":4.0,"turns":2.0},{"damage":12.0,"enemies":"Blue Slaver","floor":5.0,"turns":5.0},{"damage":43.0,"enemies":"Gremlin Nob","floor":8.0,"turns":7.0},{"damage":10.0,"enemies":"Lots of Slimes","floor":11.0,"turns":3.0},{"damage":6.0,"enemies":"Exordium Thugs","floor":12.0,"turns":3.0},{"damage":0.0,"enemies":"Blue Slaver","floor":14.0,"turns":3.0},{"damage":61,"enemies":"Slime Boss","floor":16,"turns":9}],"seed_played":"7029479947441619224","potions_obtained":[{"floor":3.0,"key":"GhostInAJar"},{"floor":5.0,"key":"Block Potion"},{"floor":8.0,"key":"GamblersBrew"}],"is_trial":false,"path_per_floor":["M","?","M","M","M","R","?","E","T","$","M","M","R","M","R","B"],"character_chosen":"THE_SILENT","items_purchased":["Burst"],"campfire_rested":2,"item_purchase_floors":[10],"current_hp_per_floor":[61,61,49,49,37,58,58,15,15,15,17,23,23,35,54,0],"gold":99,"neow_bonus":"REMOVE_CARD","is_prod":false,"is_daily":false,"chose_seed":false,"campfire_upgraded":1,"win_rate":0,"timestamp":1559824802,"path_taken":["M","?","?","M","M","R","?","E","T","$","M","M","R","M","R","BOSS"],"build_version":"2019-01-23","purchased_purges":0,"victory":false,"max_hp_per_floor":[70,70,70,70,70,70,65,65,65,65,65,65,65,65,65,65],"card_choices":[{"not_picked":["Flying Knee","Outmaneuver"],"picked":"Catalyst","floor":1.0},{"not_picked":["Finisher","Bane"],"picked":"Dagger Spray","floor":3.0},{"not_picked":["Dagger Throw","Choke"],"picked":"Catalyst","floor":4.0},{"not_picked":["Underhanded Strike","Terror"],"picked":"Distraction","floor":5.0},{"not_picked":["PiercingWail","Riddle With Holes"],"picked":"Deadly Poison","floor":8.0},{"not_picked":["Concentrate","A Thousand Cuts"],"picked":"Escape Plan","floor":11.0},{"not_picked":["Flying Knee","Slice"],"picked":"Dagger Spray","floor":12.0},{"not_picked":["Blade Dance","Backflip"],"picked":"Poisoned Stab","floor":14.0}],"player_experience":336400,"relics_obtained":[{"floor":8.0,"key":"Potion Belt"},{"floor":9.0,"key":"Meat on the Bone"}],"event_choices":[{"cards_removed":["Strike_G"],"damage_healed":0.0,"max_hp_gain":0.0,"max_hp_loss":0.0,"gold_gain":0.0,"event_name":"Bonfire Elementals","player_choice":"Offered Basic","floor":2.0,"gold_loss":0.0,"damage_taken":0.0},{"damage_healed":0.0,"max_hp_gain":0.0,"max_hp_loss":5.0,"gold_gain":0.0,"event_name":"Golden Idol","player_choice":"Lose Max HP","floor":7.0,"gold_loss":0.0,"damage_taken":0.0,"relics_obtained":["Golden Idol"]}],"is_beta":false,"boss_relics":[],"items_purged_floors":[],"is_endless":false,"potions_floor_spawned":[3,5,8],"killed_by":"Slime Boss","ascension_level":12}