{"gold_per_floor":[13,13,31,31,44,72,72,102,114,159,57,75,75,86,86,190,190,210,221,321,321,395,395],"floor_reached":23,"playtime":1112,"items_purged":[],"score":282,"play_id":"8dd90194-e672-4c3a-b193-47240c6de29b","local_time":"20190324010138","is_ascension_mode":true,"campfire_choices":[{"floor":13.0,"key":"REST"},{"data":"Carnage","floor":15.0,"key":"SMITH"}],"neow_cost":"NO_GOLD","seed_source_timestamp":51630558894786,"circlet_count":0,"master_deck":["Strike_R","Strike_R","Strike_R","Strike_R","Strike_R","Defend_R","Defend_R","Defend_R+1","Defend_R+1","Bash+1","Swift Strike","Forethought","Flame Barrier","Carnage+1","Headbutt","Perfected Strike","Spot Weakness","Inflame","Sword Boomerang","Evolve","Offering","Cleave","Headbutt+1","Warcry+1","Corruption"],"special_seed":0,"relics":["Burning Blood","Darkstone Periapt","MawBank","Mercury Hourglass","Kunai","White Beast Statue","Shovel","Singing Bowl","Question Card"],"potions_floor_usage":[23],"damage_taken":[{"damage":9.0,"enemies":"Jaw Worm","floor":1.0,"turns":3.0},{"damage":14.0,"enemies":"Small Slimes","floor":3.0,"turns":3.0},{"damage":1.0,"enemies":"2 Louse","floor":5.0,"turns":3.0},{"damage":28.0,"enemies":"Lagavulin","floor":6.0,"turns":6.0},{"damage":11.0,"enemies":"Gremlin Nob","floor":8.0,"turns":4.0},{"damage":9.0,"enemies":"3 Sentries","floor":10.0,"turns":5.0},{"damage":2.0,"enemies":"Red Slaver","floor":12.0,"turns":2.0},{"damage":3.0,"enemies":"Looter","floor":14.0,"turns":3.0},{"damage":3.0,"enemies":"Slime Boss","floor":16.0,"turns":6.0},{"damage":3.0,"enemies":"Spheric Guardian","floor":18.0,"turns":3.0},{"damage":10.0,"enemies":"Chosen","floor":19.0,"turns":3.0},{"damage":8.0,"enemies":"Colosseum Slavers","floor":20.0,"turns":3.0},{"damage":36.0,"enemies":"Colosseum Nobs","floor":20.0,"turns":4.0},{"damage":42,"enemies":"Book of Stabbing","floor":23,"turns":3}],"seed_played":"-125538815614995997","potions_obtained":[{"floor":1.0,"key":"Block Potion"},{"floor":3.0,"key":"GamblersBrew"},{"floor":8.0,"key":"SneckoOil"},{"floor":10.0,"key":"Block Potion"},{"floor":18.0,"key":"Weak Potion"},{"floor":19.0,"key":"Strength Potion"},{"floor":20.0,"key":"PowerPotion"}],"is_trial":false,"path_per_floor":["M","?","M","$","M","E","?","E","T","E","$","M","R","M","R","B",null,"M","M","?","?","T","E"],"character_chosen":"IRONCLAD","items_purchased":["Spot Weakness","Inflame"],"campfire_rested":1,"item_purchase_floors":[11,11],"current_hp_per_floor":[69,69,61,61,66,44,28,23,23,20,20,24,48,51,51,54,74,77,73,41,41,41,0],"gold":395,"neow_bonus":"RANDOM_COLORLESS_2","is_prod":false,"is_daily":false,"chose_seed":false,"campfire_upgraded":1,"win_rate":0,"timestamp":1553385698,"path_taken":["M","?","M","$","M","E","?","E","T","E","$","M","R","M","R","BOSS","M","M","?","?","?","E"],"build_version":"2019-01-23","purchased_purges":0,"victory":false,"max_hp_per_floor":[80,80,80,80,80,80,80,80,80,80,80,80,80,80,80,80,80,80,80,80,80,80,80],"card_choices":[{"not_picked":["Thunderclap","Anger"],"picked":"Flame Barrier","floor":1.0},{"not_picked":["Power Through","Corruption"],"picked":"Carnage","floor":3.0},{"not_picked":["Flex","Headbutt","Clash"],"picked":"SKIP","floor":5.0},{"not_picked":["Flex","Clash"],"picked":"Headbutt","floor":5.0},{"not_picked":["Body Slam","Clothesline","Berserk"],"picked":"SKIP","floor":6.0},{"not_picked":["Feel No Pain","True Grit"],"picked":"Perfected Strike","floor":8.0},{"not_picked":["Reckless Charge","Headbutt","Hemokinesis"],"picked":"SKIP","floor":10.0},{"not_picked":["Infernal Blade","Demon Form"],"picked":"Sword Boomerang","floor":12.0},{"not_picked":["Body Slam","Clash"],"picked":"Evolve","floor":14.0},{"not_picked":["Impervious","Fiend Fire"],"picked":"Offering","floor":16.0},{"not_picked":["Inflame","Shockwave"],"picked":"Cleave","floor":18.0},{"not_picked":["Thunderclap+1","Flex"],"picked":"Headbutt+1","floor":19.0},{"not_picked":["Searing Blow","Pommel Strike"],"picked":"Warcry+1","floor":20.0}],"player_experience":75796,"relics_obtained":[{"floor":6.0,"key":"Darkstone Periapt"},{"floor":8.0,"key":"MawBank"},{"floor":9.0,"key":"Mercury Hourglass"},{"floor":10.0,"key":"Kunai"},{"floor":20.0,"key":"Shovel"},{"floor":20.0,"key":"Singing Bowl"},{"floor":22.0,"key":"Question Card"}],"event_choices":[{"damage_healed":0.0,"max_hp_gain":0.0,"max_hp_loss":0.0,"gold_gain":0.0,"event_name":"Living Wall","player_choice":"Grow","floor":2.0,"gold_loss":0.0,"damage_taken":0.0,"cards_upgraded":["Bash"]},{"damage_healed":0.0,"max_hp_gain":0.0,"max_hp_loss":0.0,"gold_gain":0.0,"event_name":"Shining Light","player_choice":"Entered Light","floor":7.0,"gold_loss":0.0,"damage_taken":16.0,"cards_upgraded":["Defend_R","Defend_R"]},{"damage_healed":0.0,"max_hp_gain":0.0,"max_hp_loss":0.0,"gold_gain":0.0,"event_name":"Colosseum","player_choice":"Fight","floor":20.0,"gold_loss":0.0,"damage_taken":0.0},{"damage_healed":0.0,"max_hp_gain":0.0,"max_hp_loss":0.0,"gold_gain":0.0,"event_name":"Colosseum","player_choice":"Fought Nobs","floor":20.0,"gold_loss":0.0,"damage_taken":0.0},{"damage_healed":0.0,"max_hp_gain":0.0,"max_hp_loss":0.0,"gold_gain":0.0,"event_name":"The Library","player_choice":"Read","floor":21.0,"gold_loss":0.0,"damage_taken":0.0,"cards_obtained":["Corruption"]}],"is_beta":false,"boss_relics":[{"not_picked":["Eternal Feather","Lizard Tail"],"picked":"White Beast Statue"}],"items_purged_floors":[],"is_endless":false,"potions_floor_spawned":[1,3,8,10,18,19,20,20],"killed_by":"Book of Stabbing","ascension_level":7}