{"gold_per_floor":[109,109,184,184,203,236,236,266,266,149,162,337,337,357,357,461,461,471,471,200,213,16,51,51,51,51,51,69,69,83,100,100,202,202,217,317,317,217,230,230,246,265,291,291,291,291,291,326,326,326],"floor_reached":51,"playtime":1876,"items_purged":["Regret","Doubt"],"score":1247,"play_id":"aa1f9a4a-c349-4cba-a3f6-205ba8574fe0","local_time":"20190606075450","is_ascension_mode":true,"campfire_choices":[{"data":"Survivor","floor":7.0,"key":"SMITH"},{"data":"Catalyst","floor":15.0,"key":"SMITH"},{"data":"Bouncing Flask","floor":24,"key":"SMITH"},{"data":"Deadly Poison","floor":27,"key":"SMITH"},{"data":"Envenom","floor":29,"key":"SMITH"},{"data":"Corpse Explosion","floor":32,"key":"SMITH"},{"data":"Burst","floor":40,"key":"SMITH"},{"floor":45,"key":"REST"},{"data":"Apotheosis","floor":49,"key":"SMITH"}],"neow_cost":"NONE","seed_source_timestamp":182445581908400,"circlet_count":0,"master_deck":["AscendersBane","Defend_G","Defend_G+1","Defend_G","Defend_G","Defend_G+1","Strike_G","Strike_G","Strike_G","Strike_G","Survivor+1","Neutralize","Dagger Spray","Crippling Poison","Bouncing Flask+1","Deadly Poison+1","Envenom+1","Catalyst+1","Bullet Time","Backflip","Crippling Poison","Dash+1","Well Laid Plans+1","Corpse Explosion+1","Burst+1","Blur+1","Bouncing Flask","PiercingWail+1","Noxious Fumes","Dagger Throw+1","Apotheosis+1"],"special_seed":0,"relics":["Ring of the Snake","NeowsBlessing","Potion Belt","War Paint","Singing Bowl","Mercury Hourglass","Meat on the Bone","Pantograph","Sozu","Lee\u0027s Waffle","TwistedFunnel","Centennial Puzzle","Dodecahedron","Orrery","Pocketwatch","Bronze Scales","FossilizedHelix"],"potions_floor_usage":[21],"damage_taken":[{"damage":0.0,"enemies":"2 Louse","floor":1.0,"turns":1.0},{"damage":0.0,"enemies":"Jaw Worm","floor":5.0,"turns":1.0},{"damage":0.0,"enemies":"Gremlin Nob","floor":6.0,"turns":1.0},{"damage":32.0,"enemies":"Lagavulin","floor":8.0,"turns":12.0},{"damage":4.0,"enemies":"Cultist","floor":11.0,"turns":4.0},{"damage":12.0,"enemies":"2 Fungi Beasts","floor":14.0,"turns":4.0},{"damage":14.0,"enemies":"The Guardian","floor":16.0,"turns":7.0},{"damage":13.0,"enemies":"Shell Parasite","floor":18.0,"turns":5.0},{"damage":11,"enemies":"2 Thieves","floor":21,"turns":3},{"damage":36,"enemies":"Slavers","floor":23,"turns":4},{"damage":0,"enemies":"Chosen and Byrds","floor":28,"turns":4},{"damage":0,"enemies":"Sentry and Sphere","floor":30,"turns":3},{"damage":11,"enemies":"Snecko","floor":31,"turns":4},{"damage":64,"enemies":"Collector","floor":33,"turns":7},{"damage":16,"enemies":"3 Darklings","floor":35,"turns":3},{"damage":36,"enemies":"Mind Bloom Boss Battle","floor":36,"turns":4},{"damage":0,"enemies":"3 Shapes","floor":39,"turns":2},{"damage":21,"enemies":"Transient","floor":41,"turns":5},{"damage":19,"enemies":"4 Shapes","floor":42,"turns":4},{"damage":29,"enemies":"Reptomancer","floor":48,"turns":5},{"damage":36,"enemies":"Awakened One","floor":50,"turns":11}],"seed_played":"6216757324162243460","potions_obtained":[{"floor":5.0,"key":"Dexterity Potion"},{"floor":6.0,"key":"LiquidBronze"},{"floor":11.0,"key":"PowerPotion"},{"floor":16.0,"key":"Fire Potion"}],"is_trial":false,"path_per_floor":["M","?","?","T","M","E","R","E","T","?","M","?","?","M","R","B",null,"M","?","$","M","$","E","R","?","T","R","M","R","M","M","R","B",null,"M","?","?","$","M","R","M","M","T","?","R","?","?","E","R","B",null],"character_chosen":"THE_SILENT","items_purchased":["Lee\u0027s Waffle","TwistedFunnel"],"campfire_rested":1,"item_purchase_floors":[20,22],"current_hp_per_floor":[63,63,52,52,52,54,54,22,22,22,30,30,30,32,32,43,66,53,53,81,70,70,46,46,46,46,46,48,48,48,51,51,24,76,60,49,49,49,51,51,44,37,37,31,60,60,60,45,45,46],"gold":326,"neow_bonus":"THREE_ENEMY_KILL","is_prod":false,"is_daily":false,"chose_seed":false,"campfire_upgraded":8,"win_rate":0,"timestamp":1559832890,"path_taken":["M","?","?","?","M","E","R","E","T","?","?","?","?","?","R","BOSS","M","?","$","?","$","E","R","?","T","R","M","R","M","?","R","BOSS","M","?","?","$","?","R","M","M","T","?","R","?","?","E","R","BOSS"],"build_version":"2019-01-23","purchased_purges":2,"victory":true,"max_hp_per_floor":[70,70,70,70,70,72,72,72,72,72,72,72,72,74,74,74,74,74,74,81,81,81,81,81,81,81,81,83,83,83,85,85,85,91,91,91,91,91,93,93,95,95,95,99,99,99,99,101,101,101],"card_choices":[{"not_picked":["Dodge and Roll","Terror"],"picked":"Dagger Spray","floor":1.0},{"not_picked":["Slice","Dodge and Roll"],"picked":"Crippling Poison","floor":5.0},{"not_picked":["Flying Knee","All Out Attack","Flechettes"],"picked":"Singing Bowl","floor":6.0},{"not_picked":["Poisoned Stab","Predator"],"picked":"Bouncing Flask","floor":8.0},{"not_picked":["Bane","Deflect"],"picked":"Deadly Poison","floor":11.0},{"not_picked":["Quick Slash","Wraith Form v2","Escape Plan"],"picked":"Singing Bowl","floor":14.0},{"not_picked":["Die Die Die","Wraith Form v2"],"picked":"Bullet Time","floor":16.0},{"not_picked":["Sucker Punch","Dodge and Roll"],"picked":"Backflip","floor":18.0},{"not_picked":["Deadly Poison","Flechettes"],"picked":"Dash+1","floor":21},{"not_picked":["Quick Slash","Riddle With Holes"],"picked":"Well Laid Plans","floor":23},{"not_picked":["Cloak And Dagger","Flying Knee","Acrobatics"],"picked":"Singing Bowl","floor":28},{"not_picked":["Sucker Punch","Heel Hook"],"picked":"Corpse Explosion","floor":30},{"not_picked":["Quick Slash","Dagger Spray","Bane"],"picked":"Singing Bowl","floor":31},{"not_picked":["Unload","A Thousand Cuts"],"picked":"Burst","floor":33},{"not_picked":["Dagger Throw","Prepared","Endless Agony"],"picked":"Singing Bowl","floor":34},{"not_picked":["Quick Slash","Slice","Sucker Punch"],"picked":"Singing Bowl","floor":34},{"not_picked":["Crippling Poison","Underhanded Strike","Unload"],"picked":"Singing Bowl","floor":34},{"not_picked":["Dodge and Roll","Prepared+1"],"picked":"Blur+1","floor":34},{"not_picked":["Blur","Dodge and Roll"],"picked":"Bouncing Flask","floor":34},{"not_picked":["Crippling Poison","Flying Knee"],"picked":"PiercingWail+1","floor":35},{"not_picked":["Outmaneuver","Escape Plan"],"picked":"Noxious Fumes","floor":36},{"not_picked":["Poisoned Stab","Dash+1","Tools of the Trade"],"picked":"Singing Bowl","floor":39},{"not_picked":["Skewer+1","Blade Dance","Riddle With Holes"],"picked":"Singing Bowl","floor":41},{"not_picked":["Finisher+1","Deflect"],"picked":"Dagger Throw+1","floor":42},{"not_picked":["Forethought","Panacea","Dramatic Entrance"],"picked":"Singing Bowl","floor":44},{"not_picked":["Good Instincts","Dramatic Entrance","Swift Strike"],"picked":"Singing Bowl","floor":44},{"not_picked":["Good Instincts","Impatience"],"picked":"Apotheosis","floor":44},{"not_picked":["Dagger Throw+1","Eviscerate+1","Heel Hook+1"],"picked":"Singing Bowl","floor":48}],"player_experience":342333,"relics_obtained":[{"floor":4.0,"key":"War Paint"},{"floor":6.0,"key":"Singing Bowl"},{"floor":8.0,"key":"Mercury Hourglass"},{"floor":9.0,"key":"Meat on the Bone"},{"floor":23,"key":"Centennial Puzzle"},{"floor":26,"key":"Dodecahedron"},{"floor":36,"key":"Pocketwatch"},{"floor":43,"key":"Bronze Scales"},{"floor":48,"key":"FossilizedHelix"}],"event_choices":[{"damage_healed":0.0,"max_hp_gain":0.0,"max_hp_loss":0.0,"gold_gain":0.0,"event_name":"Big Fish","player_choice":"Box","floor":2.0,"gold_loss":0.0,"damage_taken":0.0,"relics_obtained":["Potion Belt"],"cards_obtained":["Regret"]},{"damage_healed":0.0,"max_hp_gain":0.0,"max_hp_loss":0.0,"gold_gain":75.0,"event_name":"World of Goop","player_choice":"Gather Gold","floor":3.0,"gold_loss":0.0,"damage_taken":11.0},{"damage_healed":0.0,"max_hp_gain":0.0,"max_hp_loss":0.0,"gold_gain":0.0,"event_name":"WeMeetAgain","player_choice":"Paid Gold","floor":10.0,"gold_loss":117.0,"damage_taken":0.0,"relics_obtained":["Pantograph"]},{"damage_healed":0.0,"max_hp_gain":0.0,"max_hp_loss":0.0,"gold_gain":175.0,"event_name":"Liars Game","player_choice":"AGREE","floor":12.0,"gold_loss":0.0,"damage_taken":0.0,"cards_obtained":["Doubt"]},{"damage_healed":0.0,"max_hp_gain":0.0,"max_hp_loss":0.0,"gold_gain":0.0,"event_name":"Match and Keep!","player_choice":"2 cards matched","floor":13.0,"gold_loss":0.0,"damage_taken":0.0,"cards_obtained":["Envenom","Catalyst"]},{"damage_healed":0,"gold_gain":0,"cards_transformed":["Strike_G"],"player_choice":"Transformed","damage_taken":0,"max_hp_gain":0,"max_hp_loss":0,"event_name":"Transmorgrifier","floor":19,"gold_loss":0,"cards_obtained":["Crippling Poison"]},{"damage_healed":0,"gold_gain":0,"player_choice":"Forge","damage_taken":0,"max_hp_gain":0,"max_hp_loss":0,"event_name":"Accursed Blacksmith","floor":25,"gold_loss":0,"cards_upgraded":["Well Laid Plans"]},{"damage_healed":0,"gold_gain":0,"player_choice":"Fight","damage_taken":0,"max_hp_gain":0,"max_hp_loss":0,"event_name":"MindBloom","floor":36,"gold_loss":0},{"damage_healed":0,"gold_gain":0,"player_choice":"Ignored","damage_taken":0,"max_hp_gain":0,"max_hp_loss":0,"event_name":"Tomb of Lord Red Mask","floor":37,"gold_loss":0},{"damage_healed":0,"gold_gain":0,"player_choice":"Memory 3","damage_taken":10,"max_hp_gain":0,"max_hp_loss":0,"event_name":"SensoryStone","floor":44,"gold_loss":0},{"damage_healed":0,"gold_gain":0,"player_choice":"Ignored","damage_taken":0,"max_hp_gain":0,"max_hp_loss":0,"event_name":"Mysterious Sphere","floor":46,"gold_loss":0},{"damage_healed":0,"gold_gain":0,"player_choice":"Got Potions","damage_taken":0,"max_hp_gain":0,"max_hp_loss":0,"event_name":"Lab","floor":47,"gold_loss":0}],"is_beta":false,"boss_relics":[{"not_picked":["Astrolabe","Tiny House"],"picked":"Sozu"},{"not_picked":["Runic Dome","Cursed Key"],"picked":"Orrery"}],"items_purged_floors":[20,38],"is_endless":false,"potions_floor_spawned":[5,6,11,16,30,31,33,36,48],"ascension_level":12}