{"gold_per_floor":[117,117,137,148,166,193,208,235,235,235,264,264,280,293,293,394,394,406,406,406],"floor_reached":20,"playtime":2000,"items_purged":[],"score":260,"play_id":"27cadf66-5341-45d8-aa10-169dec1791f7","local_time":"20190604204623","is_ascension_mode":true,"campfire_choices":[{"floor":10,"key":"REST"},{"floor":12,"key":"RECALL"},{"data":"True Grit","floor":15,"key":"SMITH"}],"neow_cost":"NONE","seed_source_timestamp":271524851404800,"circlet_count":0,"master_deck":["Strike_R","Strike_R","Strike_R","Strike_R","Strike_R","Defend_R","Defend_R","Defend_R","Defend_R","Bash","Feed","Uppercut","True Grit+1","Whirlwind","Rampage","Headbutt","Shockwave"],"relics":["Black Blood","Bag of Marbles","Juzu Bracelet","Happy Flower"],"potions_floor_usage":[4,8,8,11,16,16,20,20],"damage_taken":[{"damage":0,"enemies":"2 Louse","floor":1,"turns":2},{"damage":7,"enemies":"Jaw Worm","floor":3,"turns":3},{"damage":1,"enemies":"Cultist","floor":4,"turns":3},{"damage":17,"enemies":"2 Fungi Beasts","floor":5,"turns":3},{"damage":41,"enemies":"3 Sentries","floor":6,"turns":14},{"damage":0,"enemies":"Large Slime","floor":7,"turns":5},{"damage":42,"enemies":"Lagavulin","floor":8,"turns":8},{"damage":6,"enemies":"Gremlin Nob","floor":11,"turns":3},{"damage":5,"enemies":"Blue Slaver","floor":13,"turns":3},{"damage":5,"enemies":"Looter","floor":14,"turns":3},{"damage":41,"enemies":"The Guardian","floor":16,"turns":15},{"damage":45,"enemies":"Spheric Guardian","floor":18,"turns":7},{"damage":17,"enemies":"Colosseum Slavers","floor":20,"turns":2},{"damage":56,"enemies":"Colosseum Nobs","floor":20,"turns":3}],"seed_played":"8090792523729386582","potions_obtained":[{"floor":1,"key":"Swift Potion"},{"floor":3,"key":"AttackPotion"},{"floor":5,"key":"Weak Potion"},{"floor":8,"key":"Energy Potion"},{"floor":11,"key":"Explosive Potion"},{"floor":13,"key":"EssenceOfSteel"},{"floor":14,"key":"Weak Potion"},{"floor":18,"key":"SteroidPotion"}],"is_trial":false,"path_per_floor":["M","?","M","M","M","E","M","E","T","R","E","R","M","M","R","B",null,"M","?","?"],"character_chosen":"IRONCLAD","items_purchased":[],"campfire_rested":1,"item_purchase_floors":[],"current_hp_per_floor":[83,83,85,86,78,46,52,16,16,43,43,43,47,48,48,13,95,60,60,0],"gold":406,"neow_bonus":"ONE_RANDOM_RARE_CARD","is_prod":false,"is_daily":false,"chose_seed":false,"campfire_upgraded":1,"win_rate":0,"timestamp":1559673983,"path_taken":["M","?","M","M","M","E","M","E","T","R","E","R","M","M","R","BOSS","M","?","?"],"build_version":"2019-01-23","purchased_purges":0,"victory":false,"max_hp_per_floor":[83,83,86,86,89,92,92,92,92,92,92,92,95,95,95,95,95,95,95,95],"card_choices":[{"not_picked":["Battle Trance","Iron Wave"],"picked":"Uppercut","floor":1},{"not_picked":["Searing Blow","Body Slam","Sword Boomerang"],"picked":"SKIP","floor":3},{"not_picked":["Infernal Blade","Warcry","Clash"],"picked":"SKIP","floor":4},{"not_picked":["Dropkick","Wild Strike"],"picked":"True Grit","floor":5},{"not_picked":["Bludgeon","Iron Wave"],"picked":"Whirlwind","floor":6},{"not_picked":["Anger","Headbutt"],"picked":"Rampage","floor":7},{"not_picked":["Wild Strike","Dark Embrace"],"picked":"Headbutt","floor":8},{"not_picked":["Combust","Heavy Blade","Body Slam"],"picked":"SKIP","floor":11},{"not_picked":["Intimidate","Cleave","Clash"],"picked":"SKIP","floor":13},{"not_picked":["Perfected Strike","Iron Wave","Sword Boomerang"],"picked":"SKIP","floor":14},{"not_picked":["Pommel Strike","Dropkick+1","Clothesline"],"picked":"SKIP","floor":18}],"player_experience":363629,"relics_obtained":[{"floor":6,"key":"Bag of Marbles"},{"floor":8,"key":"Juzu Bracelet"},{"floor":11,"key":"Happy Flower"}],"event_choices":[{"damage_healed":0,"gold_gain":0,"player_choice":"Ignored","damage_taken":0,"max_hp_gain":0,"max_hp_loss":0,"event_name":"Liars Game","floor":2,"gold_loss":0},{"damage_healed":0,"gold_gain":0,"player_choice":"Read","damage_taken":0,"max_hp_gain":0,"max_hp_loss":0,"event_name":"The Library","floor":19,"gold_loss":0,"cards_obtained":["Shockwave"]},{"damage_healed":0,"gold_gain":0,"player_choice":"Fight","damage_taken":0,"max_hp_gain":0,"max_hp_loss":0,"event_name":"Colosseum","floor":20,"gold_loss":0},{"damage_healed":0,"gold_gain":0,"player_choice":"Fought Nobs","damage_taken":0,"max_hp_gain":0,"max_hp_loss":0,"event_name":"Colosseum","floor":20,"gold_loss":0}],"is_beta":false,"boss_relics":[{"not_picked":["Eternal Feather","Calling Bell"],"picked":"Black Blood"}],"items_purged_floors":[],"is_endless":false,"potions_floor_spawned":[1,3,5,8,11,13,14,18,20],"killed_by":"Colosseum Nobs","ascension_level":4}