{"gold_per_floor":[129,158,183,208,295,307,349,387,399,411],"floor_reached":10,"playtime":267,"items_purged":[],"score":95,"play_id":"2bf0f981-4d82-4b3e-b29b-58aea0f00167","local_time":"20190603032321","is_ascension_mode":true,"campfire_choices":[{"data":"Footwork","floor":6.0,"key":"SMITH"}],"neow_cost":"NONE","seed_source_timestamp":75356983571600,"circlet_count":0,"master_deck":["Defend_G","Defend_G","Defend_G","Defend_G","Defend_G","Strike_G","Strike_G","Strike_G","Strike_G","Strike_G","Survivor","Neutralize","Backflip","Dagger Spray","Footwork+1","Dodge and Roll","Slice"],"special_seed":0,"relics":["Ring of the Snake","MawBank","Incense Burner","Pantograph"],"potions_floor_usage":[],"damage_taken":[{"damage":3.0,"enemies":"Cultist","floor":1.0,"turns":4.0},{"damage":7.0,"enemies":"Small Slimes","floor":2.0,"turns":5.0},{"damage":0.0,"enemies":"2 Louse","floor":3.0,"turns":2.0},{"damage":0.0,"enemies":"Blue Slaver","floor":4.0,"turns":6.0},{"damage":35.0,"enemies":"Gremlin Nob","floor":8.0,"turns":6.0},{"damage":10,"enemies":"Lots of Slimes","floor":10,"turns":1}],"seed_played":"2648288520065626012","potions_obtained":[{"floor":3.0,"key":"Block Potion"}],"is_trial":false,"path_per_floor":["M","M","M","M","?","R","?","E","T","M"],"character_chosen":"THE_SILENT","items_purchased":[],"campfire_rested":0,"item_purchase_floors":[],"current_hp_per_floor":[60,53,53,53,42,42,42,7,7,0],"gold":411,"neow_bonus":"RANDOM_COMMON_RELIC","is_prod":false,"is_daily":false,"chose_seed":false,"campfire_upgraded":1,"win_rate":0,"timestamp":1559557401,"path_taken":["M","M","M","M","?","R","?","E","T","M"],"build_version":"2019-01-23","purchased_purges":0,"victory":false,"max_hp_per_floor":[70,70,70,70,70,70,70,70,70,70],"card_choices":[{"not_picked":["Finisher","Eviscerate"],"picked":"Backflip","floor":1.0},{"not_picked":["Prepared","Slice"],"picked":"Dagger Spray","floor":2.0},{"not_picked":["Quick Slash","PiercingWail"],"picked":"Footwork","floor":3.0},{"not_picked":["Skewer","Cloak And Dagger"],"picked":"Dodge and Roll","floor":4.0},{"not_picked":["Unload","Blade Dance"],"picked":"Slice","floor":8.0}],"player_experience":226395,"relics_obtained":[{"floor":8.0,"key":"Incense Burner"},{"floor":9.0,"key":"Pantograph"}],"event_choices":[{"damage_healed":0.0,"max_hp_gain":0.0,"max_hp_loss":0.0,"gold_gain":75.0,"event_name":"World of Goop","player_choice":"Gather Gold","floor":5.0,"gold_loss":0.0,"damage_taken":11.0},{"damage_healed":0.0,"max_hp_gain":0.0,"max_hp_loss":0.0,"gold_gain":30.0,"event_name":"Dead Adventurer","player_choice":"Searched \u00271\u0027 times","floor":7.0,"gold_loss":0.0,"damage_taken":0.0}],"is_beta":false,"boss_relics":[],"items_purged_floors":[],"is_endless":false,"potions_floor_spawned":[3],"killed_by":"Lots of Slimes","ascension_level":8}