{"gold_per_floor":[117,117,42,117,42,42,61,61,61,78,78,95,95,95,95,167,167,181,181,81,81,24,57,57,71,98,98,9,9,9,28,28,105,105,121,221,221,221,233,233,253,102,127,146,163,177,27,40,40,40],"floor_reached":51,"playtime":2922,"items_purged":["Strike_G","Pain","Writhe","Shame"],"score":1180,"play_id":"564d6800-02f1-4763-924b-9855009096a5","local_time":"20190605225642","is_ascension_mode":true,"campfire_choices":[{"data":"Neutralize","floor":6.0,"key":"SMITH"},{"data":"Well Laid Plans","floor":8.0,"key":"SMITH"},{"data":"Distraction","floor":13.0,"key":"SMITH"},{"data":"1","floor":15.0,"key":"LIFT"},{"data":"2","floor":24.0,"key":"LIFT"},{"data":"3","floor":29,"key":"LIFT"},{"floor":32,"key":"REST"},{"floor":40,"key":"REST"},{"floor":49,"key":"RECALL"}],"neow_cost":"NONE","seed_source_timestamp":510688322717154,"circlet_count":0,"master_deck":["AscendersBane","Defend_G","Defend_G","Defend_G","Defend_G","Strike_G+1","Strike_G","Strike_G","Strike_G+1","Survivor","Neutralize+1","Distraction+1","Well Laid Plans+1","Backflip+1","Bouncing Flask+1","Adrenaline+1","Catalyst+1","Escape Plan+1","Cloak And Dagger+1","Skewer+1","Deadly Poison+1","Footwork","Noxious Fumes","Corpse Explosion+1","Accuracy","Blade Dance+1","Outmaneuver+1","Cloak And Dagger+1","Backflip+1","Expertise+1","Acrobatics+1"],"special_seed":0,"relics":["Ring of the Snake","Toxic Egg 2","Mercury Hourglass","Bottled Lightning","Girya","Fusion Hammer","WarpedTongs","Whetstone","Lantern","Cursed Key","Incense Burner","Snake Skull"],"potions_floor_usage":[35,50],"damage_taken":[{"damage":1.0,"enemies":"Cultist","floor":1.0,"turns":5.0},{"damage":0.0,"enemies":"2 Louse","floor":7.0,"turns":2.0},{"damage":0.0,"enemies":"Jaw Worm","floor":10.0,"turns":3.0},{"damage":0.0,"enemies":"Blue Slaver","floor":12.0,"turns":3.0},{"damage":10.0,"enemies":"The Guardian","floor":16.0,"turns":7.0},{"damage":5.0,"enemies":"2 Thieves","floor":18.0,"turns":4.0},{"damage":31.0,"enemies":"Slavers","floor":23.0,"turns":5.0},{"damage":1,"enemies":"3 Byrds","floor":25,"turns":4},{"damage":0,"enemies":"Snake Plant","floor":31,"turns":2},{"damage":12,"enemies":"Automaton","floor":33,"turns":8},{"damage":4,"enemies":"3 Darklings","floor":35,"turns":2},{"damage":11,"enemies":"Mind Bloom Boss Battle","floor":36,"turns":3},{"damage":0,"enemies":"Orb Walker","floor":39,"turns":2},{"damage":0,"enemies":"Spire Growth","floor":41,"turns":4},{"damage":0,"enemies":"Transient","floor":44,"turns":5},{"damage":0,"enemies":"4 Shapes","floor":45,"turns":3},{"damage":0,"enemies":"Sphere and 2 Shapes","floor":46,"turns":2},{"damage":0,"enemies":"Writhing Mass","floor":48,"turns":4},{"damage":16,"enemies":"Awakened One","floor":50,"turns":11}],"seed_played":"-6725325625101423965","potions_obtained":[{"floor":1.0,"key":"Explosive Potion"},{"floor":10.0,"key":"GhostInAJar"},{"floor":25,"key":"Ancient Potion"},{"floor":31,"key":"EssenceOfSteel"},{"floor":35,"key":"GamblersBrew"}],"is_trial":false,"path_per_floor":["M","T","?","?","$","R","M","R","T","M","T","M","R","?","R","B",null,"M","?","$","?","$","E","R","M","T","$","$","R","$","M","R","B",null,"M","?","?","?","M","R","M","$","T","M","M","M","$","M","R","B",null],"character_chosen":"THE_SILENT","items_purchased":["Cloak And Dagger+1","Footwork","Cloak And Dagger+1"],"campfire_rested":2,"item_purchase_floors":[22,28,42],"current_hp_per_floor":[64,64,64,53,53,53,53,53,53,53,53,53,53,53,53,43,65,60,60,60,60,60,29,29,28,28,28,28,28,28,28,49,37,63,59,48,62,62,62,72,72,72,72,72,72,72,72,72,72,56],"gold":40,"neow_bonus":"TEN_PERCENT_HP_BONUS","is_prod":false,"is_daily":false,"chose_seed":false,"campfire_upgraded":3,"win_rate":0,"timestamp":1559743002,"path_taken":["M","?","?","?","?","R","M","R","T","?","?","M","R","?","R","BOSS","M","?","?","?","$","E","R","M","T","?","$","R","?","?","R","BOSS","M","?","?","?","M","R","M","$","T","?","M","M","$","M","R","BOSS"],"build_version":"2019-01-23","purchased_purges":4,"victory":true,"max_hp_per_floor":[72,72,72,72,72,72,72,72,72,72,72,72,72,72,72,72,72,72,72,72,72,72,72,72,72,72,72,72,72,72,72,72,72,72,72,72,72,72,72,72,72,72,72,72,72,72,72,72,72,72],"card_choices":[{"not_picked":["Dagger Throw","Skewer"],"picked":"Distraction","floor":1.0},{"not_picked":["Dagger Spray","Concentrate+1"],"picked":"Well Laid Plans","floor":7.0},{"not_picked":["Flechettes","Endless Agony"],"picked":"Backflip+1","floor":10.0},{"not_picked":["PiercingWail+1","Slice"],"picked":"Bouncing Flask+1","floor":12.0},{"not_picked":["Glass Knife","Phantasmal Killer+1"],"picked":"Adrenaline+1","floor":16.0},{"not_picked":["Blade Dance+1","Backflip+1"],"picked":"Catalyst+1","floor":18.0},{"not_picked":["Flying Knee","Riddle With Holes"],"picked":"Skewer+1","floor":23.0},{"not_picked":["Flechettes","Quick Slash"],"picked":"Deadly Poison+1","floor":25},{"not_picked":["Bane","Dagger Spray"],"picked":"Noxious Fumes","floor":31},{"not_picked":["Tools of the Trade","Night Terror+1"],"picked":"Corpse Explosion+1","floor":33},{"not_picked":["Dagger Spray","Sucker Punch","Choke+1"],"picked":"SKIP","floor":35},{"not_picked":["Blade Dance+1","Sucker Punch"],"picked":"Accuracy","floor":36},{"not_picked":["Reflex+1","Endless Agony+1"],"picked":"Blade Dance+1","floor":39},{"not_picked":["Deadly Poison+1","Dagger Throw"],"picked":"Outmaneuver+1","floor":41},{"not_picked":["Eviscerate","Choke"],"picked":"Backflip+1","floor":44},{"not_picked":["Quick Slash","Poisoned Stab"],"picked":"Expertise+1","floor":45},{"not_picked":["Backflip+1","Cloak And Dagger+1"],"picked":"Acrobatics+1","floor":46},{"not_picked":["Well Laid Plans","Corpse Explosion+1","Slice"],"picked":"SKIP","floor":48}],"player_experience":1113884,"relics_obtained":[{"floor":2.0,"key":"Toxic Egg 2"},{"floor":9.0,"key":"Mercury Hourglass"},{"floor":11.0,"key":"Bottled Lightning"},{"floor":23.0,"key":"Whetstone"},{"floor":26,"key":"Lantern"},{"floor":36,"key":"Incense Burner"},{"floor":43,"key":"Snake Skull"}],"event_choices":[{"cards_removed":["Defend_G"],"damage_healed":0.0,"max_hp_gain":0.0,"max_hp_loss":0.0,"gold_gain":0.0,"event_name":"The Cleric","player_choice":"Card Removal","floor":3.0,"gold_loss":75.0,"damage_taken":0.0},{"damage_healed":0.0,"max_hp_gain":0.0,"max_hp_loss":0.0,"gold_gain":75.0,"event_name":"World of Goop","player_choice":"Gather Gold","floor":4.0,"gold_loss":0.0,"damage_taken":11.0},{"damage_healed":0.0,"max_hp_gain":0.0,"max_hp_loss":0.0,"gold_gain":0.0,"event_name":"Big Fish","player_choice":"Box","floor":14.0,"gold_loss":0.0,"damage_taken":0.0,"relics_obtained":["Girya"],"cards_obtained":["Regret"]},{"damage_healed":0.0,"max_hp_gain":0.0,"max_hp_loss":0.0,"gold_gain":0.0,"event_name":"Accursed Blacksmith","player_choice":"Rummage","floor":19.0,"gold_loss":0.0,"damage_taken":0.0,"relics_obtained":["WarpedTongs"],"cards_obtained":["Pain"]},{"damage_healed":0.0,"max_hp_gain":0.0,"max_hp_loss":0.0,"gold_gain":0.0,"event_name":"The Library","player_choice":"Read","floor":21.0,"gold_loss":0.0,"damage_taken":0.0,"cards_obtained":["Escape Plan"]},{"damage_healed":0,"gold_gain":0,"player_choice":"Fight","damage_taken":0,"max_hp_gain":0,"max_hp_loss":0,"event_name":"MindBloom","floor":36,"gold_loss":0},{"damage_healed":14,"gold_gain":0,"player_choice":"Writhe","damage_taken":0,"max_hp_gain":0,"max_hp_loss":0,"event_name":"Winding Halls","floor":37,"gold_loss":0,"cards_obtained":["Writhe"]},{"cards_removed":["Regret"],"damage_healed":0,"gold_gain":0,"player_choice":"Purged","damage_taken":0,"max_hp_gain":0,"max_hp_loss":0,"event_name":"Purifier","floor":38,"gold_loss":0}],"is_beta":false,"boss_relics":[{"not_picked":["WristBlade","Velvet Choker"],"picked":"Fusion Hammer"},{"not_picked":["Black Star","HoveringKite"],"picked":"Cursed Key"}],"items_purged_floors":[5,20,42,47],"is_endless":false,"potions_floor_spawned":[1,10,25,31,35,44,45,46],"ascension_level":16}