{"gold_per_floor":[114,131,143,143,318,318,344,344,422,447,462,473,501,511,511,511],"floor_reached":16,"playtime":955,"items_purged":[],"score":174,"play_id":"77f8c0fe-460e-4945-b3be-176bdfa7434d","local_time":"20190516140325","is_ascension_mode":true,"campfire_choices":[{"data":"Neutralize","floor":6.0,"key":"SMITH"},{"floor":8.0,"key":"REST"},{"floor":15.0,"key":"REST"}],"neow_cost":"NONE","seed_source_timestamp":3077652309224018,"circlet_count":0,"master_deck":["AscendersBane","Defend_G","Defend_G","Defend_G","Defend_G","Strike_G","Strike_G","Strike_G","Strike_G","Strike_G","Survivor","Neutralize+1","Caltrops","A Thousand Cuts","Doubt","Leg Sweep","Backstab","Noxious Fumes","Backstab"],"special_seed":0,"relics":["Ring of the Snake","Odd Mushroom","Ninja Scroll","Matryoshka","Bottled Tornado"],"potions_floor_usage":[],"damage_taken":[{"damage":1.0,"enemies":"Jaw Worm","floor":1.0,"turns":4.0},{"damage":4.0,"enemies":"Small Slimes","floor":2.0,"turns":4.0},{"damage":2.0,"enemies":"2 Louse","floor":3.0,"turns":4.0},{"damage":24.0,"enemies":"The Mushroom Lair","floor":7.0,"turns":5.0},{"damage":27.0,"enemies":"3 Sentries","floor":10.0,"turns":13.0},{"damage":16.0,"enemies":"Large Slime","floor":11.0,"turns":11.0},{"damage":0.0,"enemies":"2 Fungi Beasts","floor":12.0,"turns":3.0},{"damage":7.0,"enemies":"Lagavulin","floor":13.0,"turns":8.0},{"damage":0.0,"enemies":"Looter","floor":14.0,"turns":3.0},{"damage":35,"enemies":"Slime Boss","floor":16,"turns":5}],"seed_played":"-1885479213597760610","potions_obtained":[{"floor":2.0,"key":"GhostInAJar"},{"floor":7.0,"key":"AttackPotion"},{"floor":10.0,"key":"AttackPotion"},{"floor":12.0,"key":"SkillPotion"}],"is_trial":false,"path_per_floor":["M","M","M","?","?","R","?","R","T","E","M","M","E","M","R","B"],"character_chosen":"THE_SILENT","items_purchased":[],"campfire_rested":2,"item_purchase_floors":[],"current_hp_per_floor":[69,65,63,56,56,56,32,55,55,28,12,12,5,5,28,0],"gold":511,"neow_bonus":"TEN_PERCENT_HP_BONUS","is_prod":false,"is_daily":false,"chose_seed":false,"campfire_upgraded":1,"win_rate":0,"timestamp":1558040605,"path_taken":["M","M","M","?","?","R","?","R","T","E","?","M","E","M","R","BOSS"],"build_version":"2019-01-23","purchased_purges":0,"victory":false,"max_hp_per_floor":[77,77,77,77,77,77,77,77,77,77,77,77,77,77,77,77],"card_choices":[{"not_picked":["Quick Slash","Dagger Spray","Sucker Punch"],"picked":"SKIP","floor":1.0},{"not_picked":["Poisoned Stab","Finisher"],"picked":"Caltrops","floor":2.0},{"not_picked":["Poisoned Stab","Quick Slash"],"picked":"A Thousand Cuts","floor":3.0},{"not_picked":["Backstab","Bouncing Flask"],"picked":"Leg Sweep","floor":7.0},{"not_picked":["Slice","Choke","Sucker Punch"],"picked":"SKIP","floor":10.0},{"not_picked":["Prepared","Bane"],"picked":"Backstab","floor":11.0},{"not_picked":["Caltrops","Underhanded Strike"],"picked":"Noxious Fumes","floor":12.0},{"not_picked":["Storm of Steel","Backstab","Choke"],"picked":"SKIP","floor":13.0},{"not_picked":["Storm of Steel","Choke"],"picked":"Backstab","floor":13.0},{"not_picked":["Blade Dance","Outmaneuver","Dagger Throw"],"picked":"SKIP","floor":14.0}],"player_experience":592200,"relics_obtained":[{"floor":7.0,"key":"Odd Mushroom"},{"floor":9.0,"key":"Ninja Scroll"},{"floor":10.0,"key":"Matryoshka"},{"floor":13.0,"key":"Bottled Tornado"}],"event_choices":[{"cards_removed":["Defend_G"],"damage_healed":0.0,"max_hp_gain":0.0,"max_hp_loss":0.0,"gold_gain":0.0,"event_name":"Golden Wing","player_choice":"Card Removal","floor":4.0,"gold_loss":0.0,"damage_taken":7.0},{"damage_healed":0.0,"max_hp_gain":0.0,"max_hp_loss":0.0,"gold_gain":175.0,"event_name":"Liars Game","player_choice":"AGREE","floor":5.0,"gold_loss":0.0,"damage_taken":0.0,"cards_obtained":["Doubt"]},{"damage_healed":0.0,"max_hp_gain":0.0,"max_hp_loss":0.0,"gold_gain":0.0,"event_name":"Mushrooms","player_choice":"Fought Mushrooms","floor":7.0,"gold_loss":0.0,"damage_taken":0.0}],"is_beta":false,"boss_relics":[],"items_purged_floors":[],"is_endless":false,"potions_floor_spawned":[2,7,10,11,12],"killed_by":"Slime Boss","ascension_level":11}