{"gold_per_floor":[112,38,51,61,74,102,102,121,148,219,219,237,61,77,77,77],"floor_reached":16,"playtime":1246,"items_purged":["Injury"],"score":137,"play_id":"5e1dec4f-9568-4ac8-871a-e5ef15d0c5d3","local_time":"20190524225448","is_ascension_mode":true,"campfire_choices":[{"floor":11,"key":"RECALL"},{"floor":15,"key":"REST"}],"neow_cost":"NONE","seed_source_timestamp":345024410819600,"circlet_count":0,"master_deck":["Strike_R","Strike_R","Strike_R","Strike_R","Strike_R","Defend_R","Defend_R","Defend_R","Defend_R","Bash","Combust","Evolve","True Grit","Feel No Pain","Anger","Armaments","Clothesline","Pommel Strike","True Grit","Carnage"],"relics":["Burning Blood","Happy Flower","Magic Flower","Golden Idol","Tiny Chest"],"potions_floor_usage":[6,10,14,16,16],"damage_taken":[{"damage":1,"enemies":"Cultist","floor":1,"turns":3},{"damage":0,"enemies":"Small Slimes","floor":3,"turns":3},{"damage":8,"enemies":"Jaw Worm","floor":4,"turns":3},{"damage":14,"enemies":"Blue Slaver","floor":5,"turns":4},{"damage":11,"enemies":"3 Sentries","floor":6,"turns":7},{"damage":7,"enemies":"Looter","floor":8,"turns":4},{"damage":42,"enemies":"Gremlin Nob","floor":10,"turns":5},{"damage":14,"enemies":"Large Slime","floor":12,"turns":7},{"damage":12,"enemies":"3 Louse","floor":14,"turns":4},{"damage":50,"enemies":"The Guardian","floor":16,"turns":10}],"seed_played":"6888194473574073370","potions_obtained":[{"floor":1,"key":"SpeedPotion"},{"floor":8,"key":"SkillPotion"},{"floor":10,"key":"Strength Potion"},{"floor":12,"key":"SteroidPotion"}],"is_trial":false,"path_per_floor":["M","$","M","M","M","E","?","M","T","E","R","M","$","M","R","B"],"character_chosen":"IRONCLAD","items_purchased":["Evolve","Fire Potion","True Grit"],"campfire_rested":1,"item_purchase_floors":[2,13,13],"current_hp_per_floor":[80,80,80,78,70,65,65,67,67,34,34,29,29,26,50,0],"gold":77,"neow_bonus":"RANDOM_COMMON_RELIC","is_prod":false,"is_daily":false,"chose_seed":false,"campfire_upgraded":0,"win_rate":0,"timestamp":1558731288,"path_taken":["M","?","M","M","M","E","?","M","T","E","R","M","$","M","R","BOSS"],"build_version":"2019-01-23","purchased_purges":1,"victory":false,"max_hp_per_floor":[80,80,80,80,80,80,80,80,80,80,80,80,80,80,80,80],"card_choices":[{"not_picked":["Pummel","Wild Strike"],"picked":"Combust","floor":1},{"not_picked":["Sword Boomerang","Pommel Strike"],"picked":"True Grit","floor":3},{"not_picked":["Bloodletting","Second Wind","Havoc"],"picked":"SKIP","floor":4},{"not_picked":["Heavy Blade","Carnage"],"picked":"Feel No Pain","floor":5},{"not_picked":["Searing Blow","Offering"],"picked":"Anger","floor":6},{"not_picked":["Spot Weakness","Clash"],"picked":"Armaments","floor":8},{"not_picked":["Perfected Strike","Anger"],"picked":"Clothesline","floor":10},{"not_picked":["Flex","Intimidate"],"picked":"Pommel Strike","floor":12},{"not_picked":["Burning Pact","Bloodletting"],"picked":"Carnage","floor":14}],"player_experience":342399,"relics_obtained":[{"floor":6,"key":"Magic Flower"},{"floor":10,"key":"Tiny Chest"}],"event_choices":[{"damage_healed":0,"gold_gain":0,"player_choice":"Take Wound","damage_taken":0,"relics_obtained":["Golden Idol"],"max_hp_gain":0,"max_hp_loss":0,"event_name":"Golden Idol","floor":7,"gold_loss":0,"cards_obtained":["Injury"]}],"is_beta":false,"boss_relics":[],"items_purged_floors":[13],"is_endless":false,"potions_floor_spawned":[1,8,10,12],"killed_by":"The Guardian","ascension_level":4}