{"gold_per_floor":[19,19,19,94,112,112,127,127,127,127,157,169,94,145,145,242,242,262,282,557,268,279,311,339,371,395,22,33,33,47,63,63,161,161,173,218,168,1167,827,827,827,827,827,847,341,341,341,341,341,341],"floor_reached":51,"playtime":3107,"items_purged":["Strike_R","Regret","Strike_R","Strike_R+1","Normality","Normality"],"score":824,"play_id":"01391095-76bd-41b9-a030-6ac804b25af0","local_time":"20190318173238","is_ascension_mode":false,"campfire_choices":[{"data":"Bash","floor":6.0,"key":"SMITH"},{"data":"Iron Wave","floor":8.0,"key":"SMITH"},{"data":"Headbutt","floor":10.0,"key":"SMITH"},{"data":"Whirlwind","floor":15.0,"key":"SMITH"},{"data":"Feel No Pain","floor":29.0,"key":"SMITH"},{"data":"Corruption","floor":32.0,"key":"SMITH"},{"data":"Uppercut","floor":40.0,"key":"SMITH"},{"data":"1","floor":42,"key":"LIFT"},{"data":"2","floor":46,"key":"LIFT"},{"data":"3","floor":49,"key":"LIFT"}],"neow_cost":"NO_GOLD","seed_source_timestamp":1895975499443,"circlet_count":0,"master_deck":["Strike_R+1","Defend_R","Defend_R+1","Defend_R","Defend_R","Bash+1","Impervious","Headbutt+1","Iron Wave+1","Whirlwind+1","Offering","Reaper","Battle Trance+1","Corruption+1","Armaments+1","Shrug It Off+1","Feel No Pain+1","Clothesline","Ghostly Armor","Feel No Pain","Fiend Fire","Uppercut+1","Shrug It Off","Body Slam","Clumsy","Corruption+1","Shrug It Off","Feel No Pain+1","Feel No Pain+1"],"special_seed":0,"relics":["Burning Blood","WingedGreaves","Paper Frog","Boot","Black Star","Bag of Marbles","Red Skull","Gremlin Horn","Smiling Mask","Shuriken","Calipers","Whetstone","Bronze Scales","Orichalcum","Cursed Key","Girya","Strange Spoon","Frozen Egg 2","DollysMirror"],"potions_floor_usage":[44,50],"damage_taken":[{"damage":6.0,"enemies":"Cultist","floor":1.0,"turns":3.0},{"damage":0.0,"enemies":"2 Louse","floor":5.0,"turns":3.0},{"damage":0.0,"enemies":"Small Slimes","floor":7.0,"turns":3.0},{"damage":21.0,"enemies":"Gremlin Nob","floor":11.0,"turns":4.0},{"damage":0.0,"enemies":"Looter","floor":12.0,"turns":3.0},{"damage":36.0,"enemies":"The Guardian","floor":16.0,"turns":10.0},{"damage":11.0,"enemies":"Shell Parasite","floor":18.0,"turns":4.0},{"damage":0.0,"enemies":"3 Byrds","floor":19.0,"turns":4.0},{"damage":6.0,"enemies":"Snake Plant","floor":22.0,"turns":3.0},{"damage":34.0,"enemies":"Book of Stabbing","floor":23.0,"turns":5.0},{"damage":20.0,"enemies":"Gremlin Leader","floor":24.0,"turns":10.0},{"damage":47.0,"enemies":"Book of Stabbing","floor":25.0,"turns":6.0},{"damage":5.0,"enemies":"Centurion and Healer","floor":28.0,"turns":6.0},{"damage":16.0,"enemies":"Sentry and Sphere","floor":30.0,"turns":5.0},{"damage":8.0,"enemies":"Snecko","floor":31.0,"turns":5.0},{"damage":34.0,"enemies":"Automaton","floor":33.0,"turns":12.0},{"damage":13.0,"enemies":"3 Shapes","floor":35.0,"turns":6.0},{"damage":14.0,"enemies":"2 Orb Walkers","floor":36.0,"turns":5.0},{"damage":23,"enemies":"3 Darklings","floor":44,"turns":5},{"damage":6,"enemies":"Time Eater","floor":50,"turns":9}],"seed_played":"-6721732625559086887","potions_obtained":[{"floor":7.0,"key":"Fruit Juice"},{"floor":11.0,"key":"EssenceOfSteel"},{"floor":12.0,"key":"Fire Potion"},{"floor":19.0,"key":"Swift Potion"},{"floor":24.0,"key":"BloodPotion"},{"floor":28.0,"key":"Fire Potion"},{"floor":31.0,"key":"Fire Potion"},{"floor":35.0,"key":"AttackPotion"}],"is_trial":false,"path_per_floor":["M","$","?","?","M","R","M","R","T","R","E","M","$","T","R","B",null,"M","M","?","$","M","E","E","E","T","$","M","R","M","M","R","B",null,"M","?","$","?","$","R","?","R","T","M","$","R","?","?","R","B",null],"character_chosen":"IRONCLAD","items_purchased":["Corruption","Bag of Marbles","Feel No Pain","Clothesline","Orichalcum","Fire Potion","Strange Spoon","Shrug It Off","Body Slam","Corruption+1","Shrug It Off","DollysMirror","Ancient Potion","BloodPotion"],"campfire_rested":0,"item_purchase_floors":[21,21,27,27,27,27,39,39,39,45,45,45,45,45],"current_hp_per_floor":[80,80,64,56,62,62,73,73,73,73,58,64,64,64,64,34,85,80,85,85,85,85,57,67,34,34,34,65,65,55,60,60,42,85,83,83,83,83,83,83,83,83,83,81,81,81,81,81,81,85],"gold":341,"neow_bonus":"THREE_RARE_CARDS","is_prod":false,"is_daily":false,"chose_seed":false,"campfire_upgraded":7,"win_rate":0.0,"timestamp":1552926758,"path_taken":["M","?","?","?","M","R","?","R","T","R","E","M","$","?","R","BOSS","M","M","?","$","M","E","E","E","T","$","?","R","M","M","R","BOSS","M","?","$","?","$","R","?","R","T","M","$","R","?","?","R","BOSS"],"build_version":"2019-01-23","purchased_purges":6,"victory":true,"max_hp_per_floor":[80,80,80,80,80,80,85,85,85,85,85,85,85,85,85,85,85,85,85,85,85,85,85,85,85,85,85,85,85,85,85,85,85,85,85,85,85,85,85,85,85,85,85,85,85,85,85,85,85,85],"card_choices":[{"not_picked":["Brutality","Berserk"],"picked":"Impervious","floor":0.0},{"not_picked":["Twin Strike","Pommel Strike"],"picked":"Headbutt","floor":1.0},{"not_picked":["Body Slam","Warcry"],"picked":"Iron Wave","floor":5.0},{"not_picked":["Warcry","Twin Strike","Headbutt"],"picked":"SKIP","floor":7.0},{"not_picked":["Shockwave","Feel No Pain"],"picked":"Whirlwind","floor":11.0},{"not_picked":["Sword Boomerang","Armaments"],"picked":"Offering","floor":12.0},{"not_picked":["Offering","Dark Embrace"],"picked":"Reaper","floor":16.0},{"not_picked":["Flex","Bloodletting+1","Body Slam"],"picked":"SKIP","floor":18.0},{"not_picked":["Perfected Strike","Impervious"],"picked":"Battle Trance+1","floor":19.0},{"not_picked":["Hemokinesis","True Grit"],"picked":"Armaments+1","floor":22.0},{"not_picked":["Corruption","True Grit","Metallicize"],"picked":"SKIP","floor":23.0},{"not_picked":["Clothesline","Intimidate"],"picked":"Shrug It Off+1","floor":24.0},{"not_picked":["True Grit","Dual Wield","Armaments+1"],"picked":"SKIP","floor":25.0},{"not_picked":["Berserk","Anger"],"picked":"Ghostly Armor","floor":28.0},{"not_picked":["Dropkick","Pommel Strike"],"picked":"Feel No Pain","floor":30.0},{"not_picked":["Warcry","Whirlwind","Perfected Strike"],"picked":"SKIP","floor":31.0},{"not_picked":["Brutality","Juggernaut"],"picked":"Fiend Fire","floor":33.0},{"not_picked":["Twin Strike","Whirlwind+1","Anger"],"picked":"SKIP","floor":35.0},{"not_picked":["Reckless Charge","Pummel"],"picked":"Uppercut","floor":36.0},{"not_picked":["Fire Breathing+1","Combust+1","Clothesline+1"],"picked":"SKIP","floor":44}],"player_experience":45170,"relics_obtained":[{"floor":9.0,"key":"WingedGreaves"},{"floor":11.0,"key":"Paper Frog"},{"floor":14.0,"key":"Boot"},{"floor":23.0,"key":"Red Skull"},{"floor":23.0,"key":"Gremlin Horn"},{"floor":24.0,"key":"Smiling Mask"},{"floor":24.0,"key":"Shuriken"},{"floor":25.0,"key":"Calipers"},{"floor":25.0,"key":"Whetstone"},{"floor":26.0,"key":"Bronze Scales"},{"floor":36.0,"key":"Girya"},{"floor":43,"key":"Frozen Egg 2"}],"event_choices":[{"damage_healed":0.0,"max_hp_gain":0.0,"max_hp_loss":0.0,"gold_gain":0.0,"event_name":"Shining Light","player_choice":"Entered Light","floor":3.0,"gold_loss":0.0,"damage_taken":16.0,"cards_upgraded":["Defend_R","Strike_R"]},{"damage_healed":0.0,"max_hp_gain":0.0,"max_hp_loss":0.0,"gold_gain":75.0,"event_name":"FaceTrader","player_choice":"Touch","floor":4.0,"gold_loss":0.0,"damage_taken":8.0},{"damage_healed":0.0,"max_hp_gain":0.0,"max_hp_loss":0.0,"gold_gain":275.0,"event_name":"Golden Shrine","player_choice":"Desecrate","floor":20.0,"gold_loss":0.0,"damage_taken":0.0,"cards_obtained":["Regret"]},{"damage_healed":0.0,"max_hp_gain":0.0,"max_hp_loss":0.0,"gold_gain":0.0,"event_name":"Mysterious Sphere","player_choice":"Fight","floor":36.0,"gold_loss":0.0,"damage_taken":0.0},{"damage_healed":0.0,"max_hp_gain":0.0,"max_hp_loss":0.0,"gold_gain":999.0,"event_name":"MindBloom","player_choice":"Gold","floor":38.0,"gold_loss":0.0,"damage_taken":0.0,"cards_obtained":["Normality","Normality"]},{"damage_healed":0,"gold_gain":0,"player_choice":"Memory 1","damage_taken":0,"max_hp_gain":0,"max_hp_loss":0,"event_name":"SensoryStone","floor":41,"gold_loss":0},{"cards_removed":["Strike_R"],"damage_healed":0,"gold_gain":0,"player_choice":"Removed Attack","damage_taken":0,"max_hp_gain":0,"max_hp_loss":0,"event_name":"Falling","floor":47,"gold_loss":0},{"damage_healed":0,"gold_gain":0,"player_choice":"Copied","damage_taken":0,"max_hp_gain":0,"max_hp_loss":0,"event_name":"Duplicator","floor":48,"gold_loss":0,"cards_obtained":["Feel No Pain"]}],"is_beta":false,"boss_relics":[{"not_picked":["Orrery","Eternal Feather"],"picked":"Black Star"},{"not_picked":["Philosopher\u0027s Stone","Fusion Hammer"],"picked":"Cursed Key"}],"items_purged_floors":[13,21,27,37,39,45],"is_endless":false,"potions_floor_spawned":[7,11,12,19,24,28,31,35],"ascension_level":0}