{"gold_per_floor":[109,119,119,99,24,24,50,50,102,119,132,32,61,73,73,73],"floor_reached":16,"playtime":843,"items_purged":["Pain","Strike_R"],"score":204,"play_id":"b4d54564-2062-4b40-a320-5daa8cb4121c","local_time":"20190514103702","is_ascension_mode":true,"campfire_choices":[{"data":"Anger","floor":6,"key":"SMITH"},{"data":"Cleave","floor":8,"key":"SMITH"},{"data":"Flame Barrier","floor":15,"key":"SMITH"}],"neow_cost":"CURSE","seed_source_timestamp":10961315071877,"circlet_count":0,"master_deck":["AscendersBane","Strike_R","Strike_R","Strike_R","Strike_R","Defend_R","Defend_R","Defend_R","Defend_R","Bash+1","Feed","Anger+1","Cleave+1","Shrug It Off","Clothesline","Shockwave","Flame Barrier+1","Shrug It Off"],"relics":["Burning Blood","Anchor","Boot","Darkstone Periapt"],"potions_floor_usage":[7,7,13,14],"damage_taken":[{"damage":11,"enemies":"Cultist","floor":1,"turns":4},{"damage":19,"enemies":"Jaw Worm","floor":2,"turns":4},{"damage":30,"enemies":"3 Sentries","floor":7,"turns":8},{"damage":0,"enemies":"Small Slimes","floor":10,"turns":2},{"damage":3,"enemies":"Blue Slaver","floor":11,"turns":4},{"damage":23,"enemies":"Lagavulin","floor":13,"turns":6},{"damage":10,"enemies":"Large Slime","floor":14,"turns":5},{"damage":28,"enemies":"The Guardian","floor":16,"turns":14}],"seed_played":"2364512070407327551","potions_obtained":[{"floor":2,"key":"Strength Potion"},{"floor":4,"key":"Explosive Potion"},{"floor":7,"key":"Ancient Potion"},{"floor":10,"key":"SkillPotion"},{"floor":11,"key":"AttackPotion"},{"floor":14,"key":"Fruit Juice"}],"is_trial":false,"path_per_floor":["M","M","?","?","$","R","E","R","T","M","M","$","E","M","R","B"],"character_chosen":"IRONCLAD","items_purchased":[],"campfire_rested":0,"item_purchase_floors":[],"current_hp_per_floor":[63,50,50,50,50,50,29,29,29,38,41,41,24,28,28,0],"gold":73,"neow_bonus":"THREE_RARE_CARDS","is_prod":false,"is_daily":false,"chose_seed":false,"campfire_upgraded":3,"win_rate":0,"timestamp":1557823022,"path_taken":["M","M","?","?","$","R","E","R","T","?","M","$","E","M","R","BOSS"],"build_version":"2019-01-23","purchased_purges":2,"victory":false,"max_hp_per_floor":[75,75,75,75,75,75,78,78,78,81,81,81,81,89,89,89],"card_choices":[{"not_picked":["Dark Embrace","Impervious"],"picked":"Feed","floor":0},{"not_picked":["Havoc","Sword Boomerang"],"picked":"Anger","floor":1},{"not_picked":["Thunderclap","Infernal Blade"],"picked":"Cleave","floor":2},{"not_picked":["Rupture","Iron Wave"],"picked":"Shrug It Off","floor":7},{"not_picked":["Sentinel","Flame Barrier"],"picked":"Clothesline","floor":10},{"not_picked":["Flex","Iron Wave"],"picked":"Shockwave","floor":11},{"not_picked":["Dual Wield","Berserk"],"picked":"Flame Barrier","floor":13},{"not_picked":["Flex","Wild Strike"],"picked":"Shrug It Off","floor":14}],"player_experience":173661,"relics_obtained":[{"floor":7,"key":"Anchor"},{"floor":9,"key":"Boot"},{"floor":13,"key":"Darkstone Periapt"}],"event_choices":[{"damage_healed":0,"gold_gain":0,"player_choice":"Grow","damage_taken":0,"max_hp_gain":0,"max_hp_loss":0,"event_name":"Living Wall","floor":3,"gold_loss":0,"cards_upgraded":["Bash"]},{"damage_healed":0,"gold_gain":0,"player_choice":"Bought 1 Potion","damage_taken":0,"max_hp_gain":0,"max_hp_loss":0,"event_name":"The Woman in Blue","floor":4,"gold_loss":0}],"is_beta":false,"boss_relics":[],"items_purged_floors":[5,12],"is_endless":false,"potions_floor_spawned":[2,7,10,11,14],"killed_by":"The Guardian","ascension_level":17}