{"gold_per_floor":[114,129,144,160,160,160,185,185,185,195,206,206,206,232,232,309,309,324,324,239,164,164,164,89,89,143,143,143,143,41,57,57,131,131,144,144,163,174,194,220,220,95,120,120,147,166,0,11,11,11],"floor_reached":51,"playtime":2136,"items_purged":["Defend_R"],"score":1410,"play_id":"81b62bf6-c04f-40f3-8a51-af79da36f8bb","local_time":"20190509213140","is_ascension_mode":true,"campfire_choices":[{"floor":6.0,"key":"REST"},{"data":"Bash","floor":8.0,"key":"SMITH"},{"data":"Limit Break","floor":12.0,"key":"SMITH"},{"data":"Fiend Fire","floor":15.0,"key":"SMITH"},{"data":"Battle Trance","floor":23.0,"key":"SMITH"},{"data":"Defend_R","floor":25.0,"key":"SMITH"},{"floor":27.0,"key":"REST"},{"data":"Flex","floor":32.0,"key":"SMITH"},{"floor":41,"key":"RECALL"},{"data":"Heavy Blade","floor":44,"key":"SMITH"},{"data":"Offering","floor":49,"key":"SMITH"}],"neow_cost":"TEN_PERCENT_HP_LOSS","seed_source_timestamp":153785773526,"circlet_count":0,"master_deck":["AscendersBane","Defend_R+1","Defend_R+1","Bash+1","Limit Break+1","Spot Weakness+1","Armaments+1","Heavy Blade+1","Ghostly Armor","Battle Trance+1","Shrug It Off","Fiend Fire+1","Reaper","True Grit+1","Bite","Bite","Bite","Bite","Necronomicurse","Flex+1","Spot Weakness+1","Shrug It Off","Thunderclap","Offering+1"],"special_seed":0,"relics":["Burning Blood","War Paint","Kunai","Blue Candle","Busted Crown","Dodecahedron","Necronomicon","Tiny Chest","Coffee Dripper","Self Forming Clay","Pen Nib","Gremlin Horn","Red Mask"],"potions_floor_usage":[40,50],"damage_taken":[{"damage":13.0,"enemies":"Jaw Worm","floor":1.0,"turns":4.0},{"damage":11.0,"enemies":"2 Louse","floor":2.0,"turns":4.0},{"damage":5.0,"enemies":"Small Slimes","floor":3.0,"turns":5.0},{"damage":5.0,"enemies":"3 Louse","floor":4.0,"turns":4.0},{"damage":38.0,"enemies":"Gremlin Nob","floor":7.0,"turns":4.0},{"damage":0.0,"enemies":"Large Slime","floor":10.0,"turns":5.0},{"damage":1.0,"enemies":"Exordium Wildlife","floor":11.0,"turns":3.0},{"damage":12.0,"enemies":"Lagavulin","floor":14.0,"turns":5.0},{"damage":50.0,"enemies":"Slime Boss","floor":16.0,"turns":12.0},{"damage":2.0,"enemies":"Chosen","floor":18.0,"turns":3.0},{"damage":15.0,"enemies":"2 Thieves","floor":31.0,"turns":4.0},{"damage":0.0,"enemies":"Automaton","floor":33.0,"turns":6.0},{"damage":40.0,"enemies":"3 Shapes","floor":35.0,"turns":5.0},{"damage":0.0,"enemies":"Orb Walker","floor":37.0,"turns":3.0},{"damage":17.0,"enemies":"Spire Growth","floor":38.0,"turns":3.0},{"damage":33,"enemies":"Sphere and 2 Shapes","floor":39,"turns":4},{"damage":14,"enemies":"Reptomancer","floor":40,"turns":6},{"damage":0,"enemies":"Nemesis","floor":45,"turns":3},{"damage":0,"enemies":"Writhing Mass","floor":46,"turns":2},{"damage":0,"enemies":"3 Darklings","floor":48,"turns":4},{"damage":23,"enemies":"Donu and Deca","floor":50,"turns":5}],"seed_played":"698632797303271375","potions_obtained":[{"floor":7.0,"key":"Energy Potion"},{"floor":10.0,"key":"Weak Potion"},{"floor":14.0,"key":"Block Potion"},{"floor":16.0,"key":"SteroidPotion"},{"floor":35.0,"key":"FearPotion"},{"floor":37.0,"key":"Swift Potion"},{"floor":40,"key":"Fire Potion"},{"floor":45,"key":"AttackPotion"}],"is_trial":false,"path_per_floor":["M","M","M","M","?","R","E","R","T","M","M","R","?","E","R","B",null,"M","?","?","$","?","R","?","R","T","R","$","?","$","M","R","B",null,"M","?","M","M","M","E","R","$","T","R","E","M","?","M","R","B",null],"character_chosen":"IRONCLAD","items_purchased":["PowerPotion","Flex","Shrug It Off","Ancient Potion"],"campfire_rested":2,"item_purchase_floors":[30,30,42,42],"current_hp_per_floor":[61,56,57,58,38,58,26,26,26,32,37,37,59,53,53,9,53,61,47,47,47,26,26,26,26,26,40,40,40,40,47,47,47,47,27,27,47,36,13,47,47,47,47,47,47,47,47,47,47,47],"gold":11,"neow_bonus":"THREE_RARE_CARDS","is_prod":false,"is_daily":false,"chose_seed":false,"campfire_upgraded":8,"win_rate":0,"timestamp":1557430300,"path_taken":["M","M","M","M","?","R","E","R","T","M","M","R","?","E","R","BOSS","M","?","?","$","?","R","?","R","T","R","$","?","$","?","R","BOSS","M","?","M","?","M","E","R","$","T","R","E","?","?","M","R","BOSS"],"build_version":"2019-01-23","purchased_purges":1,"victory":true,"max_hp_per_floor":[68,68,68,68,68,68,68,68,68,68,68,68,68,68,68,68,68,68,47,47,47,47,47,47,47,47,47,47,47,47,47,47,47,47,47,47,47,47,47,47,47,47,47,47,47,47,47,47,47,47],"card_choices":[{"not_picked":["Berserk","Double Tap"],"picked":"Limit Break","floor":0.0},{"not_picked":["Body Slam","Pommel Strike"],"picked":"Spot Weakness","floor":1.0},{"not_picked":["Headbutt","Rage"],"picked":"Armaments","floor":2.0},{"not_picked":["Ghostly Armor","Fire Breathing"],"picked":"Heavy Blade","floor":3.0},{"not_picked":["Havoc","Feel No Pain"],"picked":"Ghostly Armor","floor":4.0},{"not_picked":["Entrench","Seeing Red","Warcry"],"picked":"SKIP","floor":7.0},{"not_picked":["Bloodletting","Wild Strike"],"picked":"Battle Trance","floor":10.0},{"not_picked":["Pommel Strike","Intimidate"],"picked":"Shrug It Off","floor":11.0},{"not_picked":["Power Through","Second Wind"],"picked":"Fiend Fire","floor":14.0},{"not_picked":["Berserk","Offering"],"picked":"Reaper","floor":16.0},{"not_picked":[],"picked":"True Grit+1","floor":18.0},{"not_picked":["Flex"],"picked":"SKIP","floor":31.0},{"not_picked":["Cleave"],"picked":"SKIP","floor":35.0},{"not_picked":["Pommel Strike"],"picked":"SKIP","floor":37.0},{"not_picked":["Thunderclap"],"picked":"SKIP","floor":38.0},{"not_picked":[],"picked":"Spot Weakness+1","floor":39},{"not_picked":["Clash+1"],"picked":"SKIP","floor":40},{"not_picked":["Hemokinesis+1"],"picked":"SKIP","floor":45},{"not_picked":["Thunderclap"],"picked":"SKIP","floor":46},{"not_picked":[],"picked":"Thunderclap","floor":46},{"not_picked":[],"picked":"Offering","floor":48}],"player_experience":164468,"relics_obtained":[{"floor":7.0,"key":"War Paint"},{"floor":9.0,"key":"Kunai"},{"floor":14.0,"key":"Blue Candle"},{"floor":22.0,"key":"Necronomicon"},{"floor":26.0,"key":"Tiny Chest"},{"floor":40,"key":"Self Forming Clay"},{"floor":43,"key":"Pen Nib"},{"floor":45,"key":"Gremlin Horn"}],"event_choices":[{"damage_healed":0.0,"max_hp_gain":0.0,"max_hp_loss":0.0,"gold_gain":0.0,"event_name":"Shining Light","player_choice":"Entered Light","floor":5.0,"gold_loss":0.0,"damage_taken":20.0,"cards_upgraded":["Armaments","Strike_R"]},{"damage_healed":22.0,"max_hp_gain":0.0,"max_hp_loss":0.0,"gold_gain":0.0,"event_name":"Big Fish","player_choice":"Banana","floor":13.0,"gold_loss":0.0,"damage_taken":0.0},{"damage_healed":0.0,"max_hp_gain":0.0,"max_hp_loss":21.0,"gold_gain":0.0,"event_name":"Vampires","player_choice":"Became a vampire","floor":19.0,"gold_loss":0.0,"damage_taken":0.0,"cards_obtained":["Bite","Bite","Bite","Bite","Bite"]},{"damage_healed":0.0,"max_hp_gain":0.0,"max_hp_loss":0.0,"gold_gain":0.0,"event_name":"Addict","player_choice":"Obtained Relic","floor":20.0,"gold_loss":85.0,"damage_taken":0.0,"relics_obtained":["Dodecahedron"]},{"damage_healed":0.0,"max_hp_gain":0.0,"max_hp_loss":0.0,"gold_gain":0.0,"event_name":"Cursed Tome","player_choice":"Obtained Book","floor":22.0,"gold_loss":0.0,"damage_taken":21.0},{"cards_removed":["Bite"],"damage_healed":0.0,"max_hp_gain":0.0,"max_hp_loss":0.0,"gold_gain":0.0,"event_name":"Beggar","player_choice":"Gave Gold","floor":24.0,"gold_loss":75.0,"damage_taken":0.0},{"cards_removed":["Defend_R"],"damage_healed":0.0,"max_hp_gain":0.0,"max_hp_loss":0.0,"gold_gain":0.0,"event_name":"Back to Basics","player_choice":"Elegance","floor":29.0,"gold_loss":0.0,"damage_taken":0.0},{"damage_healed":0.0,"max_hp_gain":0.0,"max_hp_loss":0.0,"gold_gain":0.0,"event_name":"Match and Keep!","player_choice":"0 cards matched","floor":36.0,"gold_loss":0.0,"damage_taken":0.0,"cards_obtained":[]},{"damage_healed":0,"gold_gain":0,"player_choice":"Paid","damage_taken":0,"relics_obtained":["Red Mask"],"max_hp_gain":0,"max_hp_loss":0,"event_name":"Tomb of Lord Red Mask","floor":47,"gold_loss":166}],"is_beta":false,"boss_relics":[{"not_picked":["White Beast Statue","Runic Cube"],"picked":"Busted Crown"},{"not_picked":["Snecko Eye","Tiny House"],"picked":"Coffee Dripper"}],"items_purged_floors":[21],"is_endless":false,"potions_floor_spawned":[7,10,11,14,16,31,35,37,40,45,48],"ascension_level":15}