{"gold_per_floor":[113,113,130,205,217,217,182,192,219,219,232,232,263,279,279,379,379,361,373,189,204,204,204,220,220,247,143,163,181,194,210,210,210],"floor_reached":33,"playtime":5090,"items_purged":[],"score":303,"play_id":"5691bb3b-6ee3-49cc-a070-342e35f6f1fc","local_time":"20190601123738","is_ascension_mode":false,"campfire_choices":[{"data":"Backstab","floor":6,"key":"SMITH"},{"data":"After Image","floor":12,"key":"SMITH"},{"floor":15,"key":"REST"},{"floor":23,"key":"REST"},{"floor":25,"key":"REST"},{"floor":32,"key":"REST"}],"neow_cost":"NONE","seed_source_timestamp":408702498932767,"circlet_count":0,"master_deck":["Defend_G","Defend_G","Defend_G","Defend_G","Defend_G","Strike_G","Strike_G","Strike_G","Strike_G","Strike_G","Survivor","Neutralize","Backstab+1","Deflect+1","Deadly Poison","Backflip","After Image+1","Blade Dance","Blade Dance","Riddle With Holes","Bullet Time","Footwork","Poisoned Stab","Blade Dance","Predator","Noxious Fumes","A Thousand Cuts","Terror","Riddle With Holes","Dodge and Roll","Acrobatics","Poisoned Stab","Deflect","Infinite Blades","Predator","Blade Dance+1","Blade Dance","Die Die Die","Underhanded Strike","Blur"],"relics":["Ring of the Snake","Dream Catcher","Boot","Orrery","Blood Vial","Happy Flower"],"potions_floor_usage":[22,22,22,33],"damage_taken":[{"damage":3,"enemies":"Jaw Worm","floor":1,"turns":6},{"damage":0,"enemies":"2 Louse","floor":3,"turns":2},{"damage":1,"enemies":"Small Slimes","floor":5,"turns":3},{"damage":5,"enemies":"Exordium Wildlife","floor":8,"turns":6},{"damage":0,"enemies":"Blue Slaver","floor":11,"turns":5},{"damage":19,"enemies":"Gremlin Nob","floor":13,"turns":5},{"damage":0,"enemies":"Gremlin Gang","floor":14,"turns":5},{"damage":53,"enemies":"Hexaghost","floor":16,"turns":15},{"damage":15,"enemies":"2 Thieves","floor":18,"turns":4},{"damage":12,"enemies":"Chosen","floor":19,"turns":6},{"damage":32,"enemies":"3 Cultists","floor":21,"turns":6},{"damage":10,"enemies":"Colosseum Slavers","floor":22,"turns":4},{"damage":12,"enemies":"Centurion and Healer","floor":24,"turns":7},{"damage":13,"enemies":"Shelled Parasite and Fungi","floor":28,"turns":7},{"damage":4,"enemies":"Snecko","floor":29,"turns":4},{"damage":4,"enemies":"Chosen and Byrds","floor":30,"turns":5},{"damage":13,"enemies":"Centurion and Healer","floor":31,"turns":8},{"damage":78,"enemies":"Automaton","floor":33,"turns":12}],"seed_played":"-2299157176519996992","potions_obtained":[{"floor":1,"key":"Explosive Potion"},{"floor":3,"key":"Strength Potion"},{"floor":8,"key":"SteroidPotion"},{"floor":29,"key":"Regen Potion"},{"floor":30,"key":"Energy Potion"},{"floor":31,"key":"GamblersBrew"}],"is_trial":false,"path_per_floor":["M","?","M","?","M","R","?","M","T","?","M","R","E","M","R","B",null,"M","M","$","M","?","R","M","R","T","$","M","M","M","M","R","B"],"character_chosen":"THE_SILENT","items_purchased":["Riddle With Holes","Blood Vial","Infinite Blades","Predator"],"campfire_rested":4,"item_purchase_floors":[20,20,27,27],"current_hp_per_floor":[74,74,74,63,62,62,77,72,72,72,72,72,53,53,76,23,77,62,50,50,20,12,35,25,48,48,48,37,35,33,22,45,0],"gold":210,"neow_bonus":"TEN_PERCENT_HP_BONUS","is_prod":false,"is_daily":false,"chose_seed":false,"campfire_upgraded":2,"win_rate":0.0,"timestamp":1559407058,"path_taken":["M","?","M","?","M","R","?","?","T","?","?","R","E","M","R","BOSS","M","M","$","M","?","R","M","R","T","?","?","M","M","M","R","BOSS"],"build_version":"2019-01-23","purchased_purges":0,"victory":false,"max_hp_per_floor":[77,77,77,77,77,77,77,77,77,77,77,77,77,77,77,77,77,77,77,77,77,77,77,77,77,77,77,77,77,77,77,77,77],"card_choices":[{"not_picked":["Terror","Endless Agony"],"picked":"Backstab","floor":1},{"not_picked":["Flying Knee","Poisoned Stab"],"picked":"Deflect","floor":3},{"not_picked":["Dodge and Roll","Underhanded Strike"],"picked":"Deadly Poison","floor":5},{"not_picked":["Tactician","Flying Knee"],"picked":"Backflip","floor":8},{"not_picked":["Quick Slash","Outmaneuver"],"picked":"After Image","floor":11},{"not_picked":["Distraction","Adrenaline"],"picked":"Blade Dance","floor":13},{"not_picked":["PiercingWail","Prepared"],"picked":"Blade Dance","floor":14},{"not_picked":["Underhanded Strike","Dodge and Roll"],"picked":"Riddle With Holes","floor":15},{"not_picked":["Night Terror","Tools of the Trade"],"picked":"Bullet Time","floor":16},{"not_picked":["Eviscerate","Expertise"],"picked":"Footwork","floor":17},{"not_picked":["Dodge and Roll","Reflex"],"picked":"Poisoned Stab","floor":17},{"not_picked":["Slice","Underhanded Strike"],"picked":"Blade Dance","floor":17},{"not_picked":["Dagger Throw","Prepared"],"picked":"Predator","floor":17},{"not_picked":["Blade Dance","Eviscerate"],"picked":"Noxious Fumes","floor":17},{"not_picked":["Quick Slash","Sucker Punch"],"picked":"A Thousand Cuts","floor":18},{"not_picked":["Deflect","Poisoned Stab"],"picked":"Terror","floor":19},{"not_picked":["Skewer","Eviscerate+1"],"picked":"Dodge and Roll","floor":21},{"not_picked":["Masterful Stab","Terror"],"picked":"Acrobatics","floor":23},{"not_picked":["Slice","Leg Sweep"],"picked":"Poisoned Stab","floor":24},{"not_picked":["Reflex","Heel Hook"],"picked":"Deflect","floor":25},{"not_picked":["Underhanded Strike","Quick Slash"],"picked":"Blade Dance+1","floor":28},{"not_picked":["Acrobatics","Deflect"],"picked":"Blade Dance","floor":29},{"not_picked":["Deadly Poison+1","Deflect"],"picked":"Die Die Die","floor":30},{"not_picked":["Eviscerate","PiercingWail"],"picked":"Underhanded Strike","floor":31},{"not_picked":["All Out Attack","Well Laid Plans"],"picked":"Blur","floor":32}],"player_experience":4086,"relics_obtained":[{"floor":9,"key":"Dream Catcher"},{"floor":13,"key":"Boot"},{"floor":26,"key":"Happy Flower"}],"event_choices":[{"damage_healed":0,"gold_gain":0,"player_choice":"Ignored","damage_taken":0,"max_hp_gain":0,"max_hp_loss":0,"event_name":"Liars Game","floor":2,"gold_loss":0},{"damage_healed":0,"gold_gain":75,"player_choice":"Gather Gold","damage_taken":11,"max_hp_gain":0,"max_hp_loss":0,"event_name":"World of Goop","floor":4,"gold_loss":0},{"damage_healed":19,"gold_gain":0,"player_choice":"Healed","damage_taken":0,"max_hp_gain":0,"max_hp_loss":0,"event_name":"The Cleric","floor":7,"gold_loss":35},{"damage_healed":0,"gold_gain":0,"player_choice":"Forge","damage_taken":0,"max_hp_gain":0,"max_hp_loss":0,"event_name":"Accursed Blacksmith","floor":10,"gold_loss":0,"cards_upgraded":["Deflect"]},{"damage_healed":0,"gold_gain":0,"player_choice":"Fight","damage_taken":0,"max_hp_gain":0,"max_hp_loss":0,"event_name":"Colosseum","floor":22,"gold_loss":0},{"damage_healed":0,"gold_gain":0,"player_choice":"Fled From Nobs","damage_taken":0,"max_hp_gain":0,"max_hp_loss":0,"event_name":"Colosseum","floor":22,"gold_loss":0}],"is_beta":false,"boss_relics":[{"not_picked":["Tiny House","Empty Cage"],"picked":"Orrery"}],"items_purged_floors":[],"is_endless":false,"potions_floor_spawned":[1,3,8,16,21,22,29,30,31],"killed_by":"Automaton","ascension_level":0}