{"gold_per_floor":[110,110,135,115,130,130,168,168,168,181,214,238,274,294,294,385,385,400,10,29,43,43],"floor_reached":22,"playtime":1435,"items_purged":[],"score":399,"play_id":"99ddcc39-c79e-47fa-83df-0830c48e8c70","local_time":"20190526103643","is_ascension_mode":true,"campfire_choices":[{"floor":6.0,"key":"REST"},{"floor":8.0,"key":"REST"},{"floor":15.0,"key":"REST"}],"neow_cost":"NONE","seed_source_timestamp":0,"circlet_count":0,"master_deck":["AscendersBane","Defend_G","Defend_G","Defend_G","Defend_G","Defend_G","Strike_G","Strike_G","Strike_G","Strike_G","Strike_G","Survivor","Neutralize","Noxious Fumes","Bouncing Flask","Endless Agony","Calculated Gamble","Well Laid Plans","Distraction","Poisoned Stab","Tactician","Unload","Envenom","Quick Slash+1","Caltrops","Predator+1"],"special_seed":0,"relics":["Ring of the Snake","Golden Idol","Mercury Hourglass","Ancient Tea Set","Bronze Scales","Tingsha","WristBlade","Pear"],"potions_floor_usage":[18,19,22],"damage_taken":[{"damage":0.0,"enemies":"Cultist","floor":1.0,"turns":6.0},{"damage":0.0,"enemies":"Small Slimes","floor":3.0,"turns":3.0},{"damage":0.0,"enemies":"Jaw Worm","floor":5.0,"turns":5.0},{"damage":17.0,"enemies":"Lagavulin","floor":7.0,"turns":6.0},{"damage":4.0,"enemies":"Exordium Thugs","floor":10.0,"turns":4.0},{"damage":7.0,"enemies":"Gremlin Nob","floor":11.0,"turns":4.0},{"damage":0.0,"enemies":"Looter","floor":12.0,"turns":3.0},{"damage":22.0,"enemies":"Lagavulin","floor":13.0,"turns":5.0},{"damage":3.0,"enemies":"Blue Slaver","floor":14.0,"turns":2.0},{"damage":27,"enemies":"Slime Boss","floor":16,"turns":8},{"damage":0,"enemies":"Chosen","floor":18,"turns":4},{"damage":16,"enemies":"Shell Parasite","floor":20,"turns":5},{"damage":37,"enemies":"Centurion and Healer","floor":21,"turns":5},{"damage":26,"enemies":"Snecko","floor":22,"turns":3}],"seed_played":"-3192004760840422695","potions_obtained":[{"floor":1.0,"key":"GamblersBrew"},{"floor":3.0,"key":"EssenceOfSteel"},{"floor":4.0,"key":"Block Potion"},{"floor":7.0,"key":"Swift Potion"},{"floor":13.0,"key":"SneckoOil"},{"floor":14.0,"key":"GamblersBrew"},{"floor":18,"key":"Fire Potion"}],"is_trial":false,"path_per_floor":["M","?","M","?","M","R","E","R","T","M","E","M","E","M","R","B",null,"M","$","M","M","M"],"character_chosen":"THE_SILENT","items_purchased":["Pear","Fruit Juice"],"campfire_rested":3,"item_purchase_floors":[19,19],"current_hp_per_floor":[65,40,40,40,40,61,44,65,65,61,54,54,32,29,50,23,60,60,75,59,22,0],"gold":43,"neow_bonus":"TEN_PERCENT_HP_BONUS","is_prod":false,"is_daily":false,"chose_seed":false,"campfire_upgraded":0,"win_rate":0,"timestamp":1558834603,"path_taken":["M","?","M","?","M","R","E","R","T","M","E","?","E","M","R","BOSS","M","$","M","M","M"],"build_version":"2019-01-23","purchased_purges":0,"victory":false,"max_hp_per_floor":[72,72,72,72,72,72,72,72,72,72,72,72,72,72,72,72,72,72,87,87,87,87],"card_choices":[{"not_picked":["Eviscerate","Prepared"],"picked":"Noxious Fumes","floor":1.0},{"not_picked":["Prepared","Choke"],"picked":"Bouncing Flask","floor":3.0},{"not_picked":["Flying Knee","Outmaneuver"],"picked":"Endless Agony","floor":5.0},{"not_picked":["Flechettes","Distraction"],"picked":"Calculated Gamble","floor":7.0},{"not_picked":["Acrobatics","Caltrops"],"picked":"Well Laid Plans","floor":10.0},{"not_picked":["Dagger Spray","Bane"],"picked":"Distraction","floor":11.0},{"not_picked":["Underhanded Strike","Dagger Throw"],"picked":"Poisoned Stab","floor":12.0},{"not_picked":["Quick Slash","Flying Knee"],"picked":"Tactician","floor":13.0},{"not_picked":["Distraction","PiercingWail"],"picked":"Unload","floor":14.0},{"not_picked":["Unload","Doppelganger"],"picked":"Envenom","floor":16},{"not_picked":["Deflect","Underhanded Strike"],"picked":"Quick Slash+1","floor":18},{"not_picked":["Underhanded Strike","Terror"],"picked":"Caltrops","floor":20},{"not_picked":["Die Die Die","Dagger Throw"],"picked":"Predator+1","floor":21}],"player_experience":1108357,"relics_obtained":[{"floor":7.0,"key":"Mercury Hourglass"},{"floor":9.0,"key":"Ancient Tea Set"},{"floor":11.0,"key":"Bronze Scales"},{"floor":13.0,"key":"Tingsha"}],"event_choices":[{"damage_healed":0.0,"max_hp_gain":0.0,"max_hp_loss":0.0,"gold_gain":0.0,"event_name":"Golden Idol","player_choice":"Take Damage","floor":2.0,"gold_loss":0.0,"damage_taken":25.0,"relics_obtained":["Golden Idol"]},{"damage_healed":0.0,"max_hp_gain":0.0,"max_hp_loss":0.0,"gold_gain":0.0,"event_name":"The Woman in Blue","player_choice":"Bought 1 Potion","floor":4.0,"gold_loss":0.0,"damage_taken":0.0}],"is_beta":false,"boss_relics":[{"not_picked":["Empty Cage","Busted Crown"],"picked":"WristBlade"}],"items_purged_floors":[],"is_endless":false,"potions_floor_spawned":[1,3,7,13,14,16,18],"killed_by":"Snecko","ascension_level":16}