{"gold_per_floor":[119,130,148,204,204,233,253,253,253,253,272,272,297,13,13,109,109,121,121,132,152,162,194,194,194],"floor_reached":25,"playtime":1244,"items_purged":[],"score":413,"play_id":"bbbd77db-de5d-485b-9138-a4978f47a783","local_time":"20190524174901","is_ascension_mode":true,"campfire_choices":[{"data":"Defragment","floor":8.0,"key":"SMITH"},{"data":"Sunder","floor":10.0,"key":"SMITH"},{"data":"Zap","floor":12.0,"key":"SMITH"},{"data":"Dualcast","floor":15.0,"key":"SMITH"},{"data":"Biased Cognition","floor":24.0,"key":"SMITH"}],"neow_cost":"TEN_PERCENT_HP_LOSS","seed_source_timestamp":172942151302430,"circlet_count":0,"master_deck":["AscendersBane","Strike_B","Strike_B","Strike_B+1","Strike_B","Defend_B","Defend_B+1","Defend_B","Defend_B","Zap+1","Dualcast+1","Trip","Finesse","Conserve Battery","Sunder+1","Chill","Chill","Defragment+1","Conserve Battery","Genetic Algorithm","FTL","Biased Cognition+1","Coolheaded","Coolheaded","Self Repair","All For One"],"special_seed":0,"relics":["Cracked Core","Ornamental Fan","Matryoshka","Nuclear Battery","Nloth\u0027s Gift","Blood Vial"],"potions_floor_usage":[],"damage_taken":[{"damage":0.0,"enemies":"2 Louse","floor":1.0,"turns":3.0},{"damage":5.0,"enemies":"Jaw Worm","floor":2.0,"turns":3.0},{"damage":1.0,"enemies":"Cultist","floor":3.0,"turns":3.0},{"damage":1.0,"enemies":"Gremlin Nob","floor":6.0,"turns":3.0},{"damage":0.0,"enemies":"Large Slime","floor":7.0,"turns":4.0},{"damage":0.0,"enemies":"Exordium Wildlife","floor":11.0,"turns":3.0},{"damage":0.0,"enemies":"3 Sentries","floor":13.0,"turns":8.0},{"damage":27.0,"enemies":"Hexaghost","floor":16.0,"turns":9.0},{"damage":0.0,"enemies":"Shell Parasite","floor":18.0,"turns":6.0},{"damage":0.0,"enemies":"Spheric Guardian","floor":20.0,"turns":5.0},{"damage":0.0,"enemies":"Snecko","floor":21.0,"turns":7.0},{"damage":25.0,"enemies":"Cultist and Chosen","floor":22.0,"turns":10.0},{"damage":28.0,"enemies":"Book of Stabbing","floor":23.0,"turns":6.0},{"damage":28,"enemies":"Snake Plant","floor":25,"turns":2}],"seed_played":"-4403305210925684335","potions_obtained":[{"floor":1.0,"key":"Fire Potion"},{"floor":3.0,"key":"Regen Potion"},{"floor":13.0,"key":"Ancient Potion"},{"floor":18.0,"key":"SkillPotion"},{"floor":22.0,"key":"SteroidPotion"}],"is_trial":false,"path_per_floor":["M","M","M","?","?","E","M","R","T","R","M","R","E","$","R","B",null,"M","?","M","M","M","E","R","M"],"character_chosen":"DEFECT","items_purchased":["Matryoshka","FTL"],"campfire_rested":0,"item_purchase_floors":[14,14],"current_hp_per_floor":[68,63,62,62,48,47,47,47,47,47,47,47,62,62,62,35,60,60,60,60,60,42,21,21,0],"gold":194,"neow_bonus":"RANDOM_COLORLESS_2","is_prod":false,"is_daily":false,"chose_seed":false,"campfire_upgraded":5,"win_rate":0,"timestamp":1558745341,"path_taken":["M","M","M","?","?","E","M","R","T","R","M","R","E","?","R","BOSS","M","?","M","M","M","E","R","M"],"build_version":"2019-01-23","purchased_purges":0,"victory":false,"max_hp_per_floor":[68,68,68,68,68,68,68,68,68,68,68,68,68,68,68,68,68,68,68,68,68,68,68,68,68],"card_choices":[{"not_picked":["Beam Cell","Compile Driver"],"picked":"Conserve Battery","floor":1.0},{"not_picked":["Compile Driver","Cold Snap"],"picked":"Sunder","floor":2.0},{"not_picked":["Undo","Barrage"],"picked":"Chill","floor":3.0},{"not_picked":["Redo","Reboot"],"picked":"Chill","floor":6.0},{"not_picked":["Barrage","Melter"],"picked":"Defragment","floor":7.0},{"not_picked":["Turbo","Streamline"],"picked":"Conserve Battery","floor":11.0},{"not_picked":["Compile Driver","Steam"],"picked":"Genetic Algorithm","floor":13.0},{"not_picked":["Rainbow","Amplify"],"picked":"Biased Cognition","floor":16.0},{"not_picked":["Chaos","Static Discharge+1"],"picked":"Coolheaded","floor":18.0},{"not_picked":["Compile Driver","Turbo"],"picked":"Coolheaded","floor":20.0},{"not_picked":["Leap","Streamline"],"picked":"Self Repair","floor":21.0},{"not_picked":["FTL","Blizzard","Turbo"],"picked":"SKIP","floor":22.0},{"not_picked":["Redo+1","Hyperbeam"],"picked":"All For One","floor":23.0}],"player_experience":708407,"relics_obtained":[{"floor":6.0,"key":"Anchor"},{"floor":13.0,"key":"Ornamental Fan"},{"floor":23.0,"key":"Blood Vial"}],"event_choices":[{"damage_healed":0.0,"max_hp_gain":0.0,"max_hp_loss":0.0,"gold_gain":56.0,"event_name":"Golden Wing","player_choice":"Gained Gold","floor":4.0,"gold_loss":0.0,"damage_taken":0.0},{"damage_healed":0.0,"max_hp_gain":0.0,"max_hp_loss":0.0,"gold_gain":0.0,"event_name":"Shining Light","player_choice":"Entered Light","floor":5.0,"gold_loss":0.0,"damage_taken":14.0,"cards_upgraded":["Defend_B","Strike_B"]},{"damage_healed":0.0,"max_hp_gain":0.0,"max_hp_loss":0.0,"gold_gain":0.0,"event_name":"N\u0027loth","player_choice":"Traded Relic","floor":19.0,"relics_lost":["Anchor"],"gold_loss":0.0,"damage_taken":0.0,"relics_obtained":["Nloth\u0027s Gift"]}],"is_beta":false,"boss_relics":[{"not_picked":["Velvet Choker","Orrery"],"picked":"Nuclear Battery"}],"items_purged_floors":[],"is_endless":false,"potions_floor_spawned":[1,3,13,18,20,22],"killed_by":"Snake Plant","ascension_level":12}