{"gold_per_floor":[364,382,136,153,165,165,185,214,214,275,425,156,156,168,168,168],"floor_reached":16,"playtime":900,"items_purged":["Strike_R","Doubt"],"score":189,"play_id":"79bd640b-930c-48de-91c6-4cea02e276cd","local_time":"20190514105212","is_ascension_mode":true,"campfire_choices":[{"data":"Bash","floor":6,"key":"SMITH"},{"floor":13,"key":"REST"},{"data":"Twin Strike","floor":15,"key":"SMITH"}],"neow_cost":"PERCENT_DAMAGE","seed_source_timestamp":11815268620907,"circlet_count":0,"master_deck":["AscendersBane","Strike_R","Strike_R","Strike_R","Strike_R","Defend_R+1","Defend_R","Defend_R","Defend_R","Bash+1","Twin Strike+1","Thunderclap","Finesse+1","Dropkick","Rampage","Shrug It Off","Shrug It Off","Reaper","Battle Trance"],"relics":["Burning Blood","Letter Opener","War Paint","Orichalcum"],"potions_floor_usage":[10,16],"damage_taken":[{"damage":13,"enemies":"Cultist","floor":1,"turns":5},{"damage":7,"enemies":"Small Slimes","floor":2,"turns":5},{"damage":2,"enemies":"Jaw Worm","floor":4,"turns":4},{"damage":5,"enemies":"Looter","floor":5,"turns":4},{"damage":11,"enemies":"Blue Slaver","floor":7,"turns":3},{"damage":33,"enemies":"Lagavulin","floor":8,"turns":4},{"damage":13,"enemies":"3 Sentries","floor":10,"turns":8},{"damage":7,"enemies":"Large Slime","floor":14,"turns":6},{"damage":33,"enemies":"Slime Boss","floor":16,"turns":4}],"seed_played":"-4741057505744330321","potions_obtained":[{"floor":1,"key":"Fire Potion"},{"floor":4,"key":"PowerPotion"},{"floor":10,"key":"Ancient Potion"}],"is_trial":false,"path_per_floor":["M","M","$","M","M","R","M","E","T","?","?","$","R","M","R","B"],"character_chosen":"IRONCLAD","items_purchased":["Finesse","Dropkick","Reaper"],"campfire_rested":1,"item_purchase_floors":[3,3,12],"current_hp_per_floor":[43,42,42,46,47,47,42,15,15,8,8,8,30,33,33,0],"gold":168,"neow_bonus":"TWO_FIFTY_GOLD","is_prod":false,"is_daily":false,"chose_seed":false,"campfire_upgraded":2,"win_rate":0,"timestamp":1557823932,"path_taken":["M","M","$","M","?","R","M","E","T","?","?","?","R","M","R","BOSS"],"build_version":"2019-01-23","purchased_purges":2,"victory":false,"max_hp_per_floor":[75,75,75,75,75,75,75,75,75,75,75,75,75,75,75,75],"card_choices":[{"not_picked":["Seeing Red","Sword Boomerang"],"picked":"Twin Strike","floor":1},{"not_picked":["Clash","True Grit"],"picked":"Thunderclap","floor":2},{"not_picked":["Cleave","Clash","Sentinel"],"picked":"SKIP","floor":4},{"not_picked":["Bloodletting","Anger"],"picked":"Rampage","floor":5},{"not_picked":["Twin Strike","Pummel","Havoc"],"picked":"SKIP","floor":7},{"not_picked":["Combust","Heavy Blade"],"picked":"Shrug It Off","floor":8},{"not_picked":["Reckless Charge","Burning Pact"],"picked":"Shrug It Off","floor":10},{"not_picked":["Infernal Blade","Thunderclap"],"picked":"Battle Trance","floor":14}],"player_experience":174504,"relics_obtained":[{"floor":8,"key":"Letter Opener"},{"floor":9,"key":"War Paint"},{"floor":10,"key":"Orichalcum"}],"event_choices":[{"damage_healed":0,"gold_gain":0,"player_choice":"Searched \u00271\u0027 times","damage_taken":0,"max_hp_gain":0,"max_hp_loss":0,"event_name":"Dead Adventurer","floor":10,"gold_loss":0},{"damage_healed":0,"gold_gain":150,"player_choice":"AGREE","damage_taken":0,"max_hp_gain":0,"max_hp_loss":0,"event_name":"Liars Game","floor":11,"gold_loss":0,"cards_obtained":["Doubt"]}],"is_beta":false,"boss_relics":[],"items_purged_floors":[3,12],"is_endless":false,"potions_floor_spawned":[1,4,8,10,14],"killed_by":"Slime Boss","ascension_level":17}