{"gold_per_floor":[110,285,298,312,331,366,382,382],"floor_reached":8,"playtime":716,"items_purged":[],"score":63,"play_id":"2624da33-3621-4597-89fd-4ae0ac763b95","local_time":"20190110085919","is_ascension_mode":true,"campfire_choices":[],"neow_cost":"PERCENT_DAMAGE","seed_source_timestamp":233969595160348,"circlet_count":0,"master_deck":["Strike_B","Strike_B","Defend_B","Defend_B","Defend_B","Defend_B","Zap","Dualcast","Skim","Recycle","Cold Snap","Doubt","Leap","Darkness","Loop","Doom and Gloom","Coolheaded"],"special_seed":0,"relics":["Cracked Core","Bronze Scales"],"potions_floor_usage":[],"damage_taken":[{"damage":0.0,"enemies":"2 Louse","floor":1.0,"turns":3.0},{"damage":1.0,"enemies":"Small Slimes","floor":3.0,"turns":4.0},{"damage":2.0,"enemies":"Jaw Worm","floor":4.0,"turns":4.0},{"damage":8.0,"enemies":"3 Louse","floor":5.0,"turns":4.0},{"damage":25.0,"enemies":"Gremlin Nob","floor":6.0,"turns":5.0},{"damage":0.0,"enemies":"2 Fungi Beasts","floor":7.0,"turns":4.0},{"damage":24,"enemies":"3 Sentries","floor":8,"turns":4}],"seed_played":"-2174921352933581009","potions_obtained":[{"floor":4.0,"key":"LiquidBronze"},{"floor":7.0,"key":"Weak Potion"}],"is_trial":false,"path_per_floor":["M","?","M","M","M","E","M","E"],"character_chosen":"DEFECT","items_purchased":[],"campfire_rested":0,"item_purchase_floors":[],"current_hp_per_floor":[54,54,53,51,43,18,18,0],"gold":382,"neow_bonus":"TRANSFORM_TWO_CARDS","is_prod":false,"is_daily":false,"chose_seed":false,"campfire_upgraded":0,"win_rate":0,"timestamp":1547139559,"path_taken":["M","?","M","M","M","E","M","E"],"build_version":"2019-01-03v4","purchased_purges":0,"victory":false,"max_hp_per_floor":[75,75,75,75,75,75,75,75],"card_choices":[{"not_picked":["Beam Cell","Recycle"],"picked":"Cold Snap","floor":1.0},{"not_picked":["Gash","Amplify"],"picked":"Leap","floor":3.0},{"not_picked":["Tempest","Go for the Eyes"],"picked":"Darkness","floor":4.0},{"not_picked":["Coolheaded","Undo"],"picked":"Loop","floor":5.0},{"not_picked":["Barrage","Force Field"],"picked":"Doom and Gloom","floor":6.0},{"not_picked":["Sunder","Heatsinks"],"picked":"Coolheaded","floor":7.0}],"player_experience":350347,"relics_obtained":[{"floor":6.0,"key":"Bronze Scales"}],"event_choices":[{"damage_healed":0.0,"max_hp_gain":0.0,"max_hp_loss":0.0,"gold_gain":175.0,"event_name":"Liars Game","player_choice":"AGREE","floor":2.0,"gold_loss":0.0,"damage_taken":0.0,"cards_obtained":["Doubt"]}],"is_beta":false,"boss_relics":[],"items_purged_floors":[],"is_endless":false,"potions_floor_spawned":[4,7],"killed_by":"3 Sentries","ascension_level":1}