{"gold_per_floor":[111,128,139,139,64,97,117,117,167,182,211,191,191,202,202,281,281,293,293,293,308,326,326,339,339,366,400,416,416,431,431,431,510,510,523,523,281,297,1296,1331,1343,1355],"floor_reached":42,"playtime":2088,"items_purged":["Strike_B"],"score":990,"play_id":"f6f8eb0a-9bf1-40ae-8784-b613a58ef693","local_time":"20190526193842","is_ascension_mode":true,"campfire_choices":[{"data":"Streamline","floor":8.0,"key":"SMITH"},{"data":"Defend_B","floor":13.0,"key":"SMITH"},{"data":"Ball Lightning","floor":15.0,"key":"SMITH"},{"floor":23.0,"key":"REST"},{"floor":25.0,"key":"REST"},{"data":"Coolheaded","floor":29.0,"key":"SMITH"},{"data":"Undo","floor":32.0,"key":"SMITH"}],"neow_cost":"NONE","seed_source_timestamp":350980989002298,"circlet_count":0,"master_deck":["AscendersBane","Strike_B+1","Defend_B+1","Defend_B","Defend_B","Dualcast","Compile Driver","Streamline+1","Ball Lightning+1","Ball Lightning+1","Rebound","Defragment+1","Undo+1","Cold Snap+1","Coolheaded+1","Go for the Eyes","Doom and Gloom","Coolheaded"],"special_seed":0,"relics":["Busted Crown","Meat on the Bone","Strawberry","Whetstone","Black Star","Happy Flower","Bronze Scales","Omamori","Cursed Key","Bag of Preparation","MawBank","DataDisk"],"potions_floor_usage":[40],"damage_taken":[{"damage":12.0,"enemies":"Small Slimes","floor":1.0,"turns":3.0},{"damage":1.0,"enemies":"Cultist","floor":2.0,"turns":4.0},{"damage":4.0,"enemies":"Jaw Worm","floor":3.0,"turns":3.0},{"damage":35.0,"enemies":"3 Sentries","floor":6.0,"turns":10.0},{"damage":6.0,"enemies":"Exordium Thugs","floor":7.0,"turns":5.0},{"damage":8.0,"enemies":"Blue Slaver","floor":10.0,"turns":2.0},{"damage":10.0,"enemies":"Lagavulin","floor":11.0,"turns":4.0},{"damage":21.0,"enemies":"Gremlin Gang","floor":14.0,"turns":5.0},{"damage":0.0,"enemies":"Slime Boss","floor":16.0,"turns":4.0},{"damage":17.0,"enemies":"3 Byrds","floor":18.0,"turns":4.0},{"damage":20.0,"enemies":"2 Thieves","floor":21.0,"turns":3.0},{"damage":28.0,"enemies":"Chosen and Byrds","floor":22.0,"turns":5.0},{"damage":7.0,"enemies":"Sentry and Sphere","floor":24.0,"turns":5.0},{"damage":39.0,"enemies":"Book of Stabbing","floor":27.0,"turns":5.0},{"damage":0.0,"enemies":"Snecko","floor":28.0,"turns":5.0},{"damage":0.0,"enemies":"Centurion and Healer","floor":30.0,"turns":5.0},{"damage":46.0,"enemies":"Automaton","floor":33.0,"turns":10.0},{"damage":13.0,"enemies":"3 Shapes","floor":35.0,"turns":6.0},{"damage":21.0,"enemies":"3 Darklings","floor":38.0,"turns":5.0},{"damage":19,"enemies":"Nemesis","floor":40,"turns":9},{"damage":34,"enemies":"Reptomancer","floor":42,"turns":6}],"seed_played":"-6503304255316991829","potions_obtained":[{"floor":1.0,"key":"Weak Potion"},{"floor":6.0,"key":"Block Potion"},{"floor":10.0,"key":"SneckoOil"},{"floor":11.0,"key":"Swift Potion"},{"floor":22.0,"key":"Ancient Potion"},{"floor":24.0,"key":"Dexterity Potion"},{"floor":33.0,"key":"Ancient Potion"},{"floor":38.0,"key":"Explosive Potion"}],"is_trial":false,"path_per_floor":["M","M","M","?","$","E","M","R","T","M","E","?","R","M","R","B",null,"M","?","?","M","M","R","M","R","T","E","M","R","M","?","R","B",null,"M","?","$","M","?","E","?","E"],"character_chosen":"DEFECT","items_purchased":["Bag of Preparation","Doom and Gloom"],"campfire_rested":2,"item_purchase_floors":[37,37],"current_hp_per_floor":[52,51,47,47,47,12,18,18,25,29,31,31,31,22,22,34,67,50,50,50,42,26,49,42,65,65,38,50,50,50,50,50,16,63,50,50,50,41,41,34,34,0],"gold":1355,"neow_bonus":"BOSS_RELIC","is_prod":false,"is_daily":false,"chose_seed":false,"campfire_upgraded":5,"win_rate":0,"timestamp":1558924722,"path_taken":["M","M","M","?","$","E","M","R","T","?","E","?","R","M","R","BOSS","M","?","?","M","M","R","M","R","T","E","?","R","M","?","R","BOSS","M","?","$","M","?","E","?","E"],"build_version":"2019-01-23","purchased_purges":1,"victory":false,"max_hp_per_floor":[71,71,71,71,71,71,71,71,78,78,78,78,78,78,78,78,78,78,78,78,78,78,78,78,78,78,78,78,78,78,78,78,78,78,78,78,78,78,78,78,78,78],"card_choices":[{"not_picked":[],"picked":"Compile Driver","floor":1.0},{"not_picked":[],"picked":"Streamline","floor":2.0},{"not_picked":["Rip and Tear"],"picked":"SKIP","floor":3.0},{"not_picked":["Steam"],"picked":"SKIP","floor":6.0},{"not_picked":[],"picked":"Ball Lightning","floor":7.0},{"not_picked":[],"picked":"Ball Lightning","floor":10.0},{"not_picked":["Melter"],"picked":"SKIP","floor":11.0},{"not_picked":["Hologram"],"picked":"SKIP","floor":14.0},{"not_picked":["Compile Driver"],"picked":"SKIP","floor":18.0},{"not_picked":[],"picked":"Undo","floor":21.0},{"not_picked":["Heatsinks"],"picked":"SKIP","floor":22.0},{"not_picked":[],"picked":"Cold Snap+1","floor":24.0},{"not_picked":[],"picked":"Coolheaded","floor":27.0},{"not_picked":["Streamline"],"picked":"SKIP","floor":28.0},{"not_picked":["Scrape"],"picked":"SKIP","floor":30.0},{"not_picked":[],"picked":"Go for the Eyes","floor":35.0},{"not_picked":[],"picked":"Coolheaded","floor":38.0},{"not_picked":["Streamline"],"picked":"SKIP","floor":40}],"player_experience":741682,"relics_obtained":[{"floor":6.0,"key":"Meat on the Bone"},{"floor":9.0,"key":"Strawberry"},{"floor":11.0,"key":"Whetstone"},{"floor":26.0,"key":"Happy Flower"},{"floor":27.0,"key":"Bronze Scales"},{"floor":27.0,"key":"Omamori"},{"floor":40,"key":"MawBank"},{"floor":40,"key":"DataDisk"}],"event_choices":[{"cards_removed":["Strike_B"],"damage_healed":0.0,"max_hp_gain":0.0,"max_hp_loss":0.0,"gold_gain":0.0,"event_name":"Bonfire Elementals","player_choice":"Offered Basic","floor":4.0,"gold_loss":0.0,"damage_taken":0.0},{"damage_healed":0.0,"max_hp_gain":0.0,"max_hp_loss":0.0,"gold_gain":0.0,"event_name":"The Woman in Blue","player_choice":"Bought 1 Potion","floor":12.0,"gold_loss":0.0,"damage_taken":0.0},{"damage_healed":0.0,"max_hp_gain":0.0,"max_hp_loss":0.0,"gold_gain":0.0,"cards_transformed":["Strike_B","Defend_B"],"event_name":"Drug Dealer","player_choice":"Became Test Subject","floor":19.0,"gold_loss":0.0,"damage_taken":0.0,"cards_obtained":["Rebound","Defragment"]},{"damage_healed":0.0,"max_hp_gain":0.0,"max_hp_loss":0.0,"gold_gain":0.0,"event_name":"Accursed Blacksmith","player_choice":"Forge","floor":20.0,"gold_loss":0.0,"damage_taken":0.0,"cards_upgraded":["Defragment"]},{"damage_healed":0.0,"max_hp_gain":0.0,"max_hp_loss":0.0,"gold_gain":0.0,"event_name":"Ghosts","player_choice":"Ignored","floor":31.0,"gold_loss":0.0,"damage_taken":0.0},{"damage_healed":0.0,"max_hp_gain":0.0,"max_hp_loss":0.0,"gold_gain":0.0,"event_name":"Tomb of Lord Red Mask","player_choice":"Ignored","floor":36.0,"gold_loss":0.0,"damage_taken":0.0},{"damage_healed":0.0,"max_hp_gain":0.0,"max_hp_loss":0.0,"gold_gain":999.0,"event_name":"MindBloom","player_choice":"Gold","floor":39.0,"gold_loss":0.0,"damage_taken":0.0,"cards_obtained":["Normality","Normality"]},{"cards_removed":["Zap"],"damage_healed":0,"gold_gain":0,"player_choice":"Removed Skill","damage_taken":0,"max_hp_gain":0,"max_hp_loss":0,"event_name":"Falling","floor":41,"gold_loss":0}],"is_beta":false,"boss_relics":[{"not_picked":["Coffee Dripper","Runic Pyramid"],"picked":"Black Star"},{"not_picked":["Snecko Eye","Philosopher\u0027s Stone"],"picked":"Cursed Key"}],"items_purged_floors":[5],"is_endless":false,"potions_floor_spawned":[1,6,10,11,22,24,33,38],"killed_by":"Reptomancer","ascension_level":18}