{"gold_per_floor":[116,134,53,67,11,11,11,41,64,76,105,105,105,132,132,237,237,237],"floor_reached":18,"playtime":951,"items_purged":[],"score":187,"play_id":"b80cec63-69bc-4e5e-983c-f8f28015a9bc","local_time":"20181026115156","is_ascension_mode":true,"campfire_choices":[{"data":"Go for the Eyes","floor":6,"key":"SMITH"},{"floor":15,"key":"REST"}],"neow_cost":"NONE","seed_source_timestamp":1247713047301663,"circlet_count":0,"master_deck":["Strike_B","Strike_B","Strike_B","Strike_B","Defend_B","Defend_B","Defend_B","Defend_B","Zap","Dualcast","Ball Lightning","Go for the Eyes+1","FTL","Cold Snap","Sunder","Conserve Battery","Defragment","Leap+1","Fission+1"],"relics":["Cracked Core","Centennial Puzzle","Orichalcum","Bag of Preparation","Omamori","Toxic Egg 2","SsserpentHead","Anchor","Ectoplasm"],"potions_floor_usage":[8,16],"damage_taken":[{"damage":0,"enemies":"Small Slimes","floor":1,"turns":2},{"damage":1,"enemies":"Cultist","floor":2,"turns":3},{"damage":0,"enemies":"2 Louse","floor":4,"turns":2},{"damage":7,"enemies":"Lagavulin","floor":8,"turns":7},{"damage":0,"enemies":"Exordium Thugs","floor":10,"turns":2},{"damage":4,"enemies":"Gremlin Nob","floor":11,"turns":3},{"damage":24,"enemies":"Lagavulin","floor":14,"turns":5},{"damage":45,"enemies":"Hexaghost","floor":16,"turns":11},{"damage":0,"enemies":"Spheric Guardian","floor":18,"turns":1}],"seed_played":"2897749819847805232","potions_obtained":[{"floor":2,"key":"PowerPotion"},{"floor":4,"key":"Swift Potion"},{"floor":8,"key":"Strength Potion"},{"floor":16,"key":"Strength Potion"}],"is_trial":false,"path_per_floor":["M","M","$","M","?","R","$","E","T","M","E","?","?","E","R","B",null],"character_chosen":"DEFECT","items_purchased":["FTL"],"campfire_rested":1,"item_purchase_floors":[3],"current_hp_per_floor":[75,74,74,74,74,74,74,67,67,67,63,63,63,39,61,16,75,75],"gold":237,"neow_bonus":"RANDOM_COMMON_RELIC","is_prod":false,"is_daily":false,"chose_seed":false,"campfire_upgraded":1,"win_rate":0,"timestamp":1540547516,"path_taken":["M","M","$","M","?","R","$","E","T","?","E","?","?","E","R","BOSS","M"],"build_version":"2018-10-25v2","purchased_purges":0,"victory":false,"max_hp_per_floor":[75,75,75,75,75,75,75,75,75,75,75,75,75,75,75,75,75,75],"card_choices":[{"not_picked":["Stack","Heatsinks"],"picked":"Ball Lightning","floor":1},{"not_picked":["Recycle","Hello World"],"picked":"Go for the Eyes","floor":2},{"not_picked":["Hello World","Coolheaded"],"picked":"Cold Snap","floor":4},{"not_picked":["BootSequence","Thunder Strike"],"picked":"Sunder","floor":8},{"not_picked":["Coolheaded","Heatsinks"],"picked":"Conserve Battery","floor":10},{"not_picked":["Skim","Recycle"],"picked":"Defragment","floor":11},{"not_picked":["FTL","Coolheaded+1"],"picked":"Leap+1","floor":14},{"not_picked":["Meteor Strike","Amplify+1"],"picked":"Fission+1","floor":16}],"player_experience":160203,"relics_obtained":[{"floor":8,"key":"Bag of Preparation"},{"floor":9,"key":"Omamori"},{"floor":11,"key":"Toxic Egg 2"},{"floor":14,"key":"Anchor"}],"event_choices":[{"damage_healed":0,"gold_gain":0,"player_choice":"Paid Gold","damage_taken":0,"relics_obtained":["Orichalcum"],"max_hp_gain":0,"max_hp_loss":0,"event_name":"WeMeetAgain","floor":5,"gold_loss":56},{"damage_healed":0,"gold_gain":0,"player_choice":"Bought 0 Potions","damage_taken":0,"max_hp_gain":0,"max_hp_loss":0,"event_name":"The Woman in Blue","floor":12,"gold_loss":0},{"damage_healed":0,"gold_gain":0,"player_choice":"Trade","damage_taken":0,"relics_obtained":["SsserpentHead"],"max_hp_gain":0,"max_hp_loss":0,"event_name":"FaceTrader","floor":13,"gold_loss":0}],"is_beta":false,"boss_relics":[{"not_picked":["Coffee Dripper","FrozenCore"],"picked":"Ectoplasm"}],"items_purged_floors":[],"is_endless":false,"potions_floor_spawned":[2,4,8,16],"killed_by":"Spheric Guardian","ascension_level":1}