{"gold_per_floor":[16,26,56,71,81,81,101,120,120,155,155,187,200,215,215,315,315,325,325,21,50,150,176,176,207,207,218,249,249,23,23,23,119,119,139,156,211,1210,1210,1210,377,55,55,67,289,589,616,626,626,626,626,626,216,247,247],"floor_reached":55,"playtime":3589,"items_purged":["Normality","Normality","Strike_R+1"],"score":1243,"play_id":"365baedb-fcea-418d-8562-71c055f7f56a","local_time":"20190407182141","is_ascension_mode":true,"campfire_choices":[{"data":"Uppercut","floor":6.0,"key":"SMITH"},{"data":"Immolate","floor":11.0,"key":"SMITH"},{"data":"True Grit","floor":15.0,"key":"SMITH"},{"floor":24.0,"key":"REST"},{"floor":29,"key":"REST"},{"floor":32,"key":"RECALL"},{"floor":40,"key":"REST"},{"floor":49,"key":"REST"},{"floor":52,"key":"REST"}],"neow_cost":"NO_GOLD","seed_source_timestamp":28972184316023,"circlet_count":0,"master_deck":["Strike_R+1","Strike_R+1","Defend_R+1","Defend_R+1","Defend_R+1","Defend_R+1","Bash","Double Tap","Havoc","Anger","Metallicize","True Grit+1","Uppercut+1","Feel No Pain","Headbutt","Immolate+1","True Grit","Feel No Pain","Whirlwind","Brutality","Spot Weakness","Corruption","Shrug It Off+1","Thunderclap+1","Disarm","Dropkick+1","Armaments+1","Barricade","Flame Barrier","Offering","Whirlwind+1","Shrug It Off","Sentinel+1","Writhe","Body Slam+1","Exhume","Demon Form","Feel No Pain","Metamorphosis","Headbutt","Shrug It Off","Heavy Blade+1","Flame Barrier","Feel No Pain"],"special_seed":0,"relics":["Burning Blood","Tiny Chest","Bag of Marbles","Dream Catcher","Gremlin Horn","Fusion Hammer","Happy Flower","Red Mask","WingedGreaves","Self Forming Clay","Lantern","Pen Nib","Meat on the Bone","Ice Cream","Sozu","Du-Vu Doll","Frozen Eye","Bottled Lightning","Old Coin","Vajra","Bottled Tornado","Sundial"],"potions_floor_usage":[33,33,33],"damage_taken":[{"damage":5.0,"enemies":"Small Slimes","floor":1.0,"turns":5.0},{"damage":1.0,"enemies":"Cultist","floor":2.0,"turns":3.0},{"damage":6.0,"enemies":"Jaw Worm","floor":4.0,"turns":5.0},{"damage":3.0,"enemies":"Blue Slaver","floor":5.0,"turns":5.0},{"damage":0.0,"enemies":"Large Slime","floor":7.0,"turns":5.0},{"damage":4.0,"enemies":"3 Louse","floor":8.0,"turns":6.0},{"damage":17.0,"enemies":"3 Sentries","floor":10.0,"turns":7.0},{"damage":13.0,"enemies":"Gremlin Nob","floor":12.0,"turns":4.0},{"damage":2.0,"enemies":"2 Fungi Beasts","floor":13.0,"turns":3.0},{"damage":12.0,"enemies":"Large Slime","floor":14.0,"turns":4.0},{"damage":24.0,"enemies":"Hexaghost","floor":16.0,"turns":10.0},{"damage":2.0,"enemies":"3 Byrds","floor":18.0,"turns":3.0},{"damage":22.0,"enemies":"Masked Bandits","floor":21.0,"turns":4.0},{"damage":2.0,"enemies":"Colosseum Slavers","floor":22.0,"turns":2.0},{"damage":0.0,"enemies":"Colosseum Nobs","floor":22.0,"turns":1.0},{"damage":28.0,"enemies":"Gremlin Leader","floor":23.0,"turns":5.0},{"damage":26.0,"enemies":"Book of Stabbing","floor":25.0,"turns":5.0},{"damage":13,"enemies":"2 Thieves","floor":27,"turns":3},{"damage":0,"enemies":"Slavers","floor":28,"turns":1},{"damage":30,"enemies":"Collector","floor":33,"turns":6},{"damage":0,"enemies":"Orb Walker","floor":35,"turns":3},{"damage":9,"enemies":"3 Darklings","floor":36,"turns":3},{"damage":11,"enemies":"2 Orb Walkers","floor":37,"turns":3},{"damage":20,"enemies":"Maw","floor":44,"turns":5},{"damage":11,"enemies":"Giant Head","floor":47,"turns":7},{"damage":6,"enemies":"4 Shapes","floor":48,"turns":3},{"damage":45,"enemies":"Time Eater","floor":50,"turns":7},{"damage":39,"enemies":"Shield and Spear","floor":54,"turns":5},{"damage":47,"enemies":"The Heart","floor":55,"turns":3}],"seed_played":"-5677890737114465872","potions_obtained":[{"floor":2.0,"key":"Explosive Potion"},{"floor":5.0,"key":"PowerPotion"},{"floor":7.0,"key":"Swift Potion"},{"floor":12.0,"key":"GamblersBrew"},{"floor":13.0,"key":"AttackPotion"},{"floor":16.0,"key":"Ancient Potion"},{"floor":21.0,"key":"LiquidBronze"},{"floor":25.0,"key":"Explosive Potion"}],"is_trial":false,"path_per_floor":["M","M","?","M","M","R","M","M","T","E","R","E","M","M","R","B",null,"M","?","$","?","?","E","R","E","T","M","E","R","$","?","R","B",null,"M","M","?","?","?","R","$","$","T","M","?","T","E","M","R","B",null,"R","$","E","B"],"character_chosen":"IRONCLAD","items_purchased":["Spot Weakness","Corruption","Happy Flower","Barricade","Flame Barrier","Strength Potion","Frozen Eye","Bottled Lightning","Exhume","Demon Form","Feel No Pain","Metamorphosis","Bottled Tornado","Flame Barrier"],"campfire_rested":5,"item_purchase_floors":[20,20,20,30,30,30,41,41,41,41,42,42,53,53],"current_hp_per_floor":[73,78,78,78,80,80,80,80,80,69,69,62,66,60,60,42,71,75,75,75,59,69,47,71,51,51,56,62,80,80,80,80,56,74,80,77,72,72,80,80,80,80,80,66,66,66,61,61,80,53,73,80,80,47,0],"gold":247,"neow_bonus":"TRANSFORM_TWO_CARDS","is_prod":false,"is_daily":false,"chose_seed":false,"campfire_upgraded":3,"win_rate":0,"timestamp":1554654101,"path_taken":["M","M","?","?","M","R","M","M","T","E","R","E","M","M","R","BOSS","M","?","$","?","?","E","R","E","T","M","E","R","$","?","R","BOSS","M","M","?","?","?","R","$","$","T","M","?","?","E","M","R","BOSS","R","$","E","BOSS"],"build_version":"2019-01-23","purchased_purges":3,"victory":false,"max_hp_per_floor":[80,80,80,80,80,80,80,80,80,80,80,80,80,80,80,80,80,80,80,80,80,80,80,80,80,80,80,80,80,80,80,80,80,80,80,80,80,80,80,80,80,80,80,80,80,80,80,80,80,80,80,80,80,80,80],"card_choices":[{"not_picked":["Shrug It Off","True Grit"],"picked":"Anger","floor":1.0},{"not_picked":["Dual Wield","Second Wind"],"picked":"Metallicize","floor":2.0},{"not_picked":["Twin Strike","Body Slam"],"picked":"True Grit","floor":4.0},{"not_picked":["Evolve","Infernal Blade"],"picked":"Uppercut","floor":5.0},{"not_picked":["Double Tap","Perfected Strike"],"picked":"Feel No Pain","floor":7.0},{"not_picked":["Combust","Uppercut"],"picked":"Headbutt","floor":8.0},{"not_picked":["Havoc","Carnage"],"picked":"Immolate","floor":10.0},{"not_picked":["Clothesline","Second Wind"],"picked":"True Grit","floor":12.0},{"not_picked":["Entrench","Immolate"],"picked":"Feel No Pain","floor":13.0},{"not_picked":["Flex","Cleave"],"picked":"Whirlwind","floor":14.0},{"not_picked":["Limit Break","Dark Embrace"],"picked":"Brutality","floor":16.0},{"not_picked":["Heavy Blade+1","Bloodletting","Blood for Blood"],"picked":"SKIP","floor":18.0},{"not_picked":["Reckless Charge+1","Spot Weakness"],"picked":"Shrug It Off+1","floor":21.0},{"not_picked":["Dual Wield","Body Slam"],"picked":"Thunderclap+1","floor":22.0},{"not_picked":["Headbutt","Pommel Strike+1"],"picked":"Disarm","floor":23.0},{"not_picked":["Combust+1","Shockwave+1"],"picked":"Dropkick+1","floor":25.0},{"not_picked":["Cleave","Thunderclap+1","Intimidate+1"],"picked":"SKIP","floor":27},{"not_picked":["Blood for Blood","Rampage","Fire Breathing"],"picked":"SKIP","floor":28},{"not_picked":["Havoc","Ghostly Armor"],"picked":"Armaments+1","floor":29},{"not_picked":["Fiend Fire","Double Tap"],"picked":"Offering","floor":33},{"not_picked":["Flex","Cleave"],"picked":"Whirlwind+1","floor":35},{"not_picked":["Fire Breathing","Dual Wield"],"picked":"Shrug It Off","floor":36},{"not_picked":["Sword Boomerang+1","Perfected Strike+1"],"picked":"Sentinel+1","floor":37},{"not_picked":["Perfected Strike","Bloodletting+1"],"picked":"Body Slam+1","floor":40},{"not_picked":["Hemokinesis+1","Flex+1"],"picked":"Headbutt","floor":44},{"not_picked":["Cleave","Wild Strike","Clothesline+1"],"picked":"SKIP","floor":47},{"not_picked":["Reckless Charge+1","Bloodletting","Anger+1"],"picked":"SKIP","floor":48},{"not_picked":["Reckless Charge+1","Bloodletting","Anger+1"],"picked":"SKIP","floor":48},{"not_picked":["Havoc","Iron Wave+1"],"picked":"Shrug It Off","floor":49},{"not_picked":["Dark Embrace","Pummel"],"picked":"Heavy Blade+1","floor":52},{"not_picked":["Reckless Charge+1","Searing Blow+1"],"picked":"Feel No Pain","floor":54}],"player_experience":100291,"relics_obtained":[{"floor":3.0,"key":"Tiny Chest"},{"floor":9.0,"key":"Bag of Marbles"},{"floor":10.0,"key":"Dream Catcher"},{"floor":12.0,"key":"Gremlin Horn"},{"floor":21.0,"key":"Red Mask"},{"floor":22.0,"key":"WingedGreaves"},{"floor":22.0,"key":"Self Forming Clay"},{"floor":23.0,"key":"Lantern"},{"floor":25.0,"key":"Pen Nib"},{"floor":26,"key":"Meat on the Bone"},{"floor":28,"key":"Ice Cream"},{"floor":37,"key":"Du-Vu Doll"},{"floor":46,"key":"Old Coin"},{"floor":47,"key":"Vajra"},{"floor":54,"key":"Sundial"}],"event_choices":[{"damage_healed":0.0,"max_hp_gain":0.0,"max_hp_loss":0.0,"gold_gain":0.0,"event_name":"Wheel of Change","player_choice":"Relic","floor":3.0,"gold_loss":0.0,"damage_taken":0.0},{"damage_healed":0.0,"max_hp_gain":0.0,"max_hp_loss":0.0,"gold_gain":0.0,"event_name":"Vampires","player_choice":"Ignored","floor":19.0,"gold_loss":0.0,"damage_taken":0.0},{"damage_healed":0.0,"max_hp_gain":0.0,"max_hp_loss":0.0,"gold_gain":0.0,"event_name":"Masked Bandits","player_choice":"Fought Bandits","floor":21.0,"gold_loss":0.0,"damage_taken":0.0},{"damage_healed":0.0,"max_hp_gain":0.0,"max_hp_loss":0.0,"gold_gain":0.0,"event_name":"Colosseum","player_choice":"Fight","floor":22.0,"gold_loss":0.0,"damage_taken":0.0},{"damage_healed":0.0,"max_hp_gain":0.0,"max_hp_loss":0.0,"gold_gain":0.0,"event_name":"Colosseum","player_choice":"Fought Nobs","floor":22.0,"gold_loss":0.0,"damage_taken":0.0},{"damage_healed":0,"gold_gain":0,"player_choice":"Simplicity","damage_taken":0,"max_hp_gain":0,"max_hp_loss":0,"event_name":"Back to Basics","floor":31,"gold_loss":0,"cards_upgraded":["Strike_R","Strike_R","Strike_R","Defend_R","Defend_R","Defend_R","Defend_R"]},{"damage_healed":0,"gold_gain":0,"player_choice":"Fight","damage_taken":0,"max_hp_gain":0,"max_hp_loss":0,"event_name":"Mysterious Sphere","floor":37,"gold_loss":0},{"damage_healed":0,"gold_gain":999,"player_choice":"Gold","damage_taken":0,"max_hp_gain":0,"max_hp_loss":0,"event_name":"MindBloom","floor":38,"gold_loss":0,"cards_obtained":["Normality","Normality"]},{"damage_healed":20,"gold_gain":0,"player_choice":"Writhe","damage_taken":0,"max_hp_gain":0,"max_hp_loss":0,"event_name":"Winding Halls","floor":39,"gold_loss":0,"cards_obtained":["Writhe"]},{"damage_healed":0,"gold_gain":222,"player_choice":"Wore Mask","damage_taken":0,"max_hp_gain":0,"max_hp_loss":0,"event_name":"Tomb of Lord Red Mask","floor":45,"gold_loss":0}],"is_beta":false,"boss_relics":[{"not_picked":["Orrery","Black Blood"],"picked":"Fusion Hammer"},{"not_picked":["Runic Cube","Eternal Feather"],"picked":"Sozu"}],"items_purged_floors":[41,42,53],"is_endless":false,"potions_floor_spawned":[2,5,7,12,13,16,21,22,25,35,48,54],"killed_by":"The Heart","ascension_level":9}