{"gold_per_floor":[112,37,37,37,37,37,52,86,86,103,103,103,116,131,131,228,228,247,346,271,1,15,15,15],"floor_reached":24,"playtime":1420,"items_purged":["Strike_R"],"score":194,"play_id":"5e0dcee1-d673-474a-abac-a8034cb28b3e","local_time":"20181023154920","is_ascension_mode":false,"campfire_choices":[{"data":"Pommel Strike","floor":6,"key":"SMITH"},{"data":"Body Slam","floor":11,"key":"SMITH"},{"data":"Flex","floor":15,"key":"SMITH"},{"data":"Dark Embrace","floor":23,"key":"SMITH"}],"neow_cost":"NONE","seed_source_timestamp":463527983274641,"circlet_count":0,"master_deck":["Strike_R","Defend_R","Defend_R","Defend_R","Defend_R","Bash","Twin Strike","Pommel Strike+1","Disarm+1","Cleave","Body Slam+1","Burning Pact","Flex+1","Dark Embrace+1","Spot Weakness+1","Metallicize","Clothesline"],"relics":["Burning Blood","Anchor","Dream Catcher","Bag of Preparation","Velvet Choker","Bronze Scales"],"potions_floor_usage":[8,22,24,24,24],"damage_taken":[{"damage":1,"enemies":"Cultist","floor":1,"turns":3},{"damage":0,"enemies":"Small Slimes","floor":7,"turns":2},{"damage":6,"enemies":"Gremlin Nob","floor":8,"turns":3},{"damage":0,"enemies":"2 Louse","floor":10,"turns":2},{"damage":0,"enemies":"Blue Slaver","floor":13,"turns":3},{"damage":5,"enemies":"Red Slaver","floor":14,"turns":3},{"damage":45,"enemies":"The Guardian","floor":16,"turns":12},{"damage":22,"enemies":"Spheric Guardian","floor":18,"turns":4},{"damage":0,"enemies":"2 Thieves","floor":22,"turns":5},{"damage":73,"enemies":"Slavers","floor":24,"turns":4}],"seed_played":"-7161484481465904585","potions_obtained":[{"floor":1,"key":"PowerPotion"},{"floor":10,"key":"SneckoOil"},{"floor":16,"key":"SpeedPotion"},{"floor":18,"key":"AttackPotion"},{"floor":22,"key":"Weak Potion"}],"is_trial":false,"path_per_floor":["M","$","$","?","T","R","M","E","T","M","R","?","M","M","R","B",null,"M","?","?","$","M","R"],"character_chosen":"IRONCLAD","items_purchased":["Metallicize","Bronze Scales","EssenceOfSteel"],"campfire_rested":0,"item_purchase_floors":[21,21,21],"current_hp_per_floor":[80,80,80,73,73,73,79,79,79,80,80,80,80,80,80,41,80,64,64,64,64,70,70,0],"gold":15,"neow_bonus":"TRANSFORM_CARD","is_prod":false,"is_daily":false,"chose_seed":false,"campfire_upgraded":4,"win_rate":0.0,"timestamp":1540302560,"path_taken":["M","?","$","?","?","R","M","E","T","M","R","?","M","M","R","BOSS","M","?","?","$","M","R","E"],"build_version":"2018-10-18","purchased_purges":1,"victory":false,"max_hp_per_floor":[80,80,80,80,80,80,80,80,80,80,80,80,80,80,80,80,80,80,80,80,80,80,80,80],"card_choices":[{"not_picked":["Seeing Red","Shrug It Off"],"picked":"Pommel Strike","floor":1},{"not_picked":["Twin Strike","Second Wind"],"picked":"Disarm","floor":7},{"not_picked":["Fire Breathing","Seeing Red"],"picked":"Cleave","floor":8},{"not_picked":["Cleave","Fire Breathing"],"picked":"Body Slam","floor":10},{"not_picked":["Pommel Strike","Perfected Strike"],"picked":"Burning Pact","floor":13},{"not_picked":["Cleave","Fire Breathing"],"picked":"Flex","floor":14},{"not_picked":["Juggernaut","Bludgeon"],"picked":"Dark Embrace","floor":16},{"not_picked":["True Grit","Iron Wave+1"],"picked":"Spot Weakness+1","floor":18},{"not_picked":["Body Slam+1","True Grit"],"picked":"Clothesline","floor":22}],"player_experience":99101,"relics_obtained":[{"floor":5,"key":"Anchor"},{"floor":8,"key":"Dream Catcher"},{"floor":9,"key":"Bag of Preparation"}],"event_choices":[{"cards_removed":["Strike_R"],"damage_healed":0,"gold_gain":0,"player_choice":"Card Removal","damage_taken":7,"max_hp_gain":0,"max_hp_loss":0,"event_name":"Golden Wing","floor":4,"gold_loss":0},{"damage_healed":0,"gold_gain":0,"player_choice":"Forge","damage_taken":0,"max_hp_gain":0,"max_hp_loss":0,"event_name":"Accursed Blacksmith","floor":12,"gold_loss":0,"cards_upgraded":["Disarm"]},{"damage_healed":0,"gold_gain":99,"player_choice":"Stole From Cult","damage_taken":0,"max_hp_gain":0,"max_hp_loss":0,"event_name":"Nest","floor":19,"gold_loss":0},{"cards_removed":["Strike_R"],"damage_healed":0,"gold_gain":0,"player_choice":"Gave Gold","damage_taken":0,"max_hp_gain":0,"max_hp_loss":0,"event_name":"Beggar","floor":20,"gold_loss":75}],"is_beta":false,"boss_relics":[{"not_picked":["Fusion Hammer","Runic Pyramid"],"picked":"Velvet Choker"}],"items_purged_floors":[2],"is_endless":false,"potions_floor_spawned":[1,10,16,18,22],"killed_by":"Slavers","ascension_level":0}