{"gold_per_floor":[113,113,124,124,141,172,188,201,201,201,221,221,254,269,269,374,374,387,397,397,422,522,522,148,158,211,253,280,303,325,337,349,460,472,494,526,638,750,773,785,70,98,98,108,127,147,147,162,162,162,162,162,40,67,67],"floor_reached":55,"playtime":7068,"items_purged":["Hemokinesis"],"score":785,"play_id":"2e96a700-4657-467c-b1f1-3d7a46737c0d","local_time":"20190602131509","is_ascension_mode":false,"campfire_choices":[{"floor":10,"key":"RECALL"},{"floor":12,"key":"REST"},{"data":"Body Slam","floor":15,"key":"SMITH"},{"data":"Metallicize","floor":23,"key":"SMITH"},{"floor":32,"key":"REST"},{"data":"Barricade","floor":40,"key":"SMITH"},{"data":"Juggernaut","floor":49,"key":"SMITH"},{"data":"Entrench","floor":52,"key":"SMITH"}],"neow_cost":"NONE","seed_source_timestamp":34656344136572,"circlet_count":0,"master_deck":["Strike_R+1","Strike_R+1","Strike_R+1","Strike_R+1","Defend_R+1","Defend_R+1","Defend_R+1","Defend_R+1","Juggernaut+1","Entrench+1","Ghostly Armor","Metallicize+1","Anger","Armaments+1","Shrug It Off+1","Ghostly Armor+1","Body Slam+1","Reaper","Bludgeon","Body Slam+1","Battle Trance+1","Body Slam+1","True Grit+1","Secret Technique+1","True Grit+1","Shrug It Off+1","Anger","Metallicize","Shrug It Off+1","Barricade+1","Body Slam","Iron Wave+1","Warcry+1","Pommel Strike","Metallicize","Body Slam","Armaments+1","Flex+1","Flame Barrier+1","Inflame","Flex+1","Battle Trance+1","Sever Soul","Deep Breath+1","Power Through+1","Twin Strike+1"],"relics":["Burning Blood","Toxic Egg 2","Magic Flower","Eternal Feather","Red Mask","Oddly Smooth Stone","MawBank","Meat on the Bone","Gremlin Horn","Philosopher\u0027s Stone","Ice Cream","Torii","Omamori","Strawberry","Shuriken","Bag of Preparation"],"potions_floor_usage":[27,28,42,48,55],"damage_taken":[{"damage":10,"enemies":"Small Slimes","floor":1,"turns":4},{"damage":1,"enemies":"Cultist","floor":3,"turns":4},{"damage":6,"enemies":"Jaw Worm","floor":5,"turns":5},{"damage":32,"enemies":"3 Sentries","floor":6,"turns":11},{"damage":10,"enemies":"3 Louse","floor":7,"turns":4},{"damage":11,"enemies":"Lots of Slimes","floor":8,"turns":5},{"damage":0,"enemies":"Exordium Thugs","floor":11,"turns":5},{"damage":8,"enemies":"Gremlin Nob","floor":13,"turns":4},{"damage":0,"enemies":"Large Slime","floor":14,"turns":6},{"damage":32,"enemies":"The Guardian","floor":16,"turns":10},{"damage":7,"enemies":"Chosen","floor":18,"turns":6},{"damage":17,"enemies":"Spheric Guardian","floor":19,"turns":5},{"damage":29,"enemies":"Masked Bandits","floor":21,"turns":6},{"damage":14,"enemies":"Chosen and Byrds","floor":25,"turns":7},{"damage":64,"enemies":"Gremlin Leader","floor":27,"turns":9},{"damage":19,"enemies":"Cultist and Chosen","floor":28,"turns":9},{"damage":1,"enemies":"Centurion and Healer","floor":29,"turns":7},{"damage":15,"enemies":"3 Cultists","floor":30,"turns":6},{"damage":57,"enemies":"Automaton","floor":33,"turns":15},{"damage":13,"enemies":"3 Darklings","floor":35,"turns":6},{"damage":0,"enemies":"3 Shapes","floor":36,"turns":5},{"damage":0,"enemies":"Mind Bloom Boss Battle","floor":37,"turns":4},{"damage":0,"enemies":"Maw","floor":39,"turns":7},{"damage":64,"enemies":"Giant Head","floor":42,"turns":11},{"damage":29,"enemies":"3 Darklings","floor":44,"turns":6},{"damage":1,"enemies":"Jaw Worm Horde","floor":45,"turns":7},{"damage":0,"enemies":"Transient","floor":46,"turns":5},{"damage":8,"enemies":"Maw","floor":48,"turns":7},{"damage":27,"enemies":"Time Eater","floor":50,"turns":11},{"damage":28,"enemies":"Shield and Spear","floor":54,"turns":9},{"damage":75,"enemies":"The Heart","floor":55,"turns":8}],"seed_played":"-4078676632722190398","potions_obtained":[{"floor":1,"key":"SpeedPotion"},{"floor":6,"key":"Swift Potion"},{"floor":11,"key":"Strength Potion"},{"floor":28,"key":"SneckoOil"},{"floor":35,"key":"Strength Potion"},{"floor":37,"key":"Block Potion"},{"floor":44,"key":"SteroidPotion"},{"floor":48,"key":"Fruit Juice"}],"is_trial":false,"path_per_floor":["M","?","M","$","M","E","M","M","T","R","M","R","E","M","R","B",null,"M","M","?","?","?","R","$","M","T","E","M","M","M","T","R","B",null,"M","M","?","?","M","R","$","E","T","M","M","M","?","M","R","B",null,"R","$","E","B"],"character_chosen":"IRONCLAD","items_purchased":["True Grit+1","Oddly Smooth Stone","Secret Technique+1","Metallicize","Body Slam","Torii","Armaments+1","Omamori","Flex+1","Deep Breath+1","Power Through+1"],"campfire_rested":2,"item_purchase_floors":[24,24,24,41,41,41,41,41,41,53,53],"current_hp_per_floor":[76,76,80,80,80,54,50,45,45,45,51,75,73,80,80,57,80,80,72,72,60,60,72,72,67,67,12,35,61,55,55,80,50,80,76,80,80,80,80,80,80,50,50,48,56,73,73,79,92,74,92,92,92,73,0],"gold":67,"neow_bonus":"ONE_RANDOM_RARE_CARD","is_prod":false,"is_daily":false,"chose_seed":false,"campfire_upgraded":5,"win_rate":0,"timestamp":1559495709,"path_taken":["M","?","M","$","M","E","M","M","T","R","M","R","E","?","R","BOSS","M","M","?","?","?","R","$","M","T","E","M","?","M","?","R","BOSS","M","M","?","?","M","R","$","E","T","?","?","M","?","M","R","BOSS","R","$","E","BOSS"],"build_version":"2019-01-23","purchased_purges":1,"victory":false,"max_hp_per_floor":[80,80,80,80,80,80,80,80,80,80,80,80,80,80,80,80,80,80,80,80,80,80,80,80,80,80,80,80,80,80,80,80,80,80,80,80,80,80,80,80,80,87,87,87,87,87,87,92,92,92,92,92,92,92,92],"card_choices":[{"not_picked":["Bloodletting","Cleave"],"picked":"Entrench","floor":1},{"not_picked":["Whirlwind","Warcry"],"picked":"Ghostly Armor","floor":3},{"not_picked":["Clash","Warcry"],"picked":"Metallicize","floor":5},{"not_picked":["Perfected Strike","Headbutt"],"picked":"Anger","floor":6},{"not_picked":["Anger","Twin Strike"],"picked":"Armaments+1","floor":7},{"not_picked":["Pommel Strike","Rampage"],"picked":"Shrug It Off+1","floor":8},{"not_picked":["Pommel Strike","Blood for Blood"],"picked":"Ghostly Armor+1","floor":11},{"not_picked":["Ghostly Armor+1","Iron Wave"],"picked":"Body Slam","floor":13},{"not_picked":["Battle Trance+1","Thunderclap"],"picked":"Reaper","floor":14},{"not_picked":["Dark Embrace","Offering+1"],"picked":"Bludgeon","floor":16},{"not_picked":["Clash","Warcry+1"],"picked":"Body Slam+1","floor":18},{"not_picked":["Sword Boomerang","Cleave"],"picked":"Battle Trance+1","floor":19},{"not_picked":["Clothesline","Offering+1"],"picked":"Body Slam+1","floor":21},{"not_picked":["Flex+1","Warcry+1"],"picked":"True Grit+1","floor":25},{"not_picked":["Cleave","Second Wind+1"],"picked":"Shrug It Off+1","floor":27},{"not_picked":["Warcry+1","Twin Strike"],"picked":"Anger","floor":28},{"not_picked":["Headbutt","Hemokinesis"],"picked":"Metallicize","floor":29},{"not_picked":["Fire Breathing","Combust"],"picked":"Shrug It Off+1","floor":30},{"not_picked":["Impervious+1","Bludgeon"],"picked":"Barricade","floor":33},{"not_picked":["Headbutt+1","Twin Strike"],"picked":"Body Slam","floor":35},{"not_picked":["Rage+1","Heavy Blade"],"picked":"Iron Wave+1","floor":36},{"not_picked":["Headbutt+1","Fiend Fire"],"picked":"Warcry+1","floor":37},{"not_picked":["Clash","Twin Strike"],"picked":"Pommel Strike","floor":39},{"not_picked":["Dual Wield+1","Twin Strike"],"picked":"Flame Barrier+1","floor":42},{"not_picked":["Reckless Charge","Sword Boomerang"],"picked":"Inflame","floor":44},{"not_picked":["Armaments+1","Pommel Strike"],"picked":"Flex+1","floor":45},{"not_picked":["Infernal Blade+1","Rage+1"],"picked":"Battle Trance+1","floor":46},{"not_picked":["Twin Strike","Whirlwind+1"],"picked":"Sever Soul","floor":48},{"not_picked":["Brutality","Fire Breathing"],"picked":"Twin Strike+1","floor":54}],"player_experience":27322,"relics_obtained":[{"floor":6,"key":"Toxic Egg 2"},{"floor":13,"key":"Magic Flower"},{"floor":21,"key":"Red Mask"},{"floor":26,"key":"MawBank"},{"floor":27,"key":"Meat on the Bone"},{"floor":31,"key":"Gremlin Horn"},{"floor":37,"key":"Ice Cream"},{"floor":42,"key":"Strawberry"},{"floor":43,"key":"Shuriken"},{"floor":54,"key":"Bag of Preparation"}],"event_choices":[{"damage_healed":0,"gold_gain":0,"cards_transformed":["Strike_R"],"player_choice":"Transformed","damage_taken":0,"max_hp_gain":0,"max_hp_loss":0,"event_name":"Transmorgrifier","floor":2,"gold_loss":0,"cards_obtained":["Hemokinesis"]},{"damage_healed":0,"gold_gain":0,"player_choice":"Simplicity","damage_taken":0,"max_hp_gain":0,"max_hp_loss":0,"event_name":"Back to Basics","floor":20,"gold_loss":0,"cards_upgraded":["Strike_R","Strike_R","Strike_R","Strike_R","Defend_R","Defend_R","Defend_R","Defend_R"]},{"damage_healed":0,"gold_gain":0,"player_choice":"Fought Bandits","damage_taken":0,"max_hp_gain":0,"max_hp_loss":0,"event_name":"Masked Bandits","floor":21,"gold_loss":0},{"damage_healed":0,"gold_gain":100,"player_choice":"Pray","damage_taken":0,"max_hp_gain":0,"max_hp_loss":0,"event_name":"Golden Shrine","floor":22,"gold_loss":0},{"damage_healed":0,"gold_gain":0,"player_choice":"Fight","damage_taken":0,"max_hp_gain":0,"max_hp_loss":0,"event_name":"MindBloom","floor":37,"gold_loss":0},{"damage_healed":0,"gold_gain":100,"player_choice":"Pray","damage_taken":0,"max_hp_gain":0,"max_hp_loss":0,"event_name":"Golden Shrine","floor":38,"gold_loss":0},{"cards_removed":["Bash"],"damage_healed":0,"gold_gain":0,"player_choice":"Removed Attack","damage_taken":0,"max_hp_gain":0,"max_hp_loss":0,"event_name":"Falling","floor":47,"gold_loss":0}],"is_beta":false,"boss_relics":[{"not_picked":["Mark of Pain","Orrery"],"picked":"Eternal Feather"},{"not_picked":["Black Blood","Busted Crown"],"picked":"Philosopher\u0027s Stone"}],"items_purged_floors":[41],"is_endless":false,"potions_floor_spawned":[1,6,11,16,21,25,28,35,37,44,48],"killed_by":"The Heart","ascension_level":0}