{"gold_per_floor":[118,128,138,138,37,37,65,13,13,33,33,33,59,70,70,70],"floor_reached":16,"playtime":861,"items_purged":["Strike_G"],"score":110,"play_id":"fcd1f41c-1d80-4dff-be51-40717be6f502","local_time":"20181203235047","is_ascension_mode":false,"campfire_choices":[{"data":"Tactician","floor":6,"key":"SMITH"},{"floor":11,"key":"REST"},{"floor":15,"key":"REST"}],"neow_cost":"NONE","seed_source_timestamp":539062734786470,"circlet_count":0,"master_deck":["Defend_G","Defend_G","Defend_G","Defend_G","Defend_G","Strike_G","Strike_G","Strike_G","Strike_G","Survivor","Neutralize+1","Dramatic Entrance","Underhanded Strike","Tactician+1","Tools of the Trade","Outmaneuver","Dagger Throw","Dodge and Roll","PiercingWail","Eviscerate"],"relics":["Ring of the Snake","Frozen Egg 2","Singing Bowl","Anchor"],"potions_floor_usage":[7,16,16,16],"damage_taken":[{"damage":3,"enemies":"Cultist","floor":1,"turns":5},{"damage":0,"enemies":"Small Slimes","floor":2,"turns":3},{"damage":3,"enemies":"Jaw Worm","floor":3,"turns":4},{"damage":25,"enemies":"3 Sentries","floor":7,"turns":11},{"damage":2,"enemies":"2 Fungi Beasts","floor":10,"turns":4},{"damage":32,"enemies":"Gremlin Nob","floor":13,"turns":6},{"damage":1,"enemies":"Blue Slaver","floor":14,"turns":5},{"damage":49,"enemies":"Slime Boss","floor":16,"turns":12}],"seed_played":"-130580052552172325","potions_obtained":[{"floor":1,"key":"Poison Potion"},{"floor":7,"key":"Block Potion"},{"floor":13,"key":"Strength Potion"},{"floor":14,"key":"AttackPotion"}],"is_trial":false,"path_per_floor":["M","M","M","?","$","R","E","$","T","M","R","$","E","M","R","B"],"character_chosen":"THE_SILENT","items_purchased":["Outmaneuver","Dodge and Roll"],"campfire_rested":2,"item_purchase_floors":[5,8],"current_hp_per_floor":[67,67,64,64,64,64,39,39,39,37,58,58,26,27,48,0],"gold":70,"neow_bonus":"RANDOM_COLORLESS","is_prod":false,"is_daily":false,"chose_seed":false,"campfire_upgraded":1,"win_rate":0,"timestamp":1543877447,"path_taken":["M","?","M","?","?","R","E","$","T","M","R","$","E","M","R","BOSS"],"build_version":"2018-11-15","purchased_purges":1,"victory":false,"max_hp_per_floor":[70,70,70,70,70,70,70,70,70,70,70,70,70,72,72,72],"card_choices":[{"not_picked":["Crippling Poison","Flying Knee"],"picked":"Underhanded Strike","floor":1},{"not_picked":["Flying Knee","Prepared"],"picked":"Tactician","floor":2},{"not_picked":["Slice","Outmaneuver"],"picked":"Tools of the Trade","floor":3},{"not_picked":["Catalyst","Cloak And Dagger"],"picked":"Dagger Throw","floor":7},{"not_picked":["Blade Dance","Predator"],"picked":"PiercingWail","floor":10},{"not_picked":["Dodge and Roll","Cloak And Dagger"],"picked":"Eviscerate","floor":13},{"not_picked":["Flying Knee","Sucker Punch","Endless Agony"],"picked":"Singing Bowl","floor":14}],"player_experience":266632,"relics_obtained":[{"floor":7,"key":"Frozen Egg 2"},{"floor":9,"key":"Singing Bowl"},{"floor":13,"key":"Anchor"}],"event_choices":[{"damage_healed":0,"gold_gain":0,"player_choice":"Grow","damage_taken":0,"max_hp_gain":0,"max_hp_loss":0,"event_name":"Living Wall","floor":4,"gold_loss":0,"cards_upgraded":["Neutralize"]}],"is_beta":true,"boss_relics":[],"items_purged_floors":[5],"is_endless":false,"potions_floor_spawned":[1,7,13,14],"killed_by":"Slime Boss","ascension_level":0}