{"gold_per_floor":[114,134,144,144,69,96,96,153,153,153,173,200,217,250,250,349,349,367,367,367,466,485,485,502,502,526,247,261,287,287,315,315,420,420,433,443,4,4,19,19,19,31,56,90,0,100,127,141,141,141,141,141,25,50,50],"floor_reached":56,"playtime":6204,"items_purged":["Pain"],"score":1462,"play_id":"9d600379-687d-40dc-aed5-1476cd547133","local_time":"20190412145152","is_ascension_mode":true,"campfire_choices":[{"data":"1","floor":7.0,"key":"LIFT"},{"floor":15.0,"key":"REST"},{"data":"2","floor":23.0,"key":"LIFT"},{"data":"3","floor":25.0,"key":"LIFT"},{"floor":30,"key":"REST"},{"floor":32,"key":"RECALL"},{"data":"After Image","floor":41,"key":"SMITH"},{"data":"Accuracy","floor":49,"key":"SMITH"},{"data":"Accuracy","floor":52,"key":"SMITH"}],"neow_cost":"NONE","seed_source_timestamp":137570010502297,"circlet_count":0,"master_deck":["Defend_G","Strike_G","Strike_G+1","Strike_G+1","Strike_G","Survivor","Neutralize","Leg Sweep+1","Leg Sweep+1","Crippling Poison+1","Heel Hook","Flying Knee","After Image+1","Quick Slash","Cloak And Dagger+1","Deflect+1","Bullet Time+1","Riddle With Holes","After Image+1","Distraction+1","Dagger Throw","Accuracy+1","Apotheosis+1","Leg Sweep+1","Escape Plan+1","Blade Dance+1","Burst+1","Caltrops+1","Well Laid Plans+1","Corpse Explosion+1","Poisoned Stab","Deadly Poison+1","Bandage Up+1","Crippling Poison+1","Blade Dance+1","Accuracy+1","Dodge and Roll+1","Footwork+1","Phantasmal Killer+1","Noxious Fumes","Expertise+1","Caltrops+1"],"special_seed":0,"relics":["Calling Bell","Juzu Bracelet","Toxic Egg 2","Girya","Turnip","Omamori","Mummified Hand","Ornamental Fan","Pear","Empty Cage","Enchiridion","Centennial Puzzle","PreservedInsect","Astrolabe","HandDrill","Happy Flower","Bag of Preparation","Strawberry","Red Mask","Incense Burner","Whetstone","Bronze Scales"],"potions_floor_usage":[31,39,50],"damage_taken":[{"damage":19.0,"enemies":"Jaw Worm","floor":1.0,"turns":7.0},{"damage":6.0,"enemies":"Cultist","floor":2.0,"turns":6.0},{"damage":7.0,"enemies":"Small Slimes","floor":3.0,"turns":7.0},{"damage":16.0,"enemies":"Lagavulin","floor":6.0,"turns":12.0},{"damage":11.0,"enemies":"3 Sentries","floor":8.0,"turns":14.0},{"damage":0.0,"enemies":"Blue Slaver","floor":11.0,"turns":5.0},{"damage":4.0,"enemies":"3 Sentries","floor":12.0,"turns":8.0},{"damage":1.0,"enemies":"Exordium Wildlife","floor":13.0,"turns":5.0},{"damage":1.0,"enemies":"Gremlin Nob","floor":14.0,"turns":4.0},{"damage":6.0,"enemies":"Hexaghost","floor":16.0,"turns":12.0},{"damage":0.0,"enemies":"Shell Parasite","floor":18.0,"turns":8.0},{"damage":4.0,"enemies":"Chosen","floor":22.0,"turns":5.0},{"damage":0.0,"enemies":"Centurion and Healer","floor":24.0,"turns":7.0},{"damage":15,"enemies":"Sentry and Sphere","floor":28,"turns":4},{"damage":7,"enemies":"Book of Stabbing","floor":31,"turns":5},{"damage":31,"enemies":"Automaton","floor":33,"turns":11},{"damage":6,"enemies":"Orb Walker","floor":35,"turns":3},{"damage":0,"enemies":"3 Shapes","floor":36,"turns":3},{"damage":24,"enemies":"Writhing Mass","floor":39,"turns":3},{"damage":0,"enemies":"Sphere and 2 Shapes","floor":42,"turns":4},{"damage":20,"enemies":"Giant Head","floor":44,"turns":7},{"damage":22,"enemies":"Mind Bloom Boss Battle","floor":46,"turns":5},{"damage":0,"enemies":"Nemesis","floor":47,"turns":5},{"damage":0,"enemies":"Maw","floor":48,"turns":7},{"damage":12,"enemies":"Donu and Deca","floor":50,"turns":6},{"damage":10,"enemies":"Shield and Spear","floor":54,"turns":3},{"damage":73,"enemies":"The Heart","floor":55,"turns":9}],"seed_played":"5656882653301645744","potions_obtained":[{"floor":2.0,"key":"Strength Potion"},{"floor":3.0,"key":"GhostInAJar"},{"floor":6.0,"key":"SkillPotion"},{"floor":11.0,"key":"FearPotion"},{"floor":13.0,"key":"SkillPotion"},{"floor":14.0,"key":"Regen Potion"},{"floor":22.0,"key":"Ancient Potion"},{"floor":24.0,"key":"Fire Potion"},{"floor":36,"key":"Energy Potion"},{"floor":44,"key":"SpeedPotion"},{"floor":46,"key":"Swift Potion"}],"is_trial":false,"path_per_floor":["M","M","M","?","$","E","R","?","T","?","M","E","M","E","R","B",null,"M","?","?","?","M","R","M","R","T","$","M","T","R","E","R","B",null,"M","M","$","?","M","?","R","M","T","E","?","?","E","M","R","B",null,"R","$","E","B",null],"character_chosen":"THE_SILENT","items_purchased":["Accuracy","Apotheosis+1","Leg Sweep+1","HandDrill","Happy Flower","Bandage Up+1","Noxious Fumes","Expertise+1"],"campfire_rested":2,"item_purchase_floors":[27,27,27,37,37,37,53,53],"current_hp_per_floor":[51,45,38,38,38,22,22,11,11,11,11,7,6,15,39,33,80,80,80,64,64,60,60,60,60,60,60,45,45,69,76,76,45,80,74,74,74,74,56,56,56,62,62,55,55,39,45,51,51,45,87,87,87,83,16],"gold":50,"neow_bonus":"BOSS_RELIC","is_prod":false,"is_daily":false,"chose_seed":false,"campfire_upgraded":3,"win_rate":0,"timestamp":1555105912,"path_taken":["M","M","M","?","$","E","R","?","T","?","M","E","M","E","R","BOSS","M","?","?","?","M","R","M","R","T","$","M","?","R","E","R","BOSS","M","M","$","?","M","?","R","M","T","E","?","?","E","M","R","BOSS","R","$","E","BOSS"],"build_version":"2019-01-23","purchased_purges":1,"victory":true,"max_hp_per_floor":[70,70,70,70,70,70,70,70,70,70,70,70,70,80,80,80,80,80,80,80,80,80,80,80,80,80,80,80,80,80,80,80,80,80,80,80,80,80,80,80,80,80,80,87,87,87,87,87,87,87,87,87,87,87,87],"card_choices":[{"not_picked":["Accuracy","Acrobatics+1"],"picked":"Leg Sweep+1","floor":1.0},{"not_picked":["Bane","Backflip+1"],"picked":"Leg Sweep+1","floor":2.0},{"not_picked":["Footwork","Backflip+1"],"picked":"Crippling Poison+1","floor":3.0},{"not_picked":["Bouncing Flask+1","Deflect+1"],"picked":"Heel Hook","floor":6.0},{"not_picked":["Endless Agony","Deflect+1"],"picked":"Flying Knee","floor":8.0},{"not_picked":["Underhanded Strike","Dagger Spray"],"picked":"After Image","floor":11.0},{"not_picked":["All Out Attack","Eviscerate"],"picked":"Quick Slash","floor":12.0},{"not_picked":["Dagger Spray","Backflip+1"],"picked":"Cloak And Dagger+1","floor":13.0},{"not_picked":["Eviscerate","Storm of Steel+1"],"picked":"Deflect+1","floor":14.0},{"not_picked":["Unload","Night Terror+1"],"picked":"Bullet Time+1","floor":16.0},{"not_picked":["Underhanded Strike+1","Quick Slash"],"picked":"Riddle With Holes","floor":18.0},{"not_picked":["Deflect+1","Poisoned Stab"],"picked":"Distraction+1","floor":22.0},{"not_picked":["Leg Sweep+1","Concentrate+1"],"picked":"Dagger Throw","floor":24.0},{"not_picked":["Flying Knee","Skewer"],"picked":"Escape Plan+1","floor":28},{"not_picked":["Backflip+1","Sucker Punch"],"picked":"Blade Dance+1","floor":31},{"not_picked":["Adrenaline+1","Doppelganger+1"],"picked":"Burst+1","floor":33},{"not_picked":["PiercingWail+1","Dagger Throw"],"picked":"Poisoned Stab","floor":35},{"not_picked":["Dagger Throw+1","Sucker Punch+1"],"picked":"Deadly Poison+1","floor":36},{"not_picked":["Dagger Throw","Poisoned Stab"],"picked":"Crippling Poison+1","floor":39},{"not_picked":["Dodge and Roll+1","Quick Slash+1"],"picked":"Blade Dance+1","floor":42},{"not_picked":["Dagger Throw+1","PiercingWail+1"],"picked":"Accuracy","floor":44},{"not_picked":["Escape Plan+1","Endless Agony+1"],"picked":"Dodge and Roll+1","floor":46},{"not_picked":["Slice+1","Expertise+1"],"picked":"Footwork+1","floor":47},{"not_picked":["Dagger Throw","Sucker Punch"],"picked":"Phantasmal Killer+1","floor":48},{"not_picked":["PiercingWail+1","Dagger Throw+1"],"picked":"Caltrops+1","floor":54}],"player_experience":388945,"relics_obtained":[{"floor":0.0,"key":"Juzu Bracelet"},{"floor":0.0,"key":"Toxic Egg 2"},{"floor":0.0,"key":"Girya"},{"floor":6.0,"key":"Turnip"},{"floor":8.0,"key":"Omamori"},{"floor":9.0,"key":"Mummified Hand"},{"floor":12.0,"key":"Ornamental Fan"},{"floor":14.0,"key":"Pear"},{"floor":20.0,"key":"Enchiridion"},{"floor":29,"key":"Centennial Puzzle"},{"floor":31,"key":"PreservedInsect"},{"floor":43,"key":"Bag of Preparation"},{"floor":44,"key":"Strawberry"},{"floor":46,"key":"Incense Burner"},{"floor":47,"key":"Whetstone"},{"floor":54,"key":"Bronze Scales"}],"event_choices":[{"damage_healed":0.0,"max_hp_gain":0.0,"max_hp_loss":0.0,"gold_gain":0.0,"cards_transformed":["Defend_G"],"event_name":"Transmorgrifier","player_choice":"Transformed","floor":4.0,"gold_loss":0.0,"damage_taken":0.0,"cards_obtained":["Malaise"]},{"damage_healed":0.0,"max_hp_gain":0.0,"max_hp_loss":0.0,"gold_gain":30.0,"event_name":"Dead Adventurer","player_choice":"Searched \u00272\u0027 times","floor":8.0,"gold_loss":0.0,"damage_taken":0.0},{"cards_removed":["Normality"],"damage_healed":0.0,"max_hp_gain":0.0,"max_hp_loss":0.0,"gold_gain":0.0,"event_name":"Living Wall","player_choice":"Forget","floor":10.0,"gold_loss":0.0,"damage_taken":0.0},{"damage_healed":0.0,"max_hp_gain":0.0,"max_hp_loss":0.0,"gold_gain":0.0,"event_name":"Duplicator","player_choice":"Copied","floor":19.0,"gold_loss":0.0,"damage_taken":0.0,"cards_obtained":["After Image"]},{"damage_healed":0.0,"max_hp_gain":0.0,"max_hp_loss":0.0,"gold_gain":0.0,"event_name":"Cursed Tome","player_choice":"Obtained Book","floor":20.0,"gold_loss":0.0,"damage_taken":16.0},{"damage_healed":0.0,"max_hp_gain":0.0,"max_hp_loss":0.0,"gold_gain":99.0,"event_name":"Nest","player_choice":"Stole From Cult","floor":21.0,"gold_loss":0.0,"damage_taken":0.0},{"damage_healed":0,"gold_gain":0,"player_choice":"Upgraded","damage_taken":0,"max_hp_gain":0,"max_hp_loss":0,"event_name":"Upgrade Shrine","floor":38,"gold_loss":0,"cards_upgraded":["After Image"]},{"cards_removed":["Malaise"],"damage_healed":0,"gold_gain":0,"player_choice":"Removed Skill","damage_taken":0,"max_hp_gain":0,"max_hp_loss":0,"event_name":"Falling","floor":40,"gold_loss":0},{"damage_healed":0,"gold_gain":0,"player_choice":"Paid","damage_taken":0,"relics_obtained":["Red Mask"],"max_hp_gain":0,"max_hp_loss":0,"event_name":"Tomb of Lord Red Mask","floor":45,"gold_loss":90},{"damage_healed":0,"gold_gain":0,"player_choice":"Fight","damage_taken":0,"max_hp_gain":0,"max_hp_loss":0,"event_name":"MindBloom","floor":46,"gold_loss":0}],"is_beta":false,"boss_relics":[{"not_picked":["Fusion Hammer","HoveringKite"],"picked":"Empty Cage"},{"not_picked":["Snecko Eye","Tiny House"],"picked":"Astrolabe"}],"items_purged_floors":[5],"is_endless":false,"potions_floor_spawned":[2,3,6,11,13,14,22,24,28,36,44,46],"ascension_level":4}