{"gold_per_floor":[117,29,79,4,4,4,17,17,17,17,28,28,45,55,55,127,127,141,141],"floor_reached":19,"playtime":1783,"items_purged":["Defend_G"],"score":283,"play_id":"9bfe55c0-4745-4ae1-a68f-4b6f36412d79","local_time":"20190526110655","is_ascension_mode":true,"campfire_choices":[{"data":"Footwork","floor":6,"key":"SMITH"},{"data":"Neutralize","floor":8,"key":"SMITH"},{"data":"Dodge and Roll","floor":10,"key":"SMITH"},{"data":"Infinite Blades","floor":15,"key":"SMITH"}],"neow_cost":"NONE","seed_source_timestamp":297812477959252,"circlet_count":0,"master_deck":["AscendersBane","Defend_G","Defend_G","Defend_G","Defend_G","Strike_G","Strike_G","Strike_G","Strike_G","Survivor","Neutralize+1","Blur","Footwork+1","Dodge and Roll+1","Infinite Blades+1","Escape Plan","Die Die Die","Deflect+1"],"special_seed":0,"relics":["Coffee Dripper","Gremlin Horn","HoveringKite"],"potions_floor_usage":[16],"damage_taken":[{"damage":0.0,"enemies":"Jaw Worm","floor":1.0,"turns":4.0},{"damage":0,"enemies":"Cultist","floor":7,"turns":5},{"damage":1,"enemies":"2 Louse","floor":11,"turns":4},{"damage":0,"enemies":"Gremlin Gang","floor":13,"turns":8},{"damage":13,"enemies":"3 Louse","floor":14,"turns":4},{"damage":30,"enemies":"The Guardian","floor":16,"turns":20},{"damage":9,"enemies":"Shell Parasite","floor":18,"turns":17},{"damage":63,"enemies":"Chosen","floor":19,"turns":11}],"seed_played":"5886490235411848001","potions_obtained":[{"floor":11,"key":"FearPotion"},{"floor":14,"key":"SteroidPotion"}],"is_trial":false,"path_per_floor":["M","$","?","$","?","R","M","R","T","R","M","?","M","M","R","B",null,"M","M"],"character_chosen":"THE_SILENT","items_purchased":["Footwork"],"campfire_rested":0,"item_purchase_floors":[2],"current_hp_per_floor":[59,59,53,53,53,53,53,53,53,53,52,76,76,63,63,33,65,56,0],"gold":141,"neow_bonus":"BOSS_RELIC","is_prod":false,"is_daily":false,"chose_seed":false,"campfire_upgraded":4,"win_rate":0,"timestamp":1558836415,"path_taken":["M","$","?","?","?","R","?","R","T","R","M","?","M","M","R","BOSS","M","M"],"build_version":"2019-01-23","purchased_purges":1,"victory":false,"max_hp_per_floor":[66,66,66,66,66,66,66,66,66,66,66,76,76,76,76,76,76,76,76],"card_choices":[{"not_picked":["Sucker Punch","Bane"],"picked":"Blur","floor":1.0},{"not_picked":["Cloak And Dagger","Slice"],"picked":"Dodge and Roll","floor":7},{"not_picked":["Dagger Spray","Prepared"],"picked":"After Image","floor":11},{"not_picked":["Backflip","Deflect"],"picked":"Infinite Blades","floor":13},{"not_picked":["Flying Knee","Slice"],"picked":"Escape Plan","floor":14},{"not_picked":["Grand Finale","Bullet Time"],"picked":"Die Die Die","floor":16},{"not_picked":["Dagger Spray","Flying Knee"],"picked":"Deflect+1","floor":18}],"player_experience":1109792,"relics_obtained":[{"floor":9,"key":"Gremlin Horn"}],"event_choices":[{"damage_healed":0,"gold_gain":50,"player_choice":"Touch","damage_taken":6,"max_hp_gain":0,"max_hp_loss":0,"event_name":"FaceTrader","floor":3,"gold_loss":0},{"cards_removed":["Strike_G"],"damage_healed":0,"gold_gain":0,"player_choice":"Card Removal","damage_taken":0,"max_hp_gain":0,"max_hp_loss":0,"event_name":"Wheel of Change","floor":5,"gold_loss":0},{"cards_removed":["After Image"],"damage_healed":14,"gold_gain":0,"player_choice":"Offered Rare","damage_taken":0,"max_hp_gain":10,"max_hp_loss":0,"event_name":"Bonfire Elementals","floor":12,"gold_loss":0}],"is_beta":false,"boss_relics":[{"not_picked":["Tiny House","Sozu"],"picked":"HoveringKite"}],"items_purged_floors":[4],"is_endless":false,"potions_floor_spawned":[11,14],"killed_by":"Chosen","ascension_level":16}