{"gold_per_floor":[111,111,286,299,299,327,327,346,428,445,467,40,57,86,86,165,165,185,196,296,296,47,59,92,109,160,160,160,171,199,219,219,296,296,307,267,280,331,385,385,485,485,538,538,568,568,568,568,568,568],"floor_reached":51,"playtime":1999,"items_purged":[],"score":1290,"play_id":"46e87a89-cce0-4b73-8936-eb056664df45","local_time":"20190607032258","is_ascension_mode":true,"campfire_choices":[{"data":"Adrenaline","floor":7.0,"key":"SMITH"},{"data":"Noxious Fumes","floor":15.0,"key":"SMITH"},{"floor":28.0,"key":"REST"},{"data":"Burst","floor":32.0,"key":"SMITH"},{"data":"Adrenaline","floor":40.0,"key":"SMITH"},{"data":"Well Laid Plans","floor":42.0,"key":"SMITH"},{"data":"Noxious Fumes","floor":44.0,"key":"SMITH"},{"data":"Dash","floor":49,"key":"SMITH"}],"neow_cost":"NONE","seed_source_timestamp":252223692163300,"circlet_count":0,"master_deck":["AscendersBane","Defend_G","Defend_G+1","Defend_G+1","Defend_G","Defend_G","Strike_G","Strike_G","Strike_G","Strike_G","Strike_G","Survivor","Neutralize","Dagger Spray+1","Escape Plan","Adrenaline+1","Flying Knee","Dash+1","Deflect","Noxious Fumes+1","Burst+1","Backflip","Corpse Explosion","Deadly Poison","Deadly Poison","Noxious Fumes+1","Dodge and Roll","Prepared","Corpse Explosion","Outmaneuver+1","Sucker Punch+1","Footwork+1","Adrenaline+1","Bouncing Flask","Well Laid Plans+1","Footwork+1","Tactician+1","Well Laid Plans"],"special_seed":0,"relics":["Ring of the Snake","NeowsBlessing","Bag of Preparation","Tiny Chest","Odd Mushroom","Lee\u0027s Waffle","Anchor","Snake Skull","Sozu","Unceasing Top","Meat on the Bone","TwistedFunnel","Pantograph","Boot","War Paint","Eternal Feather","Juzu Bracelet","Omamori","Turnip","Oddly Smooth Stone","Blood Vial","Question Card"],"potions_floor_usage":[45,50],"damage_taken":[{"damage":0.0,"enemies":"Cultist","floor":1.0,"turns":1.0},{"damage":0.0,"enemies":"Jaw Worm","floor":4.0,"turns":1.0},{"damage":0.0,"enemies":"Lagavulin","floor":6.0,"turns":1.0},{"damage":0.0,"enemies":"Small Slimes","floor":8.0,"turns":4.0},{"damage":0.0,"enemies":"3 Louse","floor":10.0,"turns":1.0},{"damage":13.0,"enemies":"The Mushroom Lair","floor":11.0,"turns":3.0},{"damage":0.0,"enemies":"Large Slime","floor":13.0,"turns":5.0},{"damage":36.0,"enemies":"Gremlin Nob","floor":14.0,"turns":5.0},{"damage":44.0,"enemies":"Hexaghost","floor":16.0,"turns":12.0},{"damage":0.0,"enemies":"3 Byrds","floor":18.0,"turns":4.0},{"damage":0.0,"enemies":"2 Thieves","floor":19.0,"turns":4.0},{"damage":3.0,"enemies":"Colosseum Slavers","floor":20.0,"turns":3.0},{"damage":23.0,"enemies":"Colosseum Nobs","floor":20.0,"turns":3.0},{"damage":2.0,"enemies":"Cultist and Chosen","floor":23.0,"turns":3.0},{"damage":25.0,"enemies":"Book of Stabbing","floor":24.0,"turns":5.0},{"damage":7.0,"enemies":"Centurion and Healer","floor":25.0,"turns":4.0},{"damage":17.0,"enemies":"Snake Plant","floor":29.0,"turns":3.0},{"damage":9.0,"enemies":"Slavers","floor":30.0,"turns":3.0},{"damage":7.0,"enemies":"Snecko","floor":31.0,"turns":4.0},{"damage":31.0,"enemies":"Automaton","floor":33.0,"turns":9.0},{"damage":0.0,"enemies":"3 Darklings","floor":35.0,"turns":2.0},{"damage":0.0,"enemies":"3 Shapes","floor":37.0,"turns":2.0},{"damage":0.0,"enemies":"Mind Bloom Boss Battle","floor":41.0,"turns":5.0},{"damage":40,"enemies":"Reptomancer","floor":45,"turns":6},{"damage":64,"enemies":"Awakened One","floor":50,"turns":14}],"seed_played":"3852788879663531761","potions_obtained":[{"floor":8.0,"key":"Regen Potion"},{"floor":10.0,"key":"PowerPotion"},{"floor":13.0,"key":"GhostInAJar"},{"floor":14.0,"key":"GamblersBrew"}],"is_trial":false,"path_per_floor":["M","?","?","M","?","E","R","M","T","M","?","$","M","E","R","B",null,"M","M","?","?","$","M","E","M","T","?","R","M","E","M","R","B",null,"M","$","M","T","T","R","?","R","T","R","E","?","T","?","R","B",null],"character_chosen":"THE_SILENT","items_purchased":["Lee\u0027s Waffle","Anchor","Noxious Fumes","TwistedFunnel","Dodge and Roll","Well Laid Plans"],"campfire_rested":1,"item_purchase_floors":[12,12,12,22,22,36],"current_hp_per_floor":[63,63,63,63,56,56,56,56,56,56,43,77,77,53,53,9,60,60,60,34,34,34,44,31,36,36,36,59,42,45,50,50,44,69,69,69,69,69,69,77,77,77,77,77,49,49,49,49,70,21],"gold":568,"neow_bonus":"THREE_ENEMY_KILL","is_prod":false,"is_daily":false,"chose_seed":false,"campfire_upgraded":7,"win_rate":0,"timestamp":1559902978,"path_taken":["M","?","?","M","?","E","R","M","T","M","?","$","M","E","R","BOSS","M","M","?","?","$","M","E","M","T","?","R","M","E","M","R","BOSS","M","$","M","?","?","R","?","R","T","R","E","?","?","?","R","BOSS"],"build_version":"2019-01-23","purchased_purges":0,"victory":true,"max_hp_per_floor":[70,70,70,70,70,70,70,70,70,70,70,77,77,77,77,77,77,77,77,77,77,77,77,77,77,77,77,77,77,77,77,77,77,77,77,77,77,77,77,77,77,77,77,77,77,77,77,73,73,73],"card_choices":[{"not_picked":["Dagger Throw","Sucker Punch"],"picked":"Dagger Spray","floor":1.0},{"not_picked":["Eviscerate","Cloak And Dagger"],"picked":"Escape Plan","floor":4.0},{"not_picked":["Slice","Underhanded Strike"],"picked":"Adrenaline","floor":6.0},{"not_picked":["Underhanded Strike","Distraction"],"picked":"Flying Knee","floor":8.0},{"not_picked":["Dagger Spray","Blade Dance"],"picked":"Dash","floor":10.0},{"not_picked":["Tactician","Blade Dance"],"picked":"Deflect","floor":11.0},{"not_picked":["Outmaneuver","Dash"],"picked":"Burst","floor":13.0},{"not_picked":["Dodge and Roll","Grand Finale"],"picked":"Backflip","floor":14.0},{"not_picked":["Bullet Time","Envenom"],"picked":"Corpse Explosion","floor":16.0},{"not_picked":["Flying Knee","Dagger Spray"],"picked":"Deadly Poison","floor":18.0},{"not_picked":["Endless Agony","Backflip"],"picked":"Deadly Poison","floor":19.0},{"not_picked":["Quick Slash","Slice"],"picked":"Noxious Fumes","floor":20.0},{"not_picked":["Flying Knee","Outmaneuver"],"picked":"Prepared","floor":23.0},{"not_picked":["Predator","Prepared"],"picked":"Corpse Explosion","floor":24.0},{"not_picked":["Slice","Reflex","Heel Hook"],"picked":"SKIP","floor":25.0},{"not_picked":["Prepared","Deadly Poison"],"picked":"Outmaneuver+1","floor":29.0},{"not_picked":["Poisoned Stab","Endless Agony"],"picked":"Sucker Punch+1","floor":30.0},{"not_picked":["Bane","All Out Attack"],"picked":"Footwork+1","floor":31.0},{"not_picked":["Bullet Time","Unload"],"picked":"Adrenaline","floor":33.0},{"not_picked":["Predator","Flying Knee+1"],"picked":"Bouncing Flask","floor":35.0},{"not_picked":["Concentrate+1","PiercingWail+1"],"picked":"Footwork+1","floor":37.0},{"not_picked":["Backflip","PiercingWail"],"picked":"Tactician+1","floor":41.0},{"not_picked":["Sucker Punch","Storm of Steel"],"picked":"Well Laid Plans","floor":45}],"player_experience":348606,"relics_obtained":[{"floor":6.0,"key":"Bag of Preparation"},{"floor":9.0,"key":"Tiny Chest"},{"floor":11.0,"key":"Odd Mushroom"},{"floor":14.0,"key":"Snake Skull"},{"floor":20.0,"key":"Unceasing Top"},{"floor":20.0,"key":"Meat on the Bone"},{"floor":24.0,"key":"Pantograph"},{"floor":26.0,"key":"Boot"},{"floor":30.0,"key":"War Paint"},{"floor":38.0,"key":"Juzu Bracelet"},{"floor":39.0,"key":"Omamori"},{"floor":41.0,"key":"Turnip"},{"floor":43.0,"key":"Oddly Smooth Stone"},{"floor":45,"key":"Blood Vial"},{"floor":47,"key":"Question Card"}],"event_choices":[{"damage_healed":0.0,"max_hp_gain":0.0,"max_hp_loss":0.0,"gold_gain":0.0,"event_name":"Living Wall","player_choice":"Grow","floor":2.0,"gold_loss":0.0,"damage_taken":0.0,"cards_upgraded":["Dagger Spray"]},{"damage_healed":0.0,"max_hp_gain":0.0,"max_hp_loss":0.0,"gold_gain":175.0,"event_name":"Liars Game","player_choice":"AGREE","floor":3.0,"gold_loss":0.0,"damage_taken":0.0,"cards_obtained":["Doubt"]},{"cards_removed":["Doubt"],"damage_healed":0.0,"max_hp_gain":0.0,"max_hp_loss":0.0,"gold_gain":0.0,"event_name":"Golden Wing","player_choice":"Card Removal","floor":5.0,"gold_loss":0.0,"damage_taken":7.0},{"damage_healed":0.0,"max_hp_gain":0.0,"max_hp_loss":0.0,"gold_gain":0.0,"event_name":"Mushrooms","player_choice":"Fought Mushrooms","floor":11.0,"gold_loss":0.0,"damage_taken":0.0},{"damage_healed":0.0,"max_hp_gain":0.0,"max_hp_loss":0.0,"gold_gain":0.0,"event_name":"Colosseum","player_choice":"Fight","floor":20.0,"gold_loss":0.0,"damage_taken":0.0},{"damage_healed":0.0,"max_hp_gain":0.0,"max_hp_loss":0.0,"gold_gain":0.0,"event_name":"Colosseum","player_choice":"Fought Nobs","floor":20.0,"gold_loss":0.0,"damage_taken":0.0},{"damage_healed":0.0,"max_hp_gain":0.0,"max_hp_loss":0.0,"gold_gain":0.0,"event_name":"Ghosts","player_choice":"Ignored","floor":21.0,"gold_loss":0.0,"damage_taken":0.0},{"damage_healed":0.0,"max_hp_gain":0.0,"max_hp_loss":0.0,"gold_gain":0.0,"event_name":"The Woman in Blue","player_choice":"Bought 0 Potions","floor":27.0,"gold_loss":0.0,"damage_taken":0.0},{"damage_healed":0.0,"max_hp_gain":0.0,"max_hp_loss":0.0,"gold_gain":0.0,"event_name":"MindBloom","player_choice":"Fight","floor":41.0,"gold_loss":0.0,"damage_taken":0.0},{"damage_healed":0,"gold_gain":0,"player_choice":"Ignored","damage_taken":0,"max_hp_gain":0,"max_hp_loss":0,"event_name":"Tomb of Lord Red Mask","floor":46,"gold_loss":0},{"damage_healed":0,"gold_gain":0,"player_choice":"Max HP","damage_taken":0,"max_hp_gain":0,"max_hp_loss":4,"event_name":"Winding Halls","floor":48,"gold_loss":0}],"is_beta":false,"boss_relics":[{"not_picked":["Lizard Tail","Calling Bell"],"picked":"Sozu"},{"not_picked":["Cursed Key","Velvet Choker"],"picked":"Eternal Feather"}],"items_purged_floors":[],"is_endless":false,"potions_floor_spawned":[8,10,11,13,14,20,20,24,29,31,35,41],"ascension_level":13}