{"gold_per_floor":[110,129,145,95,95,95,109,144,144,175,190,204,204,230,230,230],"floor_reached":16,"playtime":784,"items_purged":[],"score":201,"play_id":"ea3de2f3-1875-4515-8fc8-794bbb0bf04b","local_time":"20190410225050","is_ascension_mode":true,"campfire_choices":[{"data":"Bash","floor":6.0,"key":"SMITH"},{"data":"Spot Weakness","floor":13.0,"key":"SMITH"},{"floor":15.0,"key":"REST"}],"neow_cost":"CURSE","seed_source_timestamp":1769327707173,"circlet_count":0,"master_deck":["AscendersBane","Strike_R","Strike_R","Strike_R","Strike_R","Defend_R","Defend_R","Defend_R","Defend_R","Bash+1","Clumsy","Barricade+1","Dropkick","Shrug It Off","Rampage","Spot Weakness+1","Seeing Red","Headbutt","Feed"],"special_seed":0,"relics":["Burning Blood","PreservedInsect","Art of War","Dodecahedron","Frozen Egg 2"],"potions_floor_usage":[16],"damage_taken":[{"damage":15.0,"enemies":"Cultist","floor":1.0,"turns":5.0},{"damage":0.0,"enemies":"Small Slimes","floor":2.0,"turns":3.0},{"damage":7.0,"enemies":"2 Louse","floor":3.0,"turns":5.0},{"damage":24.0,"enemies":"Lots of Slimes","floor":7.0,"turns":5.0},{"damage":19.0,"enemies":"Lagavulin","floor":8.0,"turns":9.0},{"damage":10.0,"enemies":"Gremlin Nob","floor":10.0,"turns":3.0},{"damage":3.0,"enemies":"Blue Slaver","floor":11.0,"turns":4.0},{"damage":13.0,"enemies":"Large Slime","floor":12.0,"turns":6.0},{"damage":15.0,"enemies":"Lagavulin","floor":14.0,"turns":7.0},{"damage":44,"enemies":"The Guardian","floor":16,"turns":5}],"seed_played":"1554514453235609647","potions_obtained":[{"floor":1.0,"key":"SpeedPotion"},{"floor":2.0,"key":"Fire Potion"},{"floor":7.0,"key":"Block Potion"},{"floor":11.0,"key":"LiquidBronze"}],"is_trial":false,"path_per_floor":["M","M","M","?","?","R","M","E","T","E","M","M","R","E","R","B"],"character_chosen":"IRONCLAD","items_purchased":[],"campfire_rested":1,"item_purchase_floors":[],"current_hp_per_floor":[63,69,68,68,68,68,50,37,37,33,36,29,29,20,44,0],"gold":230,"neow_bonus":"THREE_RARE_CARDS","is_prod":false,"is_daily":false,"chose_seed":false,"campfire_upgraded":2,"win_rate":0,"timestamp":1554929450,"path_taken":["M","M","M","?","?","R","M","E","T","E","M","M","R","E","R","BOSS"],"build_version":"2019-01-23","purchased_purges":0,"victory":false,"max_hp_per_floor":[80,80,80,80,80,80,80,80,80,80,80,80,80,80,80,80],"card_choices":[{"not_picked":["Exhume","Impervious"],"picked":"Barricade","floor":0.0},{"not_picked":["Pummel","Perfected Strike"],"picked":"Dropkick","floor":1.0},{"not_picked":["Rage","Wild Strike","Sword Boomerang"],"picked":"SKIP","floor":2.0},{"not_picked":["Warcry","Pommel Strike"],"picked":"Shrug It Off","floor":3.0},{"not_picked":["Burning Pact","Sentinel"],"picked":"Rampage","floor":7.0},{"not_picked":["Brutality","Anger"],"picked":"Spot Weakness","floor":8.0},{"not_picked":["Feel No Pain","Heavy Blade","Pommel Strike"],"picked":"SKIP","floor":10.0},{"not_picked":["Headbutt","Searing Blow"],"picked":"Seeing Red","floor":11.0},{"not_picked":["Wild Strike","Rage"],"picked":"Headbutt","floor":12.0},{"not_picked":["Searing Blow","Shrug It Off"],"picked":"Feed","floor":14.0}],"player_experience":119799,"relics_obtained":[{"floor":8.0,"key":"PreservedInsect"},{"floor":9.0,"key":"Art of War"},{"floor":10.0,"key":"Dodecahedron"},{"floor":14.0,"key":"Frozen Egg 2"}],"event_choices":[{"cards_removed":["Strike_R"],"damage_healed":0.0,"max_hp_gain":0.0,"max_hp_loss":0.0,"gold_gain":0.0,"event_name":"The Cleric","player_choice":"Card Removal","floor":4.0,"gold_loss":50.0,"damage_taken":0.0},{"damage_healed":0.0,"max_hp_gain":0.0,"max_hp_loss":0.0,"gold_gain":0.0,"event_name":"Living Wall","player_choice":"Grow","floor":5.0,"gold_loss":0.0,"damage_taken":0.0,"cards_upgraded":["Barricade"]}],"is_beta":false,"boss_relics":[],"items_purged_floors":[],"is_endless":false,"potions_floor_spawned":[1,2,7,11,14],"killed_by":"The Guardian","ascension_level":13}