{"gold_per_floor":[119,197,213,213,213,213,241,266,289,315,181,181,199,227,227,227],"floor_reached":16,"playtime":1292,"items_purged":["Strike_R"],"score":174,"play_id":"dba39241-0878-4d19-9f62-642c2c9cb2ab","local_time":"20190427174541","is_ascension_mode":true,"campfire_choices":[{"floor":6.0,"key":"RECALL"},{"floor":12,"key":"REST"},{"data":"Rampage","floor":15,"key":"SMITH"}],"neow_cost":"NONE","seed_source_timestamp":0,"circlet_count":0,"master_deck":["Strike_R","Strike_R","Strike_R","Strike_R","Defend_R+1","Defend_R","Defend_R","Defend_R+1","Bash+1","Shrug It Off+1","Ghostly Armor+1","Bloodletting","Feed","Rampage+1","Headbutt","Rampage","Headbutt"],"special_seed":0,"relics":["Burning Blood","Self Forming Clay","War Paint","Smiling Mask","Potion Belt"],"potions_floor_usage":[14],"damage_taken":[{"damage":1.0,"enemies":"Cultist","floor":1.0,"turns":3.0},{"damage":6.0,"enemies":"Jaw Worm","floor":3.0,"turns":3.0},{"damage":45.0,"enemies":"Lagavulin","floor":7.0,"turns":10.0},{"damage":16.0,"enemies":"Gremlin Nob","floor":10.0,"turns":6.0},{"damage":7,"enemies":"Small Slimes","floor":13,"turns":3},{"damage":15,"enemies":"3 Sentries","floor":14,"turns":9}],"seed_played":"2543887181061660131","potions_obtained":[{"floor":3.0,"key":"FearPotion"},{"floor":10.0,"key":"SteroidPotion"}],"is_trial":false,"path_per_floor":["M","?","M","?","?","R","E","T","T","E","$","R","M","E","R","B"],"character_chosen":"IRONCLAD","items_purchased":["Rampage","Headbutt"],"campfire_rested":1,"item_purchase_floors":[11,11],"current_hp_per_floor":[80,80,80,64,64,64,25,25,25,15,15,39,41,35,35,0],"gold":227,"neow_bonus":"UPGRADE_CARD","is_prod":false,"is_daily":false,"chose_seed":false,"campfire_upgraded":1,"win_rate":0,"timestamp":1556379941,"path_taken":["M","?","M","?","?","R","E","?","T","E","$","R","M","E","R","BOSS"],"build_version":"2019-01-23","purchased_purges":1,"victory":false,"max_hp_per_floor":[80,80,80,80,80,80,80,80,80,80,80,80,83,86,86,86],"card_choices":[{"not_picked":["Twin Strike","Perfected Strike"],"picked":"Shrug It Off","floor":1.0},{"not_picked":["Twin Strike","Power Through"],"picked":"Ghostly Armor","floor":3.0},{"not_picked":["Rupture","Havoc"],"picked":"Bloodletting","floor":7.0},{"not_picked":["Warcry","Battle Trance"],"picked":"Feed","floor":10.0},{"not_picked":["Anger","Warcry"],"picked":"Rampage","floor":13},{"not_picked":["Wild Strike","Clothesline"],"picked":"Headbutt","floor":14}],"player_experience":195237,"relics_obtained":[{"floor":7.0,"key":"Self Forming Clay"},{"floor":9.0,"key":"War Paint"},{"floor":10.0,"key":"Smiling Mask"},{"floor":14,"key":"Potion Belt"}],"event_choices":[{"damage_healed":0.0,"max_hp_gain":0.0,"max_hp_loss":0.0,"gold_gain":78.0,"event_name":"Golden Wing","player_choice":"Gained Gold","floor":2.0,"gold_loss":0.0,"damage_taken":0.0},{"damage_healed":0.0,"max_hp_gain":0.0,"max_hp_loss":0.0,"gold_gain":0.0,"event_name":"Shining Light","player_choice":"Entered Light","floor":4.0,"gold_loss":0.0,"damage_taken":16.0,"cards_upgraded":["Ghostly Armor","Defend_R"]},{"damage_healed":0.0,"max_hp_gain":0.0,"max_hp_loss":0.0,"gold_gain":0.0,"event_name":"Liars Game","player_choice":"Ignored","floor":5.0,"gold_loss":0.0,"damage_taken":0.0}],"is_beta":false,"boss_relics":[],"items_purged_floors":[11],"is_endless":false,"potions_floor_spawned":[3,10],"killed_by":"The Guardian","ascension_level":1}