{"gold_per_floor":[114,189,205,55,55,55,83,83,83,83,83,103,103,103,103,175,175,190,190,105,119,133,133,133,158,170,182,206,235,265,288,300,386,398,422,434,459,1470,1496,1508,757,784,784,796,813,813,813,117,117,117],"floor_reached":51,"playtime":3709,"items_purged":["Regret","Normality","Normality"],"score":1307,"play_id":"fb981470-0fe1-4b63-ab24-1c6fa66691d7","local_time":"20190605142008","is_ascension_mode":true,"campfire_choices":[{"data":"Bash","floor":6,"key":"SMITH"},{"data":"Rage","floor":8,"key":"SMITH"},{"data":"Spot Weakness","floor":10,"key":"SMITH"},{"data":"Twin Strike","floor":15,"key":"SMITH"},{"data":"Limit Break","floor":23,"key":"SMITH"},{"data":"Sword Boomerang","floor":27,"key":"SMITH"},{"data":"Barricade","floor":32,"key":"SMITH"},{"data":"Corruption","floor":40,"key":"SMITH"},{"data":"Demon Form","floor":49,"key":"SMITH"}],"neow_cost":"CURSE","seed_source_timestamp":10936234442628,"circlet_count":0,"master_deck":["AscendersBane","Strike_R","Defend_R","Defend_R","Defend_R","Defend_R","Bash+1","Rage+1","Spot Weakness+1","Feed","Ghostly Armor+1","Twin Strike+1","Limit Break+1","Shockwave+1","Sword Boomerang+1","Anger","Dropkick","Wild Strike+1","Barricade+1","Demon Form+1","Ghostly Armor+1","Shrug It Off+1","Feel No Pain+1","Shrug It Off+1","Havoc+1","Corruption+1","Evolve","Flash of Steel","Shrug It Off+1","Power Through+1","Second Wind+1","Exhume+1","Shrug It Off+1","Headbutt","Body Slam"],"relics":["Burning Blood","FossilizedHelix","Darkstone Periapt","Bag of Preparation","Mark of Pain","MutagenicStrength","Blood Vial","War Paint","MawBank","Toxic Egg 2","Astrolabe","Pocketwatch","Red Skull","Charon\u0027s Ashes","Ice Cream","Happy Flower","Brimstone"],"potions_floor_usage":[7,16,18,28,35,35,39,50,50,50],"damage_taken":[{"damage":8,"enemies":"2 Louse","floor":1,"turns":3},{"damage":2,"enemies":"Small Slimes","floor":3,"turns":3},{"damage":6,"enemies":"Gremlin Nob","floor":7,"turns":4},{"damage":0,"enemies":"Cultist","floor":12,"turns":3},{"damage":61,"enemies":"Hexaghost","floor":16,"turns":10},{"damage":14,"enemies":"Spheric Guardian","floor":18,"turns":5},{"damage":4,"enemies":"Shell Parasite","floor":21,"turns":5},{"damage":0,"enemies":"Centurion and Healer","floor":22,"turns":5},{"damage":45,"enemies":"Gremlin Leader","floor":25,"turns":9},{"damage":0,"enemies":"Cultist and Chosen","floor":28,"turns":4},{"damage":0,"enemies":"3 Cultists","floor":29,"turns":5},{"damage":0,"enemies":"Snake Plant","floor":30,"turns":3},{"damage":0,"enemies":"Centurion and Healer","floor":31,"turns":4},{"damage":65,"enemies":"Champ","floor":33,"turns":11},{"damage":38,"enemies":"3 Darklings","floor":35,"turns":9},{"damage":12,"enemies":"Orb Walker","floor":37,"turns":5},{"damage":0,"enemies":"Transient","floor":39,"turns":5},{"damage":0,"enemies":"Nemesis","floor":42,"turns":7},{"damage":6,"enemies":"Jaw Worm Horde","floor":44,"turns":6},{"damage":0,"enemies":"3 Darklings","floor":45,"turns":5},{"damage":41,"enemies":"Awakened One","floor":50,"turns":7}],"seed_played":"7888255690060200783","potions_obtained":[{"floor":1,"key":"SteroidPotion"},{"floor":3,"key":"Strength Potion"},{"floor":7,"key":"FearPotion"},{"floor":16,"key":"Weak Potion"},{"floor":25,"key":"EssenceOfSteel"},{"floor":28,"key":"FearPotion"},{"floor":29,"key":"FearPotion"},{"floor":30,"key":"GamblersBrew"},{"floor":35,"key":"Regen Potion"},{"floor":39,"key":"Fire Potion"},{"floor":42,"key":"EntropicBrew"}],"is_trial":false,"path_per_floor":["M","?","M","$","?","R","E","R","T","R","?","M","?","?","R","B",null,"M","?","?","M","M","R","?","E","T","R","M","M","M","M","R","B",null,"M","?","M","?","M","R","$","E","T","M","M","?","?","$","R","B",null],"character_chosen":"IRONCLAD","items_purchased":["Feed","Evolve","Pocketwatch","PowerPotion","Red Skull","Flash of Steel","Exhume+1","Shrug It Off+1","Headbutt","Body Slam","Happy Flower","Brimstone"],"campfire_rested":0,"item_purchase_floors":[4,41,41,41,41,41,48,48,48,48,48,48],"current_hp_per_floor":[66,55,59,59,59,59,59,59,59,59,59,68,73,73,73,21,70,65,65,65,69,80,80,80,43,43,43,51,62,70,78,78,21,77,50,50,46,58,81,81,81,89,89,94,105,105,105,105,105,75],"gold":117,"neow_bonus":"ONE_RARE_RELIC","is_prod":false,"is_daily":false,"chose_seed":false,"campfire_upgraded":9,"win_rate":0,"timestamp":1559737208,"path_taken":["M","?","M","$","?","R","E","R","T","R","?","M","?","?","R","BOSS","M","?","?","M","M","R","?","E","T","R","?","M","M","M","R","BOSS","M","?","M","?","M","R","$","E","T","M","M","?","?","$","R","BOSS"],"build_version":"2019-01-23","purchased_purges":3,"victory":true,"max_hp_per_floor":[75,75,75,75,75,75,75,75,75,75,75,78,83,83,83,86,86,89,89,89,89,92,92,92,92,92,92,92,95,95,95,95,95,95,98,98,98,110,110,110,110,110,110,113,116,116,116,116,116,119],"card_choices":[{"not_picked":["Entrench","Body Slam"],"picked":"Rage","floor":1},{"not_picked":["Anger","Sentinel"],"picked":"Spot Weakness","floor":3},{"not_picked":["Blood for Blood","Iron Wave"],"picked":"Ghostly Armor","floor":7},{"not_picked":["Power Through","Clash"],"picked":"Twin Strike","floor":12},{"not_picked":["Juggernaut","Berserk"],"picked":"Limit Break","floor":16},{"not_picked":["Body Slam+1","True Grit"],"picked":"Shockwave","floor":18},{"not_picked":["Body Slam","Thunderclap"],"picked":"Power Through","floor":21},{"not_picked":["Anger","Clash"],"picked":"Sword Boomerang","floor":22},{"not_picked":["Flex","Rupture"],"picked":"Anger","floor":25},{"not_picked":["Pommel Strike","Thunderclap+1"],"picked":"Dropkick","floor":28},{"not_picked":["Wild Strike","Twin Strike","Second Wind+1"],"picked":"SKIP","floor":29},{"not_picked":["Perfected Strike","Infernal Blade+1"],"picked":"Wild Strike+1","floor":30},{"not_picked":["Dropkick","Havoc+1"],"picked":"Barricade","floor":31},{"not_picked":["Feed","Limit Break+1"],"picked":"Demon Form","floor":33},{"not_picked":["Pommel Strike","True Grit+1"],"picked":"Shrug It Off+1","floor":35},{"not_picked":["Twin Strike","Heavy Blade"],"picked":"Havoc+1","floor":37},{"not_picked":["Intimidate+1","True Grit+1"],"picked":"Corruption","floor":39},{"not_picked":["Clash","Dual Wield+1"],"picked":"Shrug It Off+1","floor":42},{"not_picked":["Sever Soul+1","Headbutt+1"],"picked":"Power Through+1","floor":44},{"not_picked":["Searing Blow","Warcry+1"],"picked":"Second Wind+1","floor":45}],"player_experience":129962,"relics_obtained":[{"floor":7,"key":"Darkstone Periapt"},{"floor":9,"key":"Bag of Preparation"},{"floor":25,"key":"MawBank"},{"floor":26,"key":"Toxic Egg 2"},{"floor":42,"key":"Charon\u0027s Ashes"},{"floor":43,"key":"Ice Cream"}],"event_choices":[{"damage_healed":0,"gold_gain":75,"player_choice":"Gather Gold","damage_taken":11,"max_hp_gain":0,"max_hp_loss":0,"event_name":"World of Goop","floor":2,"gold_loss":0},{"damage_healed":0,"gold_gain":0,"player_choice":"Ignored","damage_taken":0,"max_hp_gain":0,"max_hp_loss":0,"event_name":"Liars Game","floor":5,"gold_loss":0},{"damage_healed":0,"gold_gain":0,"player_choice":"Grow","damage_taken":0,"max_hp_gain":0,"max_hp_loss":0,"event_name":"Living Wall","floor":11,"gold_loss":0,"cards_upgraded":["Ghostly Armor"]},{"damage_healed":0,"gold_gain":0,"player_choice":"Donut","damage_taken":0,"max_hp_gain":5,"max_hp_loss":0,"event_name":"Big Fish","floor":13,"gold_loss":0},{"cards_removed":["Strike_R"],"damage_healed":0,"gold_gain":0,"player_choice":"Offered Basic","damage_taken":0,"max_hp_gain":0,"max_hp_loss":0,"event_name":"Bonfire Elementals","floor":14,"gold_loss":0},{"damage_healed":0,"gold_gain":0,"player_choice":"Inject Mutagens","damage_taken":0,"relics_obtained":["MutagenicStrength"],"max_hp_gain":0,"max_hp_loss":0,"event_name":"Drug Dealer","floor":19,"gold_loss":0},{"damage_healed":0,"gold_gain":0,"player_choice":"Obtained Relic","damage_taken":0,"relics_obtained":["Blood Vial"],"max_hp_gain":0,"max_hp_loss":0,"event_name":"Addict","floor":20,"gold_loss":85},{"damage_healed":0,"gold_gain":0,"player_choice":"Gave Potion","damage_taken":0,"relics_obtained":["War Paint"],"max_hp_gain":0,"max_hp_loss":0,"event_name":"WeMeetAgain","floor":24,"gold_loss":0},{"damage_healed":0,"gold_gain":0,"player_choice":"Ignored","damage_taken":0,"max_hp_gain":0,"max_hp_loss":0,"event_name":"Tomb of Lord Red Mask","floor":36,"gold_loss":0},{"damage_healed":0,"gold_gain":999,"player_choice":"Gold","damage_taken":0,"max_hp_gain":0,"max_hp_loss":0,"event_name":"MindBloom","floor":38,"gold_loss":0,"cards_obtained":["Normality","Normality"]},{"cards_removed":["Power Through"],"damage_healed":0,"gold_gain":0,"player_choice":"Removed Skill","damage_taken":0,"max_hp_gain":0,"max_hp_loss":0,"event_name":"Falling","floor":46,"gold_loss":0},{"damage_healed":0,"gold_gain":0,"player_choice":"Ignored","damage_taken":0,"max_hp_gain":0,"max_hp_loss":0,"event_name":"SecretPortal","floor":47,"gold_loss":0}],"is_beta":false,"boss_relics":[{"not_picked":["Runic Dome","Eternal Feather"],"picked":"Mark of Pain"},{"not_picked":["Runic Pyramid","Sozu"],"picked":"Astrolabe"}],"items_purged_floors":[4,41,48],"is_endless":false,"potions_floor_spawned":[1,3,7,16,25,28,29,30,31,35,39,42],"ascension_level":14}