{"gold_per_floor":[109,119,119,149,43,43,43,78,105,127,127,143,159,33,33,33],"floor_reached":16,"playtime":545,"items_purged":["Strike_R"],"score":123,"play_id":"191fc5d6-f639-491e-8fcb-5de7975ddec3","local_time":"20190524211946","is_ascension_mode":true,"campfire_choices":[{"data":"Inflame","floor":6,"key":"SMITH"},{"floor":15,"key":"REST"}],"neow_cost":"NONE","seed_source_timestamp":534816411730165,"circlet_count":0,"master_deck":["Strike_R","Strike_R","Strike_R","Defend_R","Defend_R+1","Defend_R","Defend_R","Bash","Dark Embrace","Whirlwind+1","Shrug It Off","Regret","Havoc","Inflame+1","Intimidate","Clothesline","Ghostly Armor","Armaments","True Grit"],"relics":["Burning Blood","Tiny Chest","Strawberry","Pen Nib","Odd Mushroom"],"potions_floor_usage":[12,12,16],"damage_taken":[{"damage":1,"enemies":"Cultist","floor":1,"turns":4},{"damage":10,"enemies":"2 Louse","floor":2,"turns":2},{"damage":24,"enemies":"3 Sentries","floor":8,"turns":6},{"damage":27,"enemies":"The Mushroom Lair","floor":10,"turns":4},{"damage":5,"enemies":"Small Slimes","floor":12,"turns":3},{"damage":13,"enemies":"2 Fungi Beasts","floor":13,"turns":5},{"damage":42,"enemies":"Hexaghost","floor":16,"turns":9}],"seed_played":"1635729380837977856","potions_obtained":[{"floor":8,"key":"Swift Potion"},{"floor":10,"key":"SkillPotion"},{"floor":12,"key":"SpeedPotion"},{"floor":13,"key":"Poison Potion"}],"is_trial":false,"path_per_floor":["M","M","?","?","$","R","?","E","T","?","?","M","M","$","R","B"],"character_chosen":"IRONCLAD","items_purchased":["Havoc","Inflame","True Grit"],"campfire_rested":1,"item_purchase_floors":[5,5,14],"current_hp_per_floor":[80,76,60,60,60,60,53,42,42,21,21,22,15,15,41,0],"gold":33,"neow_bonus":"ONE_RANDOM_RARE_CARD","is_prod":false,"is_daily":false,"chose_seed":false,"campfire_upgraded":1,"win_rate":0,"timestamp":1558725586,"path_taken":["M","M","?","?","$","R","?","E","T","?","?","M","M","$","R","BOSS"],"build_version":"2019-05-24","purchased_purges":1,"victory":false,"max_hp_per_floor":[80,80,80,80,80,80,80,87,87,87,87,87,87,87,87,87],"card_choices":[{"not_picked":["Iron Wave","Anger"],"picked":"Whirlwind","floor":1},{"not_picked":["Whirlwind","Wild Strike"],"picked":"Shrug It Off","floor":2},{"not_picked":["Carnage","Armaments"],"picked":"Intimidate","floor":8},{"not_picked":["Searing Blow","Headbutt"],"picked":"Clothesline","floor":10},{"not_picked":["Iron Wave","Double Tap"],"picked":"Ghostly Armor","floor":12},{"not_picked":["Sword Boomerang","Pommel Strike"],"picked":"Armaments","floor":13}],"player_experience":347713,"relics_obtained":[{"floor":8,"key":"Strawberry"},{"floor":9,"key":"Pen Nib"},{"floor":10,"key":"Odd Mushroom"}],"event_choices":[{"damage_healed":0,"gold_gain":0,"player_choice":"Entered Light","damage_taken":16,"max_hp_gain":0,"max_hp_loss":0,"event_name":"Shining Light","floor":3,"gold_loss":0,"cards_upgraded":["Whirlwind","Defend_R"]},{"damage_healed":0,"gold_gain":0,"player_choice":"Box","damage_taken":0,"relics_obtained":["Tiny Chest"],"max_hp_gain":0,"max_hp_loss":0,"event_name":"Big Fish","floor":4,"gold_loss":0,"cards_obtained":["Regret"]},{"cards_removed":["Strike_R"],"damage_healed":0,"gold_gain":0,"player_choice":"Card Removal","damage_taken":7,"max_hp_gain":0,"max_hp_loss":0,"event_name":"Golden Wing","floor":7,"gold_loss":0},{"damage_healed":0,"gold_gain":0,"player_choice":"Fought Mushrooms","damage_taken":0,"max_hp_gain":0,"max_hp_loss":0,"event_name":"Mushrooms","floor":10,"gold_loss":0},{"damage_healed":0,"gold_gain":0,"player_choice":"Fled","damage_taken":0,"max_hp_gain":0,"max_hp_loss":0,"event_name":"Scrap Ooze","floor":11,"gold_loss":0}],"is_beta":true,"boss_relics":[],"items_purged_floors":[14],"is_endless":false,"potions_floor_spawned":[8,10,12,13],"killed_by":"Hexaghost","ascension_level":5}