{"gold_per_floor":[116,131,145,145,73,106,106,106,131,174,199,199,242,266,266,392,392,411,536,536,561,577,577,595,170,170,183,183,204,204,223,223,354,354,373,244,307,320,16,16,50,74,74,93,117,117,242,257,257,257,257,257,11,47,47],"floor_reached":55,"playtime":8149,"items_purged":["Injury"],"score":885,"play_id":"dff4aab9-c418-4afe-a0a5-2e3c8fa53cab","local_time":"20190417121800","is_ascension_mode":true,"campfire_choices":[{"floor":12.0,"key":"REST"},{"data":"Buffer","floor":15.0,"key":"SMITH"},{"data":"Loop","floor":23.0,"key":"SMITH"},{"data":"Reinforced Body","floor":28.0,"key":"SMITH"},{"data":"Dualcast","floor":30.0,"key":"SMITH"},{"floor":32.0,"key":"RECALL"},{"data":"Coolheaded","floor":40.0,"key":"SMITH"},{"data":"Electrodynamics","floor":46.0,"key":"SMITH"},{"data":"Conserve Battery","floor":49.0,"key":"SMITH"},{"data":"Defend_B","floor":52.0,"key":"SMITH"}],"neow_cost":"TEN_PERCENT_HP_LOSS","seed_source_timestamp":0,"circlet_count":0,"master_deck":["Strike_B","Strike_B","Defend_B","Defend_B+1","Defend_B","Defend_B","Zap+1","Dualcast+1","Conserve Battery+1","Ball Lightning","Tempest","Loop+1","Buffer+1","Hologram","FTL","Chill","Core Surge","Reinforced Body+1","Sunder+1","RitualDagger","Conserve Battery+1","Reprogram","Ball Lightning","FTL+1","Electrodynamics+1","Coolheaded+1","Cold Snap","Chill","Chill","Chill+1","Meteor Strike","Flash of Steel","Echo Form"],"special_seed":0,"relics":["Cracked Core","Golden Idol","Oddly Smooth Stone","War Paint","Blood Vial","Kunai","Runic Pyramid","Torii","Meat on the Bone","Lantern","Art of War","Ice Cream","Sozu","Incense Burner","Calipers","Blue Candle","Orichalcum","Ginger","Gremlin Horn"],"potions_floor_usage":[55],"damage_taken":[{"damage":0.0,"enemies":"2 Louse","floor":1.0,"turns":4.0},{"damage":0.0,"enemies":"Small Slimes","floor":2.0,"turns":3.0},{"damage":0.0,"enemies":"Jaw Worm","floor":3.0,"turns":2.0},{"damage":41.0,"enemies":"3 Sentries","floor":6.0,"turns":8.0},{"damage":12.0,"enemies":"Gremlin Nob","floor":10.0,"turns":4.0},{"damage":0.0,"enemies":"2 Fungi Beasts","floor":11.0,"turns":3.0},{"damage":10.0,"enemies":"Lagavulin","floor":13.0,"turns":8.0},{"damage":8.0,"enemies":"Blue Slaver","floor":14.0,"turns":2.0},{"damage":3.0,"enemies":"Slime Boss","floor":16.0,"turns":8.0},{"damage":0.0,"enemies":"3 Byrds","floor":18.0,"turns":4.0},{"damage":13.0,"enemies":"Colosseum Slavers","floor":19.0,"turns":6.0},{"damage":33.0,"enemies":"Colosseum Nobs","floor":19.0,"turns":6.0},{"damage":0.0,"enemies":"Spheric Guardian","floor":21.0,"turns":3.0},{"damage":0.0,"enemies":"Cultist and Chosen","floor":22.0,"turns":7.0},{"damage":14.0,"enemies":"Snake Plant","floor":24.0,"turns":4.0},{"damage":0.0,"enemies":"Snecko","floor":27.0,"turns":5.0},{"damage":0.0,"enemies":"Sentry and Sphere","floor":29.0,"turns":4.0},{"damage":0.0,"enemies":"Shelled Parasite and Fungi","floor":31.0,"turns":4.0},{"damage":48.0,"enemies":"Champ","floor":33.0,"turns":13.0},{"damage":0.0,"enemies":"3 Shapes","floor":35.0,"turns":3.0},{"damage":12.0,"enemies":"2 Orb Walkers","floor":37.0,"turns":3.0},{"damage":1.0,"enemies":"3 Darklings","floor":38.0,"turns":5.0},{"damage":0.0,"enemies":"Nemesis","floor":41.0,"turns":7.0},{"damage":1.0,"enemies":"Transient","floor":42.0,"turns":5.0},{"damage":0.0,"enemies":"Spire Growth","floor":44.0,"turns":4.0},{"damage":1.0,"enemies":"Sphere and 2 Shapes","floor":45.0,"turns":3.0},{"damage":1.0,"enemies":"Mind Bloom Boss Battle","floor":47.0,"turns":6.0},{"damage":0.0,"enemies":"Writhing Mass","floor":48.0,"turns":4.0},{"damage":8.0,"enemies":"Awakened One","floor":50.0,"turns":20.0},{"damage":16,"enemies":"Shield and Spear","floor":54,"turns":8},{"damage":60,"enemies":"The Heart","floor":55,"turns":9}],"seed_played":"-6429968237063695183","potions_obtained":[{"floor":1.0,"key":"GamblersBrew"},{"floor":6.0,"key":"Explosive Potion"},{"floor":10.0,"key":"Strength Potion"},{"floor":13.0,"key":"Swift Potion"},{"floor":21.0,"key":"EssenceOfSteel"},{"floor":24.0,"key":"SkillPotion"},{"floor":27.0,"key":"Explosive Potion"},{"floor":29.0,"key":"SteroidPotion"},{"floor":31.0,"key":"Explosive Potion"}],"is_trial":false,"path_per_floor":["M","M","M","?","$","E","?","?","T","E","M","R","E","M","R","B",null,"M","?","?","M","M","R","M","$","T","M","R","M","R","M","R","B",null,"M","$","?","M","$","R","E","M","T","M","M","R","?","M","R","B",null,"R","$","E","B"],"character_chosen":"DEFECT","items_purchased":["Loop","Lantern","Art of War","Ball Lightning","Cold Snap","Chill","Calipers","Meteor Strike","Flash of Steel"],"campfire_rested":1,"item_purchase_floors":[5,25,25,25,36,36,39,53,53],"current_hp_per_floor":[68,68,68,68,68,27,49,49,49,37,39,59,51,45,45,44,68,68,24,18,32,46,46,46,46,46,48,48,50,50,52,52,18,68,68,68,56,57,57,57,59,60,60,62,63,63,64,66,66,60,68,68,68,52,0],"gold":47,"neow_bonus":"REMOVE_TWO","is_prod":false,"is_daily":false,"chose_seed":false,"campfire_upgraded":8,"win_rate":0,"timestamp":1555528680,"path_taken":["M","M","M","?","$","E","?","?","T","E","M","R","E","M","R","BOSS","M","?","?","M","M","R","M","$","T","M","R","M","R","M","R","BOSS","M","$","?","M","$","R","E","M","T","M","M","R","?","M","R","BOSS","R","$","E","BOSS"],"build_version":"2019-01-23","purchased_purges":1,"victory":false,"max_hp_per_floor":[68,68,68,68,68,68,68,68,68,68,68,68,68,68,68,68,68,68,68,68,68,68,68,68,68,68,68,68,68,68,68,68,68,68,68,68,68,68,68,68,68,68,68,68,68,68,68,68,68,68,68,68,68,68,68],"card_choices":[{"not_picked":["Heatsinks","Rebound"],"picked":"Conserve Battery","floor":1.0},{"not_picked":["Undo","Barrage"],"picked":"Ball Lightning","floor":2.0},{"not_picked":["Go for the Eyes","Barrage"],"picked":"Tempest","floor":3.0},{"not_picked":["Conserve Battery","Turbo"],"picked":"Buffer","floor":6.0},{"not_picked":["Tempest","Turbo"],"picked":"Hologram","floor":10.0},{"not_picked":["Rebound","Compile Driver"],"picked":"FTL","floor":11.0},{"not_picked":["Hello World","Sweeping Beam","Steam"],"picked":"SKIP","floor":13.0},{"not_picked":["Consume","Meteor Strike"],"picked":"Chill","floor":14.0},{"not_picked":["Hyperbeam","Meteor Strike"],"picked":"Core Surge","floor":16.0},{"not_picked":["Undo+1","Lockon+1"],"picked":"Reinforced Body","floor":18.0},{"not_picked":["Turbo","Conserve Battery"],"picked":"Sunder+1","floor":19.0},{"not_picked":["Streamline+1","Go for the Eyes"],"picked":"Conserve Battery","floor":21.0},{"not_picked":["Aggregate","Storm"],"picked":"Reprogram","floor":22.0},{"not_picked":["Steam+1","Hello World","Beam Cell"],"picked":"SKIP","floor":24.0},{"not_picked":["Turbo","Lockon+1","Streamline"],"picked":"SKIP","floor":27.0},{"not_picked":["Fusion","Steam"],"picked":"FTL+1","floor":29.0},{"not_picked":["Thunder Strike","Sunder","Rip and Tear"],"picked":"SKIP","floor":31.0},{"not_picked":["Seek","Amplify"],"picked":"Electrodynamics","floor":33.0},{"not_picked":["Heatsinks","BootSequence+1"],"picked":"Coolheaded","floor":35.0},{"not_picked":["Rebound","Darkness"],"picked":"Chill","floor":37.0},{"not_picked":["Redo","Leap+1","Rip and Tear"],"picked":"SKIP","floor":38.0},{"not_picked":["Sunder","Turbo+1","Recycle+1"],"picked":"SKIP","floor":41.0},{"not_picked":["Go for the Eyes","Undo+1","Rebound"],"picked":"SKIP","floor":42.0},{"not_picked":["Skim+1","Rebound+1","Chaos+1"],"picked":"SKIP","floor":44.0},{"not_picked":["Stack+1","Sunder"],"picked":"Chill+1","floor":45.0},{"not_picked":["Recycle","Compile Driver","Steam"],"picked":"SKIP","floor":48.0},{"not_picked":["Loop+1","Conserve Battery+1"],"picked":"Echo Form","floor":54}],"player_experience":450193,"relics_obtained":[{"floor":6.0,"key":"Oddly Smooth Stone"},{"floor":10.0,"key":"Blood Vial"},{"floor":13.0,"key":"Kunai"},{"floor":19.0,"key":"Torii"},{"floor":19.0,"key":"Meat on the Bone"},{"floor":26.0,"key":"Ice Cream"},{"floor":37.0,"key":"Incense Burner"},{"floor":41.0,"key":"Blue Candle"},{"floor":43.0,"key":"Orichalcum"},{"floor":47.0,"key":"Ginger"},{"floor":54,"key":"Gremlin Horn"}],"event_choices":[{"damage_healed":0.0,"max_hp_gain":0.0,"max_hp_loss":0.0,"gold_gain":0.0,"event_name":"Golden Idol","player_choice":"Take Wound","floor":4.0,"gold_loss":0.0,"damage_taken":0.0,"relics_obtained":["Golden Idol"],"cards_obtained":["Injury"]},{"damage_healed":22.0,"max_hp_gain":0.0,"max_hp_loss":0.0,"gold_gain":0.0,"event_name":"Big Fish","player_choice":"Banana","floor":7.0,"gold_loss":0.0,"damage_taken":0.0},{"damage_healed":0.0,"max_hp_gain":0.0,"max_hp_loss":0.0,"gold_gain":0.0,"event_name":"Dead Adventurer","player_choice":"Searched \u00271\u0027 times","floor":8.0,"gold_loss":0.0,"damage_taken":0.0,"relics_obtained":["War Paint"]},{"damage_healed":0.0,"max_hp_gain":0.0,"max_hp_loss":0.0,"gold_gain":0.0,"event_name":"Colosseum","player_choice":"Fight","floor":19.0,"gold_loss":0.0,"damage_taken":0.0},{"damage_healed":0.0,"max_hp_gain":0.0,"max_hp_loss":0.0,"gold_gain":0.0,"event_name":"Colosseum","player_choice":"Fought Nobs","floor":19.0,"gold_loss":0.0,"damage_taken":0.0},{"damage_healed":0.0,"max_hp_gain":0.0,"max_hp_loss":0.0,"gold_gain":0.0,"event_name":"Nest","player_choice":"Joined the Cult","floor":20.0,"gold_loss":0.0,"damage_taken":6.0,"cards_obtained":["RitualDagger"]},{"damage_healed":0.0,"max_hp_gain":0.0,"max_hp_loss":0.0,"gold_gain":0.0,"event_name":"Mysterious Sphere","player_choice":"Fight","floor":37.0,"gold_loss":0.0,"damage_taken":0.0},{"damage_healed":0.0,"max_hp_gain":0.0,"max_hp_loss":0.0,"gold_gain":0.0,"event_name":"MindBloom","player_choice":"Fight","floor":47.0,"gold_loss":0.0,"damage_taken":0.0}],"is_beta":false,"boss_relics":[{"not_picked":["Ectoplasm","Lizard Tail"],"picked":"Runic Pyramid"},{"not_picked":["Orrery","Runic Dome"],"picked":"Sozu"}],"items_purged_floors":[25],"is_endless":false,"potions_floor_spawned":[1,6,10,13,21,24,27,29,31,37,41,44,45,48],"killed_by":"The Heart","ascension_level":4}