{"gold_per_floor":[116,129,129,129,129,129,14,14,37,37,52,52,327,343,343,443,443,454,186,206,84,103,103,103],"floor_reached":24,"playtime":994,"items_purged":["Regret"],"score":258,"play_id":"454a90de-1f35-471c-9b2d-34e3bb7c8257","local_time":"20190603031802","is_ascension_mode":true,"campfire_choices":[{"data":"Setup","floor":6.0,"key":"SMITH"},{"data":"Backflip","floor":8.0,"key":"SMITH"},{"data":"Dodge and Roll","floor":12.0,"key":"SMITH"},{"data":"Well Laid Plans","floor":15.0,"key":"SMITH"},{"floor":23.0,"key":"REST"}],"neow_cost":"NONE","seed_source_timestamp":74060286042400,"circlet_count":0,"master_deck":["Defend_G+1","Defend_G","Defend_G","Defend_G","Defend_G","Strike_G","Strike_G","Strike_G","Strike_G","Strike_G+1","Survivor","Neutralize","Backflip+1","Setup+1","Well Laid Plans+1","Poisoned Stab","Dodge and Roll+1","Deflect","Venomology","Deadly Poison","Sadistic Nature","Dagger Throw+1","Footwork","Deadly Poison","Leg Sweep+1"],"special_seed":0,"relics":["Ring of the Snake","Regal Pillow","Mercury Hourglass","Snake Skull","Sozu"],"potions_floor_usage":[],"damage_taken":[{"damage":3.0,"enemies":"Jaw Worm","floor":1.0,"turns":6.0},{"damage":5.0,"enemies":"Small Slimes","floor":2.0,"turns":4.0},{"damage":0.0,"enemies":"2 Louse","floor":11.0,"turns":2.0},{"damage":16.0,"enemies":"Gremlin Gang","floor":14.0,"turns":4.0},{"damage":49.0,"enemies":"Slime Boss","floor":16.0,"turns":17.0},{"damage":8.0,"enemies":"Shell Parasite","floor":18.0,"turns":10.0},{"damage":20.0,"enemies":"Spheric Guardian","floor":20.0,"turns":6.0},{"damage":18.0,"enemies":"Snake Plant","floor":22.0,"turns":5.0},{"damage":53,"enemies":"Gremlin Leader","floor":24,"turns":10}],"seed_played":"-8152159163738407600","potions_obtained":[{"floor":11.0,"key":"EssenceOfSteel"},{"floor":14.0,"key":"Ancient Potion"}],"is_trial":false,"path_per_floor":["M","M","?","?","?","R","$","R","T","?","M","R","?","M","R","B",null,"M","$","M","$","M","R","E"],"character_chosen":"THE_SILENT","items_purchased":["Well Laid Plans","Poisoned Stab","Sadistic Nature","Footwork","Deadly Poison"],"campfire_rested":1,"item_purchase_floors":[7,7,19,21,21],"current_hp_per_floor":[60,55,55,41,41,41,41,41,41,70,70,70,70,54,54,5,54,46,46,26,26,8,44,0],"gold":103,"neow_bonus":"RANDOM_COMMON_RELIC","is_prod":false,"is_daily":false,"chose_seed":false,"campfire_upgraded":4,"win_rate":0,"timestamp":1559557082,"path_taken":["M","M","?","?","?","R","$","R","T","?","?","R","?","M","R","BOSS","M","$","M","?","M","R","E"],"build_version":"2019-01-23","purchased_purges":1,"victory":false,"max_hp_per_floor":[70,70,70,70,70,70,70,70,70,70,70,70,70,70,70,70,70,70,70,70,70,70,70,70],"card_choices":[{"not_picked":["Dagger Throw","Terror"],"picked":"Backflip","floor":1.0},{"not_picked":["Slice","Blade Dance"],"picked":"Setup","floor":2.0},{"not_picked":["Backflip","Skewer"],"picked":"Dodge and Roll","floor":11.0},{"not_picked":["Acrobatics","Riddle With Holes"],"picked":"Deflect","floor":14.0},{"not_picked":["After Image","Phantasmal Killer"],"picked":"Venomology","floor":16.0},{"not_picked":["Concentrate+1","Blade Dance"],"picked":"Deadly Poison","floor":18.0},{"not_picked":["Quick Slash","Blade Dance"],"picked":"Dagger Throw+1","floor":20.0},{"not_picked":["Dodge and Roll","Acrobatics"],"picked":"Leg Sweep+1","floor":22.0}],"player_experience":225401,"relics_obtained":[{"floor":9.0,"key":"Snake Skull"}],"event_choices":[{"damage_healed":0.0,"max_hp_gain":0.0,"max_hp_loss":0.0,"gold_gain":0.0,"event_name":"Big Fish","player_choice":"Box","floor":3.0,"gold_loss":0.0,"damage_taken":0.0,"relics_obtained":["Mercury Hourglass"],"cards_obtained":["Regret"]},{"damage_healed":0.0,"max_hp_gain":0.0,"max_hp_loss":0.0,"gold_gain":0.0,"event_name":"Shining Light","player_choice":"Entered Light","floor":4.0,"gold_loss":0.0,"damage_taken":14.0,"cards_upgraded":["Strike_G","Defend_G"]},{"cards_removed":["Regret"],"damage_healed":0.0,"max_hp_gain":0.0,"max_hp_loss":0.0,"gold_gain":0.0,"event_name":"Living Wall","player_choice":"Forget","floor":5.0,"gold_loss":0.0,"damage_taken":0.0},{"damage_healed":29.0,"max_hp_gain":0.0,"max_hp_loss":0.0,"gold_gain":0.0,"event_name":"Wheel of Change","player_choice":"Full Heal","floor":10.0,"gold_loss":0.0,"damage_taken":0.0},{"damage_healed":0.0,"max_hp_gain":0.0,"max_hp_loss":0.0,"gold_gain":275.0,"event_name":"Golden Shrine","player_choice":"Desecrate","floor":13.0,"gold_loss":0.0,"damage_taken":0.0,"cards_obtained":["Regret"]}],"is_beta":false,"boss_relics":[{"not_picked":["Cursed Key","Runic Pyramid"],"picked":"Sozu"}],"items_purged_floors":[19],"is_endless":false,"potions_floor_spawned":[11,14,20],"killed_by":"Gremlin Leader","ascension_level":8}