{"gold_per_floor":[112,123,298,13,13,41,41,41,90,106,181,196,250,263,263,367,367,378,35,53,53,73,73,108,108,108,108,108,122,122,147,147,251,251,262,362,409,409,428,453,498,517,517,546,83,96,108,140,140,140],"floor_reached":50,"playtime":3453,"items_purged":["Doubt","Defend_G","Writhe"],"score":643,"play_id":"77de4daf-648c-4a24-80f4-2ebd41e518d7","local_time":"20190301015536","is_ascension_mode":false,"campfire_choices":[{"data":"Caltrops","floor":7.0,"key":"SMITH"},{"floor":15.0,"key":"REST"},{"floor":23.0,"key":"REST"},{"floor":25.0,"key":"REST"},{"data":"Envenom","floor":27.0,"key":"SMITH"},{"floor":32.0,"key":"REST"},{"floor":49,"key":"RECALL"}],"neow_cost":"TEN_PERCENT_HP_LOSS","seed_source_timestamp":99454888246900,"circlet_count":0,"master_deck":["Defend_G","Defend_G","Defend_G","Survivor","Neutralize","Setup","Caltrops+1","Finisher","Blur","Tactician","Flying Knee+1","Riddle With Holes+1","Poisoned Stab+1","Predator+1","Envenom+1","Catalyst+1","Quick Slash+1","Bite+1","Bite+1","Bite+1","Bite+1","Bite+1","Flying Knee+1","Dagger Throw+1","Sucker Punch+1","Bane+1","Outmaneuver+1","Footwork+1","Flying Knee+1","Glass Knife+1","Footwork+1","Skewer+1","Calculated Gamble","Outmaneuver+1","Backflip+1","Terror+1","Terror+1","Mind Blast+1","Cloak And Dagger+1","Parasite","Tactician+1","Noxious Fumes+1"],"special_seed":0,"relics":["Ring of the Snake","Cauldron","Meat on the Bone","Molten Egg 2","PreservedInsect","Dream Catcher","WristBlade","Bottled Tornado","Lantern","Mummified Hand","MutagenicStrength","Pen Nib","Snake Skull","Fusion Hammer","Calipers","Thread and Needle","Pantograph","Strawberry","Ginger","Bottled Flame","Darkstone Periapt"],"potions_floor_usage":[44,48],"damage_taken":[{"damage":0.0,"enemies":"2 Louse","floor":1.0,"turns":2.0},{"damage":5.0,"enemies":"Jaw Worm","floor":2.0,"turns":5.0},{"damage":17.0,"enemies":"Lagavulin","floor":6.0,"turns":9.0},{"damage":6.0,"enemies":"Cultist","floor":10.0,"turns":6.0},{"damage":0.0,"enemies":"Looter","floor":12.0,"turns":3.0},{"damage":6.0,"enemies":"Blue Slaver","floor":14.0,"turns":3.0},{"damage":26.0,"enemies":"The Guardian","floor":16.0,"turns":9.0},{"damage":7.0,"enemies":"2 Thieves","floor":18.0,"turns":4.0},{"damage":27.0,"enemies":"Chosen","floor":20.0,"turns":5.0},{"damage":47.0,"enemies":"Shelled Parasite and Fungi","floor":22.0,"turns":6.0},{"damage":27.0,"enemies":"Book of Stabbing","floor":24.0,"turns":4.0},{"damage":3.0,"enemies":"Snecko","floor":29.0,"turns":3.0},{"damage":19.0,"enemies":"Slavers","floor":31.0,"turns":3.0},{"damage":33.0,"enemies":"Collector","floor":33.0,"turns":8.0},{"damage":15.0,"enemies":"Orb Walker","floor":35.0,"turns":3.0},{"damage":20.0,"enemies":"Mind Bloom Boss Battle","floor":36.0,"turns":5.0},{"damage":23.0,"enemies":"2 Orb Walkers","floor":37.0,"turns":3.0},{"damage":12.0,"enemies":"3 Darklings","floor":39.0,"turns":3.0},{"damage":5,"enemies":"Giant Head","floor":40,"turns":5},{"damage":6,"enemies":"Sphere and 2 Shapes","floor":42,"turns":3},{"damage":30,"enemies":"Reptomancer","floor":44,"turns":4},{"damage":6,"enemies":"Jaw Worm Horde","floor":46,"turns":3},{"damage":11,"enemies":"Writhing Mass","floor":47,"turns":3},{"damage":9,"enemies":"Giant Head","floor":48,"turns":6},{"damage":91,"enemies":"Awakened One","floor":50,"turns":6}],"seed_played":"4598993915090510231","potions_obtained":[{"floor":4.0,"key":"FairyPotion"},{"floor":4.0,"key":"FearPotion"},{"floor":4.0,"key":"Regen Potion"},{"floor":6.0,"key":"GhostInAJar"},{"floor":10.0,"key":"LiquidBronze"},{"floor":14.0,"key":"Poison Potion"},{"floor":16.0,"key":"Ancient Potion"},{"floor":18.0,"key":"LiquidBronze"},{"floor":22.0,"key":"FairyPotion"},{"floor":35.0,"key":"Strength Potion"},{"floor":37.0,"key":"Explosive Potion"},{"floor":39.0,"key":"SpeedPotion"},{"floor":42,"key":"PowerPotion"},{"floor":47,"key":"AttackPotion"}],"is_trial":false,"path_per_floor":["M","M","?","$","?","E","R","T","T","M","?","M","T","M","R","B",null,"M","$","M","?","M","R","E","R","T","R","?","M","T","E","R","B",null,"M","?","?","?","M","E","T","M","T","E","$","M","M","E","R","B"],"character_chosen":"THE_SILENT","items_purchased":["Cauldron","Bottled Tornado","Bottled Flame","Mind Blast+1"],"campfire_rested":4,"item_purchase_floors":[4,19,45,45],"current_hp_per_floor":[63,58,58,58,58,55,55,55,55,49,38,38,38,32,50,36,63,56,56,41,41,21,34,31,44,44,44,44,41,41,31,44,26,44,35,30,28,39,35,42,49,48,48,30,30,30,28,31,31,0],"gold":140,"neow_bonus":"TRANSFORM_TWO_CARDS","is_prod":false,"is_daily":false,"chose_seed":false,"campfire_upgraded":2,"win_rate":0,"timestamp":1551372936,"path_taken":["M","M","?","$","?","E","R","?","T","M","?","M","?","M","R","BOSS","M","$","M","?","M","R","E","R","T","R","?","M","?","E","R","BOSS","M","?","?","?","M","E","?","M","T","E","$","M","M","E","R","BOSS"],"build_version":"2019-01-23","purchased_purges":3,"victory":false,"max_hp_per_floor":[63,63,63,63,63,63,63,63,63,63,63,63,63,63,63,63,63,63,63,63,44,44,44,44,44,44,44,44,44,44,44,44,44,44,44,44,44,44,44,44,51,51,51,51,51,51,51,51,51,51],"card_choices":[{"not_picked":["Deadly Poison","Dagger Throw"],"picked":"Finisher","floor":1.0},{"not_picked":["Deadly Poison","Blade Dance"],"picked":"Blur","floor":2.0},{"not_picked":["Deflect","Slice"],"picked":"Tactician","floor":6.0},{"not_picked":["Blade Dance","Dodge and Roll"],"picked":"Flying Knee+1","floor":10.0},{"not_picked":["Underhanded Strike+1","Dodge and Roll"],"picked":"Riddle With Holes+1","floor":12.0},{"not_picked":["Blade Dance","Sucker Punch+1"],"picked":"Poisoned Stab+1","floor":14.0},{"not_picked":["Sucker Punch+1","Bouncing Flask"],"picked":"Predator+1","floor":15.0},{"not_picked":["Phantasmal Killer","Malaise"],"picked":"Envenom","floor":16.0},{"not_picked":["Flying Knee+1","Dodge and Roll"],"picked":"Catalyst+1","floor":18.0},{"not_picked":["Poisoned Stab+1","Caltrops"],"picked":"Quick Slash+1","floor":20.0},{"not_picked":["Dodge and Roll","Acrobatics"],"picked":"Flying Knee+1","floor":22.0},{"not_picked":["Quick Slash+1","Well Laid Plans"],"picked":"Dagger Throw+1","floor":23.0},{"not_picked":["Blur","Blade Dance"],"picked":"Sucker Punch+1","floor":24.0},{"not_picked":["Blade Dance","After Image"],"picked":"Bane+1","floor":25.0},{"not_picked":["Escape Plan","Distraction"],"picked":"Outmaneuver+1","floor":29.0},{"not_picked":["Dodge and Roll","Quick Slash+1"],"picked":"Footwork+1","floor":31.0},{"not_picked":["Acrobatics","Backflip"],"picked":"Flying Knee+1","floor":32.0},{"not_picked":["Doppelganger","Phantasmal Killer"],"picked":"Glass Knife+1","floor":33.0},{"not_picked":["Blade Dance+1","Underhanded Strike+1"],"picked":"Footwork+1","floor":35.0},{"not_picked":["Cloak And Dagger+1","Flechettes+1"],"picked":"Skewer+1","floor":36.0},{"not_picked":["Deadly Poison","Dodge and Roll"],"picked":"Calculated Gamble","floor":37.0},{"not_picked":["Deflect","Blade Dance"],"picked":"Outmaneuver+1","floor":39.0},{"not_picked":["PiercingWail","Underhanded Strike+1"],"picked":"Backflip+1","floor":40},{"not_picked":["Blade Dance","Wraith Form v2"],"picked":"Terror+1","floor":42},{"not_picked":["Accuracy","Sucker Punch+1"],"picked":"Terror+1","floor":44},{"not_picked":["Blade Dance+1","Dagger Throw+1"],"picked":"Cloak And Dagger+1","floor":46},{"not_picked":["Footwork","Sucker Punch+1"],"picked":"Tactician+1","floor":47},{"not_picked":["Deadly Poison+1","Tactician"],"picked":"Noxious Fumes+1","floor":48}],"player_experience":1019712,"relics_obtained":[{"floor":6.0,"key":"Meat on the Bone"},{"floor":8.0,"key":"Molten Egg 2"},{"floor":9.0,"key":"PreservedInsect"},{"floor":13.0,"key":"Dream Catcher"},{"floor":24.0,"key":"Lantern"},{"floor":26.0,"key":"Mummified Hand"},{"floor":30.0,"key":"Pen Nib"},{"floor":31.0,"key":"Snake Skull"},{"floor":36.0,"key":"Calipers"},{"floor":37.0,"key":"Thread and Needle"},{"floor":40,"key":"Pantograph"},{"floor":41,"key":"Strawberry"},{"floor":44,"key":"Ginger"},{"floor":48,"key":"Darkstone Periapt"}],"event_choices":[{"damage_healed":0.0,"max_hp_gain":0.0,"max_hp_loss":0.0,"gold_gain":175.0,"event_name":"Liars Game","player_choice":"AGREE","floor":3.0,"gold_loss":0.0,"damage_taken":0.0,"cards_obtained":["Doubt"]},{"damage_healed":0.0,"max_hp_gain":0.0,"max_hp_loss":0.0,"gold_gain":0.0,"event_name":"The Cleric","player_choice":"Leave","floor":5.0,"gold_loss":0.0,"damage_taken":0.0},{"damage_healed":0.0,"max_hp_gain":0.0,"max_hp_loss":0.0,"gold_gain":75.0,"event_name":"World of Goop","player_choice":"Gather Gold","floor":11.0,"gold_loss":0.0,"damage_taken":11.0},{"damage_healed":0.0,"max_hp_gain":0.0,"max_hp_loss":19.0,"gold_gain":0.0,"event_name":"Vampires","player_choice":"Became a vampire","floor":21.0,"gold_loss":0.0,"damage_taken":0.0,"cards_obtained":["Bite","Bite","Bite","Bite","Bite"]},{"damage_healed":0.0,"max_hp_gain":0.0,"max_hp_loss":0.0,"gold_gain":0.0,"event_name":"Drug Dealer","player_choice":"Inject Mutagens","floor":28.0,"gold_loss":0.0,"damage_taken":0.0,"relics_obtained":["MutagenicStrength"]},{"damage_healed":0.0,"max_hp_gain":0.0,"max_hp_loss":0.0,"gold_gain":0.0,"event_name":"MindBloom","player_choice":"Fight","floor":36.0,"gold_loss":0.0,"damage_taken":0.0},{"damage_healed":0.0,"max_hp_gain":0.0,"max_hp_loss":0.0,"gold_gain":0.0,"event_name":"Mysterious Sphere","player_choice":"Fight","floor":37.0,"gold_loss":0.0,"damage_taken":0.0},{"damage_healed":11.0,"max_hp_gain":0.0,"max_hp_loss":0.0,"gold_gain":0.0,"event_name":"Winding Halls","player_choice":"Writhe","floor":38.0,"gold_loss":0.0,"damage_taken":0.0,"cards_obtained":["Writhe"]}],"is_beta":false,"boss_relics":[{"not_picked":["Calling Bell","HoveringKite"],"picked":"WristBlade"},{"not_picked":["Orrery","Runic Dome"],"picked":"Fusion Hammer"}],"items_purged_floors":[4,19,45],"is_endless":false,"potions_floor_spawned":[6,10,14,16,18,22,35,37,39,42,47],"killed_by":"Awakened One","ascension_level":0}