{"gold_per_floor":[19,30,41,53,68,68,86,117,117,149,159,214,214,214,214,307,307,328,343,343,368,293,293,320,208,234,278,299,323,323,348,348,446,446,460,480,813,823,823,823,359,379,402,402,402,431,89,109,109,109,109,109,59,92,92],"floor_reached":55,"playtime":3112,"items_purged":["Strike_B"],"score":1601,"play_id":"f3dda62a-c24e-42e2-b9c0-e7c60e1229e0","local_time":"20190527111710","is_ascension_mode":true,"campfire_choices":[{"data":"Defragment","floor":6.0,"key":"SMITH"},{"data":"Defragment","floor":13.0,"key":"SMITH"},{"data":"Zap","floor":15.0,"key":"SMITH"},{"data":"Capacitor","floor":23.0,"key":"SMITH"},{"data":"Loop","floor":32.0,"key":"SMITH"},{"data":"Buffer","floor":40.0,"key":"SMITH"},{"floor":45,"key":"RECALL"},{"floor":49,"key":"REST"},{"data":"Capacitor","floor":52,"key":"SMITH"}],"neow_cost":"NO_GOLD","seed_source_timestamp":406727948936099,"circlet_count":0,"master_deck":["AscendersBane","Strike_B","Defend_B","Defend_B","Defend_B","Defend_B","Zap+1","Dualcast","Darkness","Chill","Cold Snap","Coolheaded","Defragment+1","Tempest","Self Repair","Consume","Electrodynamics","Defragment+1","Reinforced Body","Buffer+1","Capacitor+1","Conserve Battery+1","Loop+1","Chill","Reinforced Body","Buffer+1","Force Field+1","Ball Lightning+1","Purity","Defragment","Capacitor+1","Redo+1","Ball Lightning+1"],"special_seed":0,"relics":["FrozenCore","Nunchaku","Boot","Dead Branch","Oddly Smooth Stone","Sozu","PreservedInsect","Mummified Hand","Bronze Scales","OrangePellets","Bag of Marbles","Molten Egg 2","Ice Cream","Gambling Chip"],"potions_floor_usage":[],"damage_taken":[{"damage":0.0,"enemies":"Cultist","floor":1.0,"turns":4.0},{"damage":6.0,"enemies":"2 Louse","floor":2.0,"turns":2.0},{"damage":0.0,"enemies":"Small Slimes","floor":3.0,"turns":4.0},{"damage":0.0,"enemies":"3 Louse","floor":4.0,"turns":4.0},{"damage":1.0,"enemies":"Blue Slaver","floor":5.0,"turns":5.0},{"damage":4.0,"enemies":"Red Slaver","floor":7.0,"turns":4.0},{"damage":4.0,"enemies":"Gremlin Nob","floor":8.0,"turns":3.0},{"damage":12.0,"enemies":"Lagavulin","floor":10.0,"turns":8.0},{"damage":5.0,"enemies":"Gremlin Gang","floor":11.0,"turns":2.0},{"damage":11.0,"enemies":"3 Sentries","floor":12.0,"turns":5.0},{"damage":12.0,"enemies":"The Guardian","floor":16.0,"turns":11.0},{"damage":1.0,"enemies":"Spheric Guardian","floor":18.0,"turns":5.0},{"damage":2.0,"enemies":"Shell Parasite","floor":19.0,"turns":7.0},{"damage":6.0,"enemies":"Cultist and Chosen","floor":21.0,"turns":4.0},{"damage":55.0,"enemies":"Book of Stabbing","floor":27.0,"turns":6.0},{"damage":0.0,"enemies":"3 Cultists","floor":28.0,"turns":3.0},{"damage":0.0,"enemies":"Shelled Parasite and Fungi","floor":29.0,"turns":6.0},{"damage":0.0,"enemies":"Snake Plant","floor":30.0,"turns":2.0},{"damage":3.0,"enemies":"Centurion and Healer","floor":31.0,"turns":7.0},{"damage":0.0,"enemies":"Collector","floor":33.0,"turns":7.0},{"damage":24.0,"enemies":"3 Shapes","floor":35.0,"turns":5.0},{"damage":0.0,"enemies":"Orb Walker","floor":36.0,"turns":4.0},{"damage":11.0,"enemies":"Jaw Worm Horde","floor":38.0,"turns":5.0},{"damage":16.0,"enemies":"Transient","floor":42.0,"turns":6.0},{"damage":0,"enemies":"Nemesis","floor":46,"turns":7},{"damage":0,"enemies":"Sphere and 2 Shapes","floor":48,"turns":6},{"damage":0,"enemies":"Time Eater","floor":50,"turns":11},{"damage":44,"enemies":"Shield and Spear","floor":54,"turns":7},{"damage":34,"enemies":"The Heart","floor":55,"turns":3}],"seed_played":"-5512937465995991840","potions_obtained":[{"floor":1.0,"key":"SkillPotion"},{"floor":7.0,"key":"Fire Potion"},{"floor":8.0,"key":"Strength Potion"},{"floor":10.0,"key":"Strength Potion"},{"floor":11.0,"key":"Explosive Potion"},{"floor":12.0,"key":"SmokeBomb"}],"is_trial":false,"path_per_floor":["M","M","M","M","M","R","M","E","T","E","M","?","R","?","R","B",null,"M","M","?","M","?","R","T","$","T","E","M","M","M","M","R","B",null,"M","M","?","M","?","R","$","M","T","?","R","E","$","M","R","B",null,"R","$","E","B"],"character_chosen":"DEFECT","items_purchased":["Loop","Defragment","Bronze Scales","OrangePellets","Ice Cream","Ball Lightning+1"],"campfire_rested":1,"item_purchase_floors":[25,41,41,41,47,53],"current_hp_per_floor":[64,58,58,58,57,57,60,56,56,51,46,42,42,42,42,37,63,69,71,71,71,71,71,71,71,71,23,30,37,37,41,41,48,65,48,48,48,44,44,44,44,35,35,35,35,42,42,49,70,71,71,71,71,34,0],"gold":92,"neow_bonus":"TRANSFORM_TWO_CARDS","is_prod":false,"is_daily":false,"chose_seed":false,"campfire_upgraded":7,"win_rate":0,"timestamp":1558981030,"path_taken":["M","M","M","M","M","R","?","E","T","E","M","?","R","?","R","BOSS","M","M","?","?","?","R","?","$","T","E","?","M","M","?","R","BOSS","M","M","?","M","?","R","$","M","T","?","R","E","$","M","R","BOSS","R","$","E","BOSS"],"build_version":"2019-01-23","purchased_purges":1,"victory":false,"max_hp_per_floor":[71,71,71,71,71,71,71,71,71,71,71,71,71,71,71,71,71,71,71,71,71,71,71,71,71,71,71,71,71,71,71,71,71,71,71,71,71,71,71,71,71,71,71,71,71,71,71,71,71,71,71,71,71,71,71],"card_choices":[{"not_picked":["Hello World","Barrage"],"picked":"Cold Snap","floor":1.0},{"not_picked":["Redo","Beam Cell"],"picked":"Coolheaded","floor":2.0},{"not_picked":["Genetic Algorithm","Stack"],"picked":"Defragment","floor":3.0},{"not_picked":["Cold Snap","Skim"],"picked":"Tempest","floor":4.0},{"not_picked":["Compile Driver","Gash"],"picked":"Self Repair","floor":5.0},{"not_picked":["Rip and Tear","Beam Cell"],"picked":"Consume","floor":7.0},{"not_picked":["Turbo","Recycle"],"picked":"Electrodynamics","floor":8.0},{"not_picked":["Steam","Rebound"],"picked":"Defragment","floor":10.0},{"not_picked":["Scrape","Force Field","Fusion"],"picked":"SKIP","floor":11.0},{"not_picked":["Ball Lightning","Go for the Eyes"],"picked":"Reinforced Body","floor":12.0},{"not_picked":["Electrodynamics","Seek"],"picked":"Buffer","floor":16.0},{"not_picked":["Redo","Conserve Battery","Stack"],"picked":"SKIP","floor":18.0},{"not_picked":["Rebound+1","Static Discharge"],"picked":"Capacitor","floor":19.0},{"not_picked":["Turbo","Sweeping Beam"],"picked":"Conserve Battery+1","floor":21.0},{"not_picked":["Rainbow","Go for the Eyes+1"],"picked":"Chill","floor":27.0},{"not_picked":["Go for the Eyes","Aggregate"],"picked":"Reinforced Body","floor":28.0},{"not_picked":["Go for the Eyes","Conserve Battery","Sweeping Beam"],"picked":"SKIP","floor":29.0},{"not_picked":["Doom and Gloom","Turbo","Leap"],"picked":"SKIP","floor":31.0},{"not_picked":["Thunder Strike","Meteor Strike"],"picked":"Buffer","floor":33.0},{"not_picked":["Stack","Blizzard"],"picked":"Force Field+1","floor":35.0},{"not_picked":["Coolheaded","Melter","Barrage"],"picked":"SKIP","floor":36.0},{"not_picked":["Sweeping Beam","Stack"],"picked":"Ball Lightning+1","floor":38.0},{"not_picked":["Deep Breath","Mind Blast"],"picked":"Purity","floor":39.0},{"not_picked":["Stack+1","Cold Snap"],"picked":"Capacitor","floor":42.0},{"not_picked":["Consume","Rebound"],"picked":"Redo+1","floor":46},{"not_picked":["Cold Snap+1","Steam","Gash+1"],"picked":"SKIP","floor":48},{"not_picked":["Cold Snap+1","Chaos","Steam+1"],"picked":"SKIP","floor":54}],"player_experience":746850,"relics_obtained":[{"floor":8.0,"key":"Nunchaku"},{"floor":9.0,"key":"Boot"},{"floor":10.0,"key":"Dead Branch"},{"floor":12.0,"key":"Oddly Smooth Stone"},{"floor":26.0,"key":"PreservedInsect"},{"floor":27.0,"key":"Mummified Hand"},{"floor":43.0,"key":"Bag of Marbles"},{"floor":46,"key":"Molten Egg 2"},{"floor":54,"key":"Gambling Chip"}],"event_choices":[{"damage_healed":0.0,"max_hp_gain":0.0,"max_hp_loss":0.0,"gold_gain":0.0,"event_name":"Dead Adventurer","player_choice":"Searched \u00271\u0027 times","floor":12.0,"gold_loss":0.0,"damage_taken":0.0},{"damage_healed":0.0,"max_hp_gain":0.0,"max_hp_loss":0.0,"gold_gain":0.0,"event_name":"Golden Idol","player_choice":"Take Wound","floor":14.0,"gold_loss":0.0,"damage_taken":0.0,"relics_obtained":["Golden Idol"],"cards_obtained":["Injury"]},{"damage_healed":0.0,"max_hp_gain":0.0,"max_hp_loss":0.0,"gold_gain":0.0,"event_name":"Upgrade Shrine","player_choice":"Upgraded","floor":20.0,"gold_loss":0.0,"damage_taken":0.0,"cards_upgraded":["Buffer"]},{"cards_removed":["Injury"],"damage_healed":0.0,"max_hp_gain":0.0,"max_hp_loss":0.0,"gold_gain":0.0,"event_name":"Beggar","player_choice":"Gave Gold","floor":22.0,"gold_loss":75.0,"damage_taken":0.0},{"damage_healed":0.0,"max_hp_gain":0.0,"max_hp_loss":0.0,"gold_gain":333.0,"event_name":"The Moai Head","player_choice":"Gave Idol","floor":37.0,"relics_lost":["Golden Idol"],"gold_loss":0.0,"damage_taken":0.0},{"damage_healed":0.0,"max_hp_gain":0.0,"max_hp_loss":0.0,"gold_gain":0.0,"event_name":"SensoryStone","player_choice":"Memory 1","floor":39.0,"gold_loss":0.0,"damage_taken":0.0},{"damage_healed":0,"gold_gain":0,"player_choice":"Ignored","damage_taken":0,"max_hp_gain":0,"max_hp_loss":0,"event_name":"Mysterious Sphere","floor":44,"gold_loss":0}],"is_beta":false,"boss_relics":[{"not_picked":["Snecko Eye","Calling Bell"],"picked":"Sozu"},{"not_picked":["Runic Dome","Orrery"],"picked":"FrozenCore"}],"items_purged_floors":[25],"is_endless":false,"potions_floor_spawned":[1,7,8,10,11,12,19,28,33,35,46,48],"killed_by":"The Heart","ascension_level":19}