{"gold_per_floor":[112,187,32,48,58,58,87,87,110,110,121,43,8,27,27,132,132,149,349,366,366,366,366,376,376,428,444,444,359,376,25,25,130,130,147,147,163,263,67,67,79,79,163,163,47,47,12,28,28,28],"floor_reached":51,"playtime":5241,"items_purged":["Strike_B"],"score":620,"play_id":"03183579-dbbe-4bc6-895a-f83236b84f99","local_time":"20180824115915","is_ascension_mode":false,"campfire_choices":[{"data":"Zap","floor":6.0,"key":"SMITH"},{"data":"Storm","floor":8.0,"key":"SMITH"},{"data":"Static Discharge","floor":10.0,"key":"SMITH"},{"floor":15.0,"key":"REST"},{"data":"Glacier","floor":23,"key":"SMITH"},{"data":"Defragment","floor":25,"key":"SMITH"},{"data":"Go for the Eyes","floor":32,"key":"SMITH"},{"floor":40,"key":"REST"},{"floor":42,"key":"REST"},{"data":"Rainbow","floor":46,"key":"SMITH"},{"floor":49,"key":"REST"}],"neow_cost":"","seed_source_timestamp":0,"circlet_count":0,"master_deck":["Defend_B","Defend_B","Defend_B","Defend_B","Zap+1","Dualcast","Storm+1","Go for the Eyes+1","Force Field","Defragment+1","Chaos","Force Field","Rainbow+1","Coolheaded","Glacier+1","Reinforced Body+1","Seek+1","Heatsinks+1","Blizzard+1","Conserve Battery+1","Machine Learning","Steam Power+1","Reprogram+1","Rainbow+1","Loop+1","FTL","Double Energy+1","The Bomb","Glacier","Doom and Gloom","Doom and Gloom","BootSequence"],"special_seed":0,"relics":["Cracked Core","Orichalcum","Happy Flower","Lizard Tail","Vajra","Pear","Ice Cream","Astrolabe","Toolbox","Tiny Chest"],"potions_floor_usage":[27,28,33,33,50,50,50],"damage_taken":[{"damage":2.0,"enemies":"Jaw Worm","floor":1.0,"turns":4.0},{"damage":0.0,"enemies":"2 Louse","floor":4.0,"turns":3.0},{"damage":4.0,"enemies":"Cultist","floor":5.0,"turns":4.0},{"damage":18.0,"enemies":"3 Sentries","floor":7.0,"turns":6.0},{"damage":9.0,"enemies":"2 Fungi Beasts","floor":11.0,"turns":4.0},{"damage":2.0,"enemies":"Exordium Thugs","floor":14.0,"turns":4.0},{"damage":17.0,"enemies":"Slime Boss","floor":16.0,"turns":11.0},{"damage":8,"enemies":"Shell Parasite","floor":18,"turns":6},{"damage":1,"enemies":"Chosen","floor":20,"turns":7},{"damage":9,"enemies":"Snake Plant","floor":24,"turns":6},{"damage":0,"enemies":"3 Cultists","floor":27,"turns":6},{"damage":0,"enemies":"Centurion and Healer","floor":28,"turns":1},{"damage":7,"enemies":"Snake Plant","floor":30,"turns":5},{"damage":27,"enemies":"Automaton","floor":33,"turns":12},{"damage":29,"enemies":"3 Darklings","floor":35,"turns":10},{"damage":44,"enemies":"Flame Bruiser 1 Orb","floor":37,"turns":7},{"damage":40,"enemies":"Sphere and 2 Shapes","floor":41,"turns":5},{"damage":10,"enemies":"4 Shapes","floor":48,"turns":4},{"damage":59,"enemies":"Awakened One","floor":50,"turns":23}],"seed_played":"1420015527540175485","potions_obtained":[{"floor":1.0,"key":"Block Potion"},{"floor":5.0,"key":"Fire Potion"},{"floor":14.0,"key":"SteroidPotion"},{"floor":24,"key":"SteroidPotion"},{"floor":27,"key":"SmokeBomb"},{"floor":33,"key":"SteroidPotion"},{"floor":35,"key":"Weak Potion"},{"floor":48,"key":"Dexterity Potion"}],"is_trial":false,"path_per_floor":["M","?","$","M","M","R","E","R","T","R","M","$","?","M","R","B",null,"M","?","M","?","?","R","M","R","T","M","M","?","M","$","R","B",null,"M","?","M","?","$","R","M","R","T","?","$","R","$","M","R","B"],"character_chosen":"DEFECT","items_purchased":["Storm","Chaos","Ice Cream","PowerPotion","Toolbox","Glacier","Doom and Gloom","Doom and Gloom"],"campfire_rested":4,"item_purchase_floors":[3,12,31,31,39,45,45,47],"current_hp_per_floor":[73,62,62,62,58,58,40,40,40,40,31,31,49,47,69,52,75,67,67,66,66,66,66,57,57,57,57,57,67,60,60,60,33,85,56,56,12,12,12,37,42,67,67,67,67,67,67,57,82,23],"gold":28,"neow_bonus":"","is_prod":false,"is_daily":false,"chose_seed":false,"campfire_upgraded":7,"win_rate":0.0,"timestamp":1535104755,"path_taken":["M","?","$","M","M","R","E","R","T","R","?","$","?","?","R","BOSS","M","?","M","?","?","R","M","R","T","M","M","?","M","?","R","BOSS","M","?","M","?","$","R","M","R","T","?","?","R","$","M","R","BOSS"],"build_version":"2018-08-23v2","purchased_purges":1,"victory":true,"max_hp_per_floor":[75,75,75,75,75,75,75,75,75,75,75,75,75,75,75,75,75,75,75,75,75,75,75,75,75,75,75,75,85,85,85,85,85,85,85,85,85,85,85,85,85,85,85,85,85,85,85,85,85,85],"card_choices":[{"not_picked":["Fusion","Barrage"],"picked":"Static Discharge","floor":1.0},{"not_picked":["Stack","Sweeping Beam"],"picked":"Go for the Eyes","floor":4.0},{"not_picked":["Beam Cell","Thunder Strike"],"picked":"Coolheaded","floor":5.0},{"not_picked":["Reprogram","Barrage"],"picked":"Force Field","floor":7.0},{"not_picked":["Static Discharge","Hologram"],"picked":"Defragment","floor":11.0},{"not_picked":["Barrage","Reprogram"],"picked":"Force Field","floor":14.0},{"not_picked":["Multi-Cast","Thunder Strike"],"picked":"Rainbow","floor":16.0},{"not_picked":["Doom and Gloom","Hologram"],"picked":"Coolheaded","floor":18},{"not_picked":["Stack","Storm"],"picked":"Leap+1","floor":20},{"not_picked":["Melter+1","Cold Snap"],"picked":"Blizzard+1","floor":24},{"not_picked":["Doom and Gloom","Streamline"],"picked":"Redo","floor":27},{"not_picked":["Gash","Leap"],"picked":"Conserve Battery+1","floor":30},{"not_picked":["All For One","Buffer"],"picked":"Machine Learning","floor":33},{"not_picked":["Go for the Eyes+1","Beam Cell+1"],"picked":"Loop+1","floor":35},{"not_picked":["Conserve Battery+1","Go for the Eyes"],"picked":"FTL","floor":37},{"not_picked":["Consume","Scrape+1"],"picked":"Double Energy+1","floor":41},{"not_picked":["Sadistic Nature","Purity"],"picked":"The Bomb","floor":44},{"not_picked":["Redo","Compile Driver"],"picked":"BootSequence","floor":48}],"player_experience":33045,"relics_obtained":[{"floor":7.0,"key":"Orichalcum"},{"floor":9.0,"key":"Happy Flower"},{"floor":26,"key":"Vajra"},{"floor":43,"key":"Tiny Chest"}],"event_choices":[{"event_name":"World of Goop","player_choice":"Gather Gold","floor":2.0,"damage_taken":0.0},{"event_name":"The Cleric","player_choice":"Healed","floor":13.0,"damage_taken":0.0},{"event_name":"Wheel of Change","player_choice":"Gold","floor":19,"damage_taken":0},{"event_name":"The Library","player_choice":"Read","floor":21,"damage_taken":0},{"event_name":"Drug Dealer","player_choice":"Became Test Subject","floor":22,"damage_taken":0},{"event_name":"Addict","player_choice":"Obtained Relic","floor":29,"damage_taken":0},{"event_name":"Falling","player_choice":"Removed Skill","floor":36,"damage_taken":0},{"event_name":"Golden Shrine","player_choice":"Pray","floor":38,"damage_taken":0},{"event_name":"SensoryStone","player_choice":"Memory 1","floor":44,"damage_taken":0}],"is_beta":false,"boss_relics":[{"not_picked":["Calling Bell","Coffee Dripper"],"picked":"Lizard Tail"},{"not_picked":["Tiny House","White Beast Statue"],"picked":"Astrolabe"}],"items_purged_floors":[3],"is_endless":false,"potions_floor_spawned":[1,5,14,24,27,28,33,35,48],"ascension_level":0}