{"gold_per_floor":[111,123,74,149,163,196,213,30,30,45,60,77,77,77,77,180,180,190,203,40,56,56],"floor_reached":22,"playtime":2845,"items_purged":[],"score":290,"play_id":"b3a08a80-505b-4518-ae53-b1e313ff3441","local_time":"20190607231137","is_ascension_mode":false,"campfire_choices":[{"floor":13,"key":"REST"},{"data":"Redo","floor":15,"key":"SMITH"}],"neow_cost":"CURSE","seed_source_timestamp":312605825806900,"circlet_count":0,"master_deck":["Strike_B","Strike_B","Strike_B","Strike_B","Defend_B+1","Defend_B","Defend_B","Defend_B","Zap","Dualcast","Clumsy","All For One","Darkness","Gash","Coolheaded","Beam Cell","Coolheaded+1","Self Repair","Blizzard","Go for the Eyes","Cold Snap","Gash","Redo+1","Parasite","Buffer","Parasite","Regret","Writhe","Cold Snap","Redo+1","Loop","Madness"],"relics":["Cracked Core","Dead Branch","Gremlin Horn","Calling Bell","War Paint","Dodecahedron","Shovel"],"potions_floor_usage":[5,6,16,21],"damage_taken":[{"damage":6,"enemies":"Cultist","floor":1,"turns":3},{"damage":15,"enemies":"Jaw Worm","floor":2,"turns":4},{"damage":0,"enemies":"Small Slimes","floor":5,"turns":2},{"damage":16,"enemies":"Gremlin Nob","floor":6,"turns":3},{"damage":7,"enemies":"Blue Slaver","floor":7,"turns":3},{"damage":15,"enemies":"Large Slime","floor":10,"turns":9},{"damage":16,"enemies":"Red Slaver","floor":11,"turns":4},{"damage":1,"enemies":"Looter","floor":12,"turns":3},{"damage":34,"enemies":"Slime Boss","floor":16,"turns":8},{"damage":30,"enemies":"3 Byrds","floor":18,"turns":5},{"damage":17,"enemies":"Spheric Guardian","floor":19,"turns":7},{"damage":28,"enemies":"Shelled Parasite and Fungi","floor":21,"turns":9},{"damage":22,"enemies":"Colosseum Slavers","floor":22,"turns":3}],"seed_played":"9033088295404264330","potions_obtained":[{"floor":1,"key":"Regen Potion"},{"floor":5,"key":"LiquidBronze"},{"floor":12,"key":"GamblersBrew"},{"floor":19,"key":"Weak Potion"}],"is_trial":false,"path_per_floor":["M","M","$","?","M","E","M","$","T","M","M","M","R","?","R","B",null,"M","M","$","M","?"],"character_chosen":"DEFECT","items_purchased":["Coolheaded","Self Repair","Blizzard","Go for the Eyes","Loop","Madness"],"campfire_rested":1,"item_purchase_floors":[3,8,8,8,20,20],"current_hp_per_floor":[69,54,54,43,48,32,25,25,25,17,8,7,29,47,47,13,75,52,42,42,21,0],"gold":56,"neow_bonus":"THREE_RARE_CARDS","is_prod":false,"is_daily":false,"chose_seed":false,"campfire_upgraded":1,"win_rate":0.0,"timestamp":1559916697,"path_taken":["M","M","$","?","M","E","M","$","T","M","M","M","R","?","R","BOSS","M","M","$","M","?"],"build_version":"2019-01-23","purchased_purges":0,"victory":false,"max_hp_per_floor":[75,75,75,75,75,75,75,75,75,75,75,75,75,75,75,75,75,75,75,75,75,75],"card_choices":[{"not_picked":["Fission","Biased Cognition"],"picked":"All For One","floor":0},{"not_picked":["Compile Driver","Conserve Battery"],"picked":"Darkness","floor":1},{"not_picked":["Streamline","Stack"],"picked":"Gash","floor":2},{"not_picked":["Rip and Tear","Turbo"],"picked":"Beam Cell","floor":5},{"not_picked":["Rebound","Ball Lightning","Steam Power"],"picked":"SKIP","floor":6},{"not_picked":["Seek","Barrage"],"picked":"Coolheaded","floor":7},{"not_picked":["Static Discharge","Steam"],"picked":"Cold Snap","floor":10},{"not_picked":["Go for the Eyes","Sweeping Beam"],"picked":"Gash","floor":11},{"not_picked":["Beam Cell","Stack"],"picked":"Redo","floor":12},{"not_picked":["Rainbow","Amplify"],"picked":"Buffer","floor":16},{"not_picked":["Compile Driver","Sweeping Beam"],"picked":"Cold Snap","floor":18},{"not_picked":["Rebound","Aggregate"],"picked":"Redo+1","floor":19},{"not_picked":["Go for the Eyes","FTL+1","Steam"],"picked":"SKIP","floor":21}],"player_experience":66897,"relics_obtained":[{"floor":6,"key":"Dead Branch"},{"floor":9,"key":"Gremlin Horn"},{"floor":17,"key":"War Paint"},{"floor":17,"key":"Dodecahedron"},{"floor":17,"key":"Shovel"}],"event_choices":[{"damage_healed":0,"gold_gain":75,"player_choice":"Gather Gold","damage_taken":11,"max_hp_gain":0,"max_hp_loss":0,"event_name":"World of Goop","floor":4,"gold_loss":0},{"damage_healed":18,"gold_gain":0,"player_choice":"Healed and dodged fight","damage_taken":0,"max_hp_gain":0,"max_hp_loss":0,"event_name":"Mushrooms","floor":14,"gold_loss":0,"cards_obtained":["Parasite"]},{"damage_healed":0,"gold_gain":0,"player_choice":"Fight","damage_taken":0,"max_hp_gain":0,"max_hp_loss":0,"event_name":"Colosseum","floor":22,"gold_loss":0}],"is_beta":false,"boss_relics":[{"not_picked":["Black Star","FrozenCore"],"picked":"Calling Bell"}],"items_purged_floors":[],"is_endless":false,"potions_floor_spawned":[1,5,12,19],"killed_by":"Colosseum Slavers","ascension_level":0}