{"gold_per_floor":[111,111,111,122,122,162,162,186,209,107,146,167,205,219,219,308,308,332,352,25,25],"floor_reached":21,"playtime":1174,"items_purged":[],"score":448,"play_id":"b33616dc-ec51-42ef-8dd2-a549fe8e50fb","local_time":"20190524161821","is_ascension_mode":true,"campfire_choices":[{"data":"Leg Sweep","floor":7.0,"key":"SMITH"},{"floor":15.0,"key":"REST"}],"neow_cost":"NONE","seed_source_timestamp":0,"circlet_count":0,"master_deck":["AscendersBane","Defend_G","Defend_G","Defend_G","Defend_G","Strike_G","Strike_G","Strike_G","Strike_G","Strike_G","Survivor","Neutralize","Leg Sweep+1","After Image","Leg Sweep","Bouncing Flask","Bane","Backflip","Predator","Calculated Gamble","Catalyst","Corpse Explosion","Deadly Poison","Deadly Poison+1"],"special_seed":0,"relics":["Ring of the Snake","NeowsBlessing","Dream Catcher","Golden Idol","Letter Opener","Vajra","Matryoshka","Velvet Choker","Toxic Egg 2"],"potions_floor_usage":[21],"damage_taken":[{"damage":0.0,"enemies":"Jaw Worm","floor":1.0,"turns":1.0},{"damage":0.0,"enemies":"Cultist","floor":4.0,"turns":1.0},{"damage":0.0,"enemies":"Gremlin Nob","floor":6.0,"turns":1.0},{"damage":0.0,"enemies":"Small Slimes","floor":8.0,"turns":5.0},{"damage":13.0,"enemies":"3 Sentries","floor":11.0,"turns":14.0},{"damage":0.0,"enemies":"Blue Slaver","floor":12.0,"turns":6.0},{"damage":13.0,"enemies":"Lagavulin","floor":13.0,"turns":13.0},{"damage":3.0,"enemies":"Lots of Slimes","floor":14.0,"turns":5.0},{"damage":26.0,"enemies":"Hexaghost","floor":16.0,"turns":13.0},{"damage":16.0,"enemies":"Shell Parasite","floor":18.0,"turns":4.0},{"damage":12.0,"enemies":"3 Byrds","floor":19.0,"turns":4.0},{"damage":32,"enemies":"Cultist and Chosen","floor":21,"turns":4}],"seed_played":"-5853664878967508589","potions_obtained":[{"floor":1.0,"key":"SkillPotion"},{"floor":6.0,"key":"Strength Potion"},{"floor":11.0,"key":"Explosive Potion"},{"floor":13.0,"key":"Fire Potion"},{"floor":14.0,"key":"Dexterity Potion"}],"is_trial":false,"path_per_floor":["M","?","?","M","?","E","R","M","T","$","E","M","E","M","R","B",null,"M","M","$","M"],"character_chosen":"THE_SILENT","items_purchased":["Bouncing Flask","Bane","Toxic Egg 2","Deadly Poison+1"],"campfire_rested":1,"item_purchase_floors":[10,10,20,20],"current_hp_per_floor":[59,48,48,48,48,48,48,48,48,48,35,35,22,19,37,11,48,32,20,20,0],"gold":25,"neow_bonus":"THREE_ENEMY_KILL","is_prod":false,"is_daily":false,"chose_seed":false,"campfire_upgraded":1,"win_rate":0,"timestamp":1558739901,"path_taken":["M","?","?","?","?","E","R","M","T","$","E","M","E","M","R","BOSS","M","M","$","M"],"build_version":"2019-01-23","purchased_purges":0,"victory":false,"max_hp_per_floor":[66,66,66,66,60,60,60,60,60,60,60,60,60,60,60,60,60,60,60,60,60],"card_choices":[{"not_picked":["All Out Attack","Heel Hook"],"picked":"Leg Sweep","floor":1.0},{"not_picked":["Deflect","Slice","Underhanded Strike"],"picked":"SKIP","floor":4.0},{"not_picked":["Acrobatics","Caltrops"],"picked":"After Image","floor":6.0},{"not_picked":["Catalyst","Expertise"],"picked":"Leg Sweep","floor":8.0},{"not_picked":["Storm of Steel","Concentrate"],"picked":"Backflip","floor":11.0},{"not_picked":["Flechettes","Outmaneuver","Blade Dance"],"picked":"SKIP","floor":12.0},{"not_picked":["Expertise","Bane"],"picked":"Predator","floor":13.0},{"not_picked":["Blade Dance","Choke"],"picked":"Calculated Gamble","floor":14.0},{"not_picked":["Dodge and Roll","Terror"],"picked":"Catalyst","floor":15.0},{"not_picked":["Malaise","Doppelganger"],"picked":"Corpse Explosion","floor":16.0},{"not_picked":["Flying Knee","Dagger Throw"],"picked":"Deadly Poison","floor":18.0},{"not_picked":["Terror","Flying Knee","Deflect"],"picked":"SKIP","floor":19.0}],"player_experience":704026,"relics_obtained":[{"floor":6.0,"key":"Letter Opener"},{"floor":11.0,"key":"Vajra"},{"floor":13.0,"key":"Matryoshka"}],"event_choices":[{"damage_healed":0.0,"max_hp_gain":0.0,"max_hp_loss":0.0,"gold_gain":0.0,"event_name":"Scrap Ooze","player_choice":"Success","floor":2.0,"gold_loss":0.0,"damage_taken":11.0,"relics_obtained":["Dream Catcher"]},{"cards_removed":["Defend_G"],"damage_healed":0.0,"max_hp_gain":0.0,"max_hp_loss":0.0,"gold_gain":0.0,"event_name":"Bonfire Elementals","player_choice":"Offered Basic","floor":3.0,"gold_loss":0.0,"damage_taken":0.0},{"damage_healed":0.0,"max_hp_gain":0.0,"max_hp_loss":6.0,"gold_gain":0.0,"event_name":"Golden Idol","player_choice":"Lose Max HP","floor":5.0,"gold_loss":0.0,"damage_taken":0.0,"relics_obtained":["Golden Idol"]}],"is_beta":false,"boss_relics":[{"not_picked":["Runic Dome","Ectoplasm"],"picked":"Velvet Choker"}],"items_purged_floors":[],"is_endless":false,"potions_floor_spawned":[1,6,11,13,14],"killed_by":"Cultist and Chosen","ascension_level":20}