{"gold_per_floor":[209,219,29,41,41,74,74,109,155,188,188,38,49,49,49,150,150,166,166,48,66,66,66,98,108,108,108,120,136,136,59,59,162,162,172,185,199,215,37,66,66,79,79,79,95,128,128,157,157,157],"floor_reached":51,"playtime":2293,"items_purged":[],"score":943,"play_id":"aba46e57-8bc5-4c8b-9962-8ab876ec00d5","local_time":"20190604142154","is_ascension_mode":true,"campfire_choices":[{"data":"Juggernaut","floor":7.0,"key":"SMITH"},{"data":"Combust","floor":15,"key":"SMITH"},{"data":"Armaments","floor":23,"key":"SMITH"},{"data":"Entrench","floor":27,"key":"SMITH"},{"data":"Barricade","floor":30,"key":"SMITH"},{"data":"Inflame","floor":32,"key":"SMITH"},{"data":"Metallicize","floor":41,"key":"SMITH"},{"data":"Juggernaut","floor":47,"key":"SMITH"},{"data":"True Grit","floor":49,"key":"SMITH"}],"neow_cost":"NONE","seed_source_timestamp":311773513326554,"circlet_count":0,"master_deck":["Strike_R+1","Strike_R+1","Strike_R","Strike_R","Defend_R","Defend_R","Defend_R","Bash","Shrug It Off","Feel No Pain","Combust+1","Sword Boomerang","Juggernaut+1","Armaments+1","Feel No Pain","Barricade+1","Anger+1","Battle Trance+1","Metallicize+1","Shrug It Off+1","Battle Trance+1","Pommel Strike+1","Entrench+1","Inflame+1","Reaper","Metallicize+1","Whirlwind","Body Slam+1","Rupture","Shockwave+1","Parasite","Intimidate+1","Juggernaut+1","True Grit+1"],"special_seed":0,"relics":["Burning Blood","Bag of Marbles","Matryoshka","Lantern","Anchor","Blood Vial","Meat on the Bone","PreservedInsect","Mark of Pain","Whetstone","Orichalcum","Boot","Cursed Key","War Paint","Mummified Hand","Bottled Tornado","Bronze Scales","Letter Opener"],"potions_floor_usage":[13,16,29,35,38,50,50],"damage_taken":[{"damage":6.0,"enemies":"Cultist","floor":1.0,"turns":3.0},{"damage":1.0,"enemies":"2 Louse","floor":2.0,"turns":3.0},{"damage":4.0,"enemies":"Small Slimes","floor":4.0,"turns":3.0},{"damage":17.0,"enemies":"Gremlin Nob","floor":6.0,"turns":3.0},{"damage":19,"enemies":"Lagavulin","floor":8,"turns":8},{"damage":26,"enemies":"Gremlin Nob","floor":10,"turns":5},{"damage":8,"enemies":"Exordium Thugs","floor":13,"turns":3},{"damage":56,"enemies":"Hexaghost","floor":16,"turns":12},{"damage":24,"enemies":"Shell Parasite","floor":18,"turns":6},{"damage":15,"enemies":"2 Thieves","floor":21,"turns":4},{"damage":29,"enemies":"Book of Stabbing","floor":24,"turns":6},{"damage":14,"enemies":"Snecko","floor":25,"turns":6},{"damage":25,"enemies":"Centurion and Healer","floor":28,"turns":6},{"damage":12,"enemies":"Shelled Parasite and Fungi","floor":29,"turns":4},{"damage":40,"enemies":"Automaton","floor":33,"turns":9},{"damage":21,"enemies":"3 Darklings","floor":35,"turns":4},{"damage":4,"enemies":"3 Shapes","floor":36,"turns":5},{"damage":16,"enemies":"Spire Growth","floor":37,"turns":6},{"damage":5,"enemies":"4 Shapes","floor":38,"turns":5},{"damage":8,"enemies":"Nemesis","floor":40,"turns":5},{"damage":4,"enemies":"Maw","floor":42,"turns":6},{"damage":0,"enemies":"Transient","floor":45,"turns":5},{"damage":2,"enemies":"Giant Head","floor":46,"turns":5},{"damage":0,"enemies":"Reptomancer","floor":48,"turns":4},{"damage":5,"enemies":"Donu and Deca","floor":50,"turns":7}],"seed_played":"-6702577521176447384","potions_obtained":[{"floor":2.0,"key":"PowerPotion"},{"floor":4.0,"key":"EssenceOfSteel"},{"floor":13,"key":"FearPotion"},{"floor":21,"key":"SteroidPotion"},{"floor":24,"key":"Ancient Potion"},{"floor":33,"key":"BloodPotion"},{"floor":35,"key":"BloodPotion"},{"floor":38,"key":"Strength Potion"},{"floor":45,"key":"Block Potion"},{"floor":48,"key":"SkillPotion"}],"is_trial":false,"path_per_floor":["M","M","$","M","?","E","R","E","T","E","?","$","M","?","R","B",null,"M","?","$","M","?","R","E","M","T","R","M","M","R","$","R","B",null,"M","M","M","M","$","E","R","M","T","?","M","E","R","E","R","B",null],"character_chosen":"IRONCLAD","items_purchased":["Combust","Bag of Marbles","PreservedInsect","Battle Trance","Metallicize","Inflame","Rupture","War Paint"],"campfire_rested":0,"item_purchase_floors":[3,3,12,20,20,31,39,39],"current_hp_per_floor":[80,80,80,80,80,69,69,56,56,38,31,31,43,69,69,33,80,62,62,62,55,55,55,46,52,52,52,47,55,55,55,55,35,80,73,77,69,80,80,78,78,80,80,80,80,80,80,80,80,80],"gold":157,"neow_bonus":"HUNDRED_GOLD","is_prod":false,"is_daily":false,"chose_seed":false,"campfire_upgraded":9,"win_rate":1,"timestamp":1559676114,"path_taken":["M","M","?","M","?","E","R","E","T","E","?","$","M","?","R","BOSS","M","?","$","M","?","R","E","M","T","R","?","M","R","$","R","BOSS","M","M","M","?","$","E","R","M","T","?","M","E","R","E","R","BOSS"],"build_version":"2019-01-23","purchased_purges":0,"victory":true,"max_hp_per_floor":[80,80,80,80,80,80,80,80,80,80,80,80,80,80,80,80,80,80,80,80,80,80,80,80,80,80,80,80,80,80,80,80,80,80,80,80,80,80,80,80,80,80,80,80,80,80,80,80,80,80],"card_choices":[{"not_picked":["Cleave","Thunderclap"],"picked":"Shrug It Off","floor":1.0},{"not_picked":["Clothesline","Headbutt"],"picked":"Feel No Pain","floor":2.0},{"not_picked":["Rampage","Perfected Strike"],"picked":"Sword Boomerang","floor":4.0},{"not_picked":["Pummel","Rage"],"picked":"Juggernaut","floor":6.0},{"not_picked":["Dual Wield","Sword Boomerang"],"picked":"Armaments","floor":8},{"not_picked":["Armaments","Heavy Blade","Iron Wave"],"picked":"SKIP","floor":10},{"not_picked":["Armaments","Twin Strike"],"picked":"Feel No Pain","floor":13},{"not_picked":["Limit Break","Brutality"],"picked":"Barricade","floor":16},{"not_picked":["Perfected Strike","Sword Boomerang"],"picked":"Anger+1","floor":18},{"not_picked":["Headbutt","Anger+1"],"picked":"Shrug It Off+1","floor":21},{"not_picked":["Headbutt","Rage"],"picked":"Pommel Strike+1","floor":24},{"not_picked":["Fire Breathing","Body Slam"],"picked":"Entrench","floor":25},{"not_picked":["Iron Wave","Cleave+1","Anger"],"picked":"SKIP","floor":28},{"not_picked":["Sever Soul+1","Warcry","Clothesline"],"picked":"SKIP","floor":29},{"not_picked":["Berserk","Juggernaut"],"picked":"Reaper","floor":33},{"not_picked":["Heavy Blade","Clash+1","Clothesline+1"],"picked":"SKIP","floor":35},{"not_picked":["Warcry+1","Corruption+1"],"picked":"Metallicize+1","floor":36},{"not_picked":["Rage","Pummel"],"picked":"Whirlwind","floor":37},{"not_picked":["Clash","Fiend Fire"],"picked":"Body Slam+1","floor":38},{"not_picked":["Pommel Strike","Blood for Blood+1","Thunderclap"],"picked":"SKIP","floor":40},{"not_picked":["Body Slam+1","Sword Boomerang"],"picked":"Shockwave+1","floor":42},{"not_picked":["Thunderclap+1","Headbutt"],"picked":"Intimidate+1","floor":45},{"not_picked":["True Grit","Blood for Blood+1"],"picked":"Juggernaut","floor":46},{"not_picked":["Heavy Blade+1","Iron Wave+1"],"picked":"True Grit","floor":48}],"player_experience":2493,"relics_obtained":[{"floor":6.0,"key":"Matryoshka"},{"floor":8,"key":"Lantern"},{"floor":9,"key":"Anchor"},{"floor":9,"key":"Blood Vial"},{"floor":10,"key":"Meat on the Bone"},{"floor":24,"key":"Whetstone"},{"floor":26,"key":"Orichalcum"},{"floor":26,"key":"Boot"},{"floor":40,"key":"Mummified Hand"},{"floor":43,"key":"Bottled Tornado"},{"floor":46,"key":"Bronze Scales"},{"floor":48,"key":"Letter Opener"}],"event_choices":[{"damage_healed":0.0,"max_hp_gain":0.0,"max_hp_loss":0.0,"gold_gain":0.0,"event_name":"Scrap Ooze","player_choice":"Fled","floor":5.0,"gold_loss":0.0,"damage_taken":0.0},{"cards_removed":["Strike_R"],"damage_healed":0,"gold_gain":0,"player_choice":"Card Removal","damage_taken":7,"max_hp_gain":0,"max_hp_loss":0,"event_name":"Golden Wing","floor":11,"gold_loss":0},{"damage_healed":26,"gold_gain":0,"player_choice":"Banana","damage_taken":0,"max_hp_gain":0,"max_hp_loss":0,"event_name":"Big Fish","floor":14,"gold_loss":0},{"damage_healed":0,"gold_gain":0,"player_choice":"Ignored","damage_taken":0,"max_hp_gain":0,"max_hp_loss":0,"event_name":"The Mausoleum","floor":19,"gold_loss":0},{"damage_healed":0,"gold_gain":0,"player_choice":"Copied","damage_taken":0,"max_hp_gain":0,"max_hp_loss":0,"event_name":"Duplicator","floor":22,"gold_loss":0,"cards_obtained":["Battle Trance"]},{"cards_removed":["Defend_R"],"damage_healed":0,"gold_gain":0,"player_choice":"Removed Skill","damage_taken":0,"max_hp_gain":0,"max_hp_loss":0,"event_name":"Falling","floor":44,"gold_loss":0}],"is_beta":false,"boss_relics":[{"not_picked":["Runic Pyramid","Runic Cube"],"picked":"Mark of Pain"},{"not_picked":["Coffee Dripper","Snecko Eye"],"picked":"Cursed Key"}],"items_purged_floors":[],"is_endless":false,"potions_floor_spawned":[2,4,13,21,24,33,35,38,45,48],"ascension_level":1}