{"gold_per_floor":[110,125,143,123,135,135,161,173,199,211,233,210,236,282,294,410,422,416,428,450,462,474,486,413,425,437,449,478,536,548,586,598,705,767,793,818,830,858,881,918,930,971,983,995,1038,1074,1086,197,197,197,197,197,22,56,56],"floor_reached":55,"playtime":5466,"items_purged":["Strike_B","Strike_B"],"score":1145,"play_id":"51ba3e30-baf7-4e73-a83e-0fa7f8e07acd","local_time":"20190517023818","is_ascension_mode":true,"campfire_choices":[{"floor":6.0,"key":"REST"},{"data":"Zap","floor":10.0,"key":"SMITH"},{"data":"Dualcast","floor":15.0,"key":"SMITH"},{"data":"Capacitor","floor":23.0,"key":"SMITH"},{"data":"Creative AI","floor":25.0,"key":"SMITH"},{"data":"Echo Form","floor":27.0,"key":"SMITH"},{"data":"Loop","floor":32.0,"key":"SMITH"},{"floor":41.0,"key":"RECALL"},{"floor":49.0,"key":"REST"},{"data":"Rainbow","floor":52.0,"key":"SMITH"}],"neow_cost":"PERCENT_DAMAGE","seed_source_timestamp":0,"circlet_count":0,"master_deck":["Strike_B","Strike_B+1","Defend_B","Defend_B","Defend_B","Defend_B","Zap+1","Dualcast+1","FTL","Ball Lightning","Cold Snap","BootSequence","Conserve Battery","Cold Snap","Redo","Go for the Eyes","Self Repair","Rainbow+1","Coolheaded","Chill","Echo Form+1","Go for the Eyes","Leap+1","Echo Form","Chaos+1","Creative AI+1","RitualDagger","Capacitor+1","Loop+1","Electrodynamics","Amplify","Core Surge","Capacitor","Double Energy+1","Reinforced Body+1","Reprogram+1","Ball Lightning+1","Seek","Cold Snap+1","Madness","Madness","Meteor Strike+1","Consume+1","Leap","Loop","Fission"],"special_seed":0,"relics":["Cracked Core","Prayer Wheel","Potion Belt","MawBank","Lantern","Runic Pyramid","Centennial Puzzle","Boot","Dead Branch","Strawberry","Tiny House","PreservedInsect","Anchor","Molten Egg 2","Orichalcum","Bronze Scales","Nunchaku","Medical Kit","Oddly Smooth Stone"],"potions_floor_usage":[54],"damage_taken":[{"damage":5.0,"enemies":"Small Slimes","floor":1.0,"turns":3.0},{"damage":1.0,"enemies":"Cultist","floor":2.0,"turns":3.0},{"damage":2.0,"enemies":"Jaw Worm","floor":3.0,"turns":2.0},{"damage":1.0,"enemies":"Large Slime","floor":5.0,"turns":4.0},{"damage":14.0,"enemies":"Lagavulin","floor":7.0,"turns":8.0},{"damage":0.0,"enemies":"Red Slaver","floor":8.0,"turns":3.0},{"damage":1.0,"enemies":"2 Fungi Beasts","floor":11.0,"turns":2.0},{"damage":6.0,"enemies":"3 Louse","floor":13.0,"turns":3.0},{"damage":7.0,"enemies":"3 Sentries","floor":14.0,"turns":7.0},{"damage":12.0,"enemies":"Slime Boss","floor":16.0,"turns":18.0},{"damage":3.0,"enemies":"2 Thieves","floor":18.0,"turns":4.0},{"damage":2.0,"enemies":"Shell Parasite","floor":20.0,"turns":4.0},{"damage":0.0,"enemies":"Snecko","floor":28.0,"turns":4.0},{"damage":11.0,"enemies":"Gremlin Leader","floor":29.0,"turns":13.0},{"damage":26.0,"enemies":"Slavers","floor":31.0,"turns":3.0},{"damage":47.0,"enemies":"Automaton","floor":33.0,"turns":11.0},{"damage":9.0,"enemies":"Orb Walker","floor":35.0,"turns":4.0},{"damage":38.0,"enemies":"3 Darklings","floor":36.0,"turns":6.0},{"damage":24.0,"enemies":"Writhing Mass","floor":38.0,"turns":8.0},{"damage":5.0,"enemies":"4 Shapes","floor":39.0,"turns":5.0},{"damage":31.0,"enemies":"Nemesis","floor":40.0,"turns":9.0},{"damage":7.0,"enemies":"Reptomancer","floor":42.0,"turns":6.0},{"damage":3.0,"enemies":"Nemesis","floor":45.0,"turns":5.0},{"damage":13.0,"enemies":"Transient","floor":46.0,"turns":5.0},{"damage":47.0,"enemies":"Awakened One","floor":50.0,"turns":15.0},{"damage":63,"enemies":"Shield and Spear","floor":54,"turns":9},{"damage":85,"enemies":"The Heart","floor":55,"turns":3}],"seed_played":"-4280146854249558475","potions_obtained":[{"floor":2.0,"key":"Energy Potion"},{"floor":3.0,"key":"Weak Potion"},{"floor":4.0,"key":"Fire Potion"},{"floor":7.0,"key":"Weak Potion"},{"floor":11.0,"key":"EssenceOfSteel"},{"floor":14.0,"key":"EssenceOfSteel"},{"floor":16.0,"key":"Ancient Potion"},{"floor":20.0,"key":"Dexterity Potion"},{"floor":28.0,"key":"SpeedPotion"},{"floor":31.0,"key":"AttackPotion"},{"floor":34.0,"key":"Fire Potion"},{"floor":38.0,"key":"Fire Potion"},{"floor":39.0,"key":"Weak Potion"},{"floor":42.0,"key":"SkillPotion"},{"floor":54,"key":"SteroidPotion"}],"is_trial":false,"path_per_floor":["M","M","M","?","M","R","E","M","T","R","M","?","M","E","R","B",null,"M","?","M","?","?","R","?","R","T","R","M","E","?","E","R","B",null,"M","M","?","M","M","E","R","E","T","?","E","M","?","$","R","B",null,"R","$","E","B"],"character_chosen":"DEFECT","items_purchased":["Bronze Scales","Nunchaku","Regen Potion","Leap","Medical Kit","Loop","Regen Potion"],"campfire_rested":2,"item_purchase_floors":[48,48,48,48,48,48,53],"current_hp_per_floor":[45,44,42,42,41,63,49,49,49,49,48,66,67,67,67,62,72,75,75,75,69,69,69,69,69,69,69,69,72,72,53,53,13,70,61,30,76,59,68,44,44,51,51,41,38,25,25,25,47,29,64,64,64,23,0],"gold":56,"neow_bonus":"ONE_RARE_RELIC","is_prod":false,"is_daily":false,"chose_seed":false,"campfire_upgraded":7,"win_rate":0,"timestamp":1558085898,"path_taken":["M","M","M","?","M","R","E","M","T","R","?","?","M","E","R","BOSS","M","?","?","?","?","R","?","R","T","R","M","E","?","E","R","BOSS","M","M","?","M","M","E","R","E","T","?","E","M","?","$","R","BOSS","R","$","E","BOSS"],"build_version":"2019-01-23","purchased_purges":2,"victory":false,"max_hp_per_floor":[75,75,75,75,75,75,75,75,75,75,75,75,75,75,75,75,75,75,75,75,75,75,75,75,75,75,75,75,75,75,82,82,82,87,87,87,76,76,76,76,76,76,76,76,76,76,76,76,76,76,76,76,76,76,76],"card_choices":[{"not_picked":["Streamline","Sunder"],"picked":"FTL","floor":1.0},{"not_picked":["Streamline","Scrape","Turbo"],"picked":"SKIP","floor":1.0},{"not_picked":["Beam Cell","Storm"],"picked":"Ball Lightning","floor":2.0},{"not_picked":["Gash","Darkness"],"picked":"Cold Snap","floor":2.0},{"not_picked":["Gash","Undo"],"picked":"BootSequence","floor":3.0},{"not_picked":["Beam Cell","Gash"],"picked":"Conserve Battery","floor":3.0},{"not_picked":["Meteor Strike","Redo"],"picked":"Cold Snap","floor":5.0},{"not_picked":["Beam Cell","Turbo","Streamline"],"picked":"SKIP","floor":5.0},{"not_picked":["Rebound","Gash"],"picked":"Redo","floor":7.0},{"not_picked":["Force Field","BootSequence"],"picked":"Go for the Eyes","floor":8.0},{"not_picked":["Lockon","Steam","Scrape"],"picked":"SKIP","floor":8.0},{"not_picked":["Beam Cell","Sweeping Beam"],"picked":"Self Repair","floor":11.0},{"not_picked":["Self Repair","Streamline"],"picked":"Rainbow","floor":11.0},{"not_picked":["Sweeping Beam","Chaos"],"picked":"Coolheaded","floor":13.0},{"not_picked":["Steam","Streamline","Turbo"],"picked":"SKIP","floor":13.0},{"not_picked":["Undo","Double Energy"],"picked":"Chill","floor":14.0},{"not_picked":["Fission","Buffer"],"picked":"Echo Form","floor":16.0},{"not_picked":["Compile Driver+1","Coolheaded"],"picked":"Go for the Eyes","floor":18.0},{"not_picked":["Compile Driver+1","Stack"],"picked":"Leap+1","floor":18.0},{"not_picked":["Stack","Barrage"],"picked":"Chaos+1","floor":20.0},{"not_picked":["Cold Snap","Doom and Gloom"],"picked":"Creative AI","floor":20.0},{"not_picked":["Streamline+1","Coolheaded"],"picked":"Loop","floor":28.0},{"not_picked":["Blizzard","Streamline+1","Ball Lightning"],"picked":"SKIP","floor":28.0},{"not_picked":["Melter","Coolheaded"],"picked":"Electrodynamics","floor":29.0},{"not_picked":["Aggregate","Melter"],"picked":"Amplify","floor":31.0},{"not_picked":["Creative AI","Electrodynamics"],"picked":"Core Surge","floor":33.0},{"not_picked":["Lockon+1","Cold Snap+1"],"picked":"Capacitor","floor":35.0},{"not_picked":["Sweeping Beam","Hologram"],"picked":"Double Energy+1","floor":35.0},{"not_picked":["Turbo","Sunder"],"picked":"Reinforced Body+1","floor":36.0},{"not_picked":["Doom and Gloom+1","Gash+1","Sweeping Beam+1"],"picked":"SKIP","floor":36.0},{"not_picked":["Barrage+1","Turbo"],"picked":"Reprogram+1","floor":38.0},{"not_picked":["Streamline+1","Sweeping Beam+1"],"picked":"Ball Lightning+1","floor":38.0},{"not_picked":["Undo+1","Gash+1","Thunder Strike"],"picked":"SKIP","floor":39.0},{"not_picked":["Skim+1","Gash+1","Turbo+1"],"picked":"SKIP","floor":39.0},{"not_picked":["Barrage","Gash"],"picked":"Seek","floor":40.0},{"not_picked":["Compile Driver+1","Gash+1"],"picked":"Cold Snap+1","floor":42.0},{"not_picked":["Undo+1","Stack+1"],"picked":"Meteor Strike+1","floor":45.0},{"not_picked":["Ball Lightning+1","Gash+1"],"picked":"Consume+1","floor":46.0},{"not_picked":["Scrape+1","Reprogram","Beam Cell+1"],"picked":"SKIP","floor":46.0},{"not_picked":["Go for the Eyes+1","FTL+1"],"picked":"Fission","floor":54}],"player_experience":602920,"relics_obtained":[{"floor":7.0,"key":"Potion Belt"},{"floor":9.0,"key":"MawBank"},{"floor":14.0,"key":"Lantern"},{"floor":29.0,"key":"Boot"},{"floor":31.0,"key":"Strawberry"},{"floor":40.0,"key":"PreservedInsect"},{"floor":42.0,"key":"Anchor"},{"floor":43.0,"key":"Molten Egg 2"},{"floor":45.0,"key":"Orichalcum"},{"floor":54,"key":"Oddly Smooth Stone"}],"event_choices":[{"damage_healed":0.0,"max_hp_gain":0.0,"max_hp_loss":0.0,"gold_gain":0.0,"event_name":"The Woman in Blue","player_choice":"Bought 1 Potion","floor":4.0,"gold_loss":0.0,"damage_taken":0.0},{"damage_healed":18.0,"max_hp_gain":0.0,"max_hp_loss":0.0,"gold_gain":0.0,"event_name":"The Cleric","player_choice":"Healed","floor":12.0,"gold_loss":35.0,"damage_taken":0.0},{"damage_healed":0.0,"max_hp_gain":0.0,"max_hp_loss":0.0,"gold_gain":0.0,"event_name":"Duplicator","player_choice":"Copied","floor":19.0,"gold_loss":0.0,"damage_taken":0.0,"cards_obtained":["Echo Form"]},{"damage_healed":0.0,"max_hp_gain":0.0,"max_hp_loss":0.0,"gold_gain":0.0,"event_name":"Nest","player_choice":"Joined the Cult","floor":21.0,"gold_loss":0.0,"damage_taken":6.0,"cards_obtained":["RitualDagger"]},{"damage_healed":0.0,"max_hp_gain":0.0,"max_hp_loss":0.0,"gold_gain":0.0,"event_name":"The Library","player_choice":"Read","floor":22.0,"gold_loss":0.0,"damage_taken":0.0,"cards_obtained":["Capacitor"]},{"damage_healed":0.0,"max_hp_gain":0.0,"max_hp_loss":0.0,"gold_gain":0.0,"event_name":"Addict","player_choice":"Obtained Relic","floor":24.0,"gold_loss":85.0,"damage_taken":0.0,"relics_obtained":["Centennial Puzzle"]},{"damage_healed":0.0,"max_hp_gain":0.0,"max_hp_loss":0.0,"gold_gain":0.0,"event_name":"WeMeetAgain","player_choice":"Gave Potion","floor":30.0,"gold_loss":0.0,"damage_taken":0.0,"relics_obtained":["Dead Branch"]},{"damage_healed":76.0,"max_hp_gain":0.0,"max_hp_loss":11.0,"gold_gain":0.0,"event_name":"The Moai Head","player_choice":"Heal","floor":37.0,"gold_loss":0.0,"damage_taken":0.0},{"damage_healed":0.0,"max_hp_gain":0.0,"max_hp_loss":0.0,"gold_gain":0.0,"event_name":"Winding Halls","player_choice":"Embrace Madness","floor":44.0,"gold_loss":0.0,"damage_taken":10.0,"cards_obtained":["Madness","Madness"]},{"damage_healed":0.0,"max_hp_gain":0.0,"max_hp_loss":0.0,"gold_gain":0.0,"event_name":"Tomb of Lord Red Mask","player_choice":"Ignored","floor":47.0,"gold_loss":0.0,"damage_taken":0.0}],"is_beta":false,"boss_relics":[{"not_picked":["Astrolabe","Orrery"],"picked":"Runic Pyramid"},{"not_picked":["Philosopher\u0027s Stone","Snecko Eye"],"picked":"Tiny House"}],"items_purged_floors":[48,53],"is_endless":false,"potions_floor_spawned":[2,3,7,11,14,16,20,28,31,38,39,42,54],"killed_by":"The Heart","ascension_level":9}