{"gold_per_floor":[109,120,132,145,160,160,175,200,269,281,281,204,267,287,287,389,389,405,405,504,114,128,128,145,159,159,186,206,206,237,249,249,354,354,365,365,379,125,141,160,160,177,201,213,123,143,170,185,185,185,185,185,14,49,49],"floor_reached":55,"playtime":5508,"items_purged":["Strike_B","Parasite","Strike_B"],"score":862,"play_id":"2d92b900-89db-4764-91f3-ad390e4727d9","local_time":"20190110032035","is_ascension_mode":true,"campfire_choices":[{"data":"Zap","floor":6.0,"key":"SMITH"},{"data":"Dualcast","floor":11.0,"key":"SMITH"},{"floor":15.0,"key":"RECALL"},{"data":"Consume","floor":23.0,"key":"SMITH"},{"data":"Loop","floor":29.0,"key":"SMITH"},{"data":"Seek","floor":32.0,"key":"SMITH"},{"data":"Capacitor","floor":41.0,"key":"SMITH"},{"floor":49.0,"key":"REST"},{"data":"Capacitor","floor":52.0,"key":"SMITH"}],"neow_cost":"NONE","seed_source_timestamp":208680533079020,"circlet_count":0,"master_deck":["Strike_B+1","Strike_B+1","Defend_B","Defend_B","Defend_B","Defend_B","Zap+1","Dualcast+1","Cold Snap","Chill","Tempest","Glacier","Go for the Eyes","Barrage","Coolheaded","Loop+1","Skim","Capacitor+1","Seek+1","Consume+1","Lockon+1","FTL","Fusion","Conserve Battery","Machine Learning","Redo+1","Dualcast+1","Glacier","Capacitor+1","Force Field","Capacitor"],"special_seed":0,"relics":["Cracked Core","DataDisk","Centennial Puzzle","Pear","Art of War","Odd Mushroom","Busted Crown","MutagenicStrength","Cables","Whetstone","Unceasing Top","Smiling Mask","Nuclear Battery","PrismaticShard","Ancient Tea Set","Du-Vu Doll","Gremlin Horn"],"potions_floor_usage":[55],"damage_taken":[{"damage":1.0,"enemies":"Jaw Worm","floor":1.0,"turns":3.0},{"damage":0.0,"enemies":"2 Louse","floor":2.0,"turns":2.0},{"damage":0.0,"enemies":"Small Slimes","floor":3.0,"turns":2.0},{"damage":0.0,"enemies":"Red Slaver","floor":4.0,"turns":1.0},{"damage":2.0,"enemies":"Looter","floor":5.0,"turns":3.0},{"damage":1.0,"enemies":"2 Fungi Beasts","floor":7.0,"turns":3.0},{"damage":11.0,"enemies":"3 Sentries","floor":8.0,"turns":11.0},{"damage":1.0,"enemies":"Exordium Wildlife","floor":10.0,"turns":2.0},{"damage":5.0,"enemies":"Gremlin Nob","floor":13.0,"turns":3.0},{"damage":0.0,"enemies":"The Mushroom Lair","floor":14.0,"turns":5.0},{"damage":0.0,"enemies":"Slime Boss","floor":16.0,"turns":10.0},{"damage":0.0,"enemies":"Chosen","floor":18.0,"turns":6.0},{"damage":11.0,"enemies":"2 Thieves","floor":22.0,"turns":4.0},{"damage":0.0,"enemies":"Snecko","floor":24.0,"turns":4.0},{"damage":0.0,"enemies":"Shelled Parasite and Fungi","floor":25.0,"turns":7.0},{"damage":6.0,"enemies":"Slavers","floor":27.0,"turns":5.0},{"damage":5.0,"enemies":"Snake Plant","floor":28.0,"turns":4.0},{"damage":0.0,"enemies":"Book of Stabbing","floor":30.0,"turns":5.0},{"damage":0.0,"enemies":"Centurion and Healer","floor":31.0,"turns":6.0},{"damage":14.0,"enemies":"Collector","floor":33.0,"turns":9.0},{"damage":12.0,"enemies":"3 Darklings","floor":35.0,"turns":6.0},{"damage":7.0,"enemies":"3 Shapes","floor":37.0,"turns":3.0},{"damage":0.0,"enemies":"Writhing Mass","floor":39.0,"turns":4.0},{"damage":10.0,"enemies":"Spire Growth","floor":40.0,"turns":4.0},{"damage":1.0,"enemies":"Sphere and 2 Shapes","floor":42.0,"turns":5.0},{"damage":6.0,"enemies":"3 Darklings","floor":44.0,"turns":4.0},{"damage":9.0,"enemies":"Writhing Mass","floor":46.0,"turns":5.0},{"damage":0.0,"enemies":"Nemesis","floor":47.0,"turns":7.0},{"damage":1.0,"enemies":"Spire Growth","floor":48.0,"turns":4.0},{"damage":12.0,"enemies":"Awakened One","floor":50.0,"turns":16.0},{"damage":37.0,"enemies":"Shield and Spear","floor":54.0,"turns":11.0},{"damage":45,"enemies":"The Heart","floor":55,"turns":10}],"seed_played":"2155573631008901500","potions_obtained":[{"floor":1.0,"key":"Fire Potion"},{"floor":5.0,"key":"EntropicBrew"},{"floor":10.0,"key":"Dexterity Potion"},{"floor":16.0,"key":"PowerPotion"},{"floor":24.0,"key":"Ancient Potion"},{"floor":25.0,"key":"SkillPotion"},{"floor":27.0,"key":"Ancient Potion"},{"floor":40.0,"key":"SteroidPotion"},{"floor":44.0,"key":"SkillPotion"},{"floor":46.0,"key":"Fire Potion"},{"floor":48.0,"key":"LiquidBronze"}],"is_trial":false,"path_per_floor":["M","M","M","M","M","R","M","E","T","M","R","$","?","?","R","B",null,"M","?","?","$","M","R","M","M","T","E","M","R","E","M","R","B",null,"M","?","M","$","M","M","R","M","T","M","$","M","E","M","R","B",null,"R","$","E","B"],"character_chosen":"DEFECT","items_purchased":["Loop","Cables","Whetstone","PrismaticShard","Capacitor","Force Field","Capacitor"],"campfire_rested":1,"item_purchase_floors":[12,21,21,38,45,53,53],"current_hp_per_floor":[74,74,74,74,72,72,71,60,70,69,69,69,64,64,64,64,85,85,85,85,85,74,74,74,74,74,68,63,63,63,63,63,49,85,73,73,66,66,66,56,56,55,55,49,49,40,40,39,63,51,82,82,82,45,0],"gold":49,"neow_bonus":"RANDOM_COMMON_RELIC","is_prod":false,"is_daily":false,"chose_seed":false,"campfire_upgraded":7,"win_rate":0,"timestamp":1547119235,"path_taken":["M","M","M","M","M","R","M","E","T","M","R","$","?","?","R","BOSS","M","?","?","$","M","R","M","M","T","E","M","R","E","M","R","BOSS","M","?","M","$","M","M","R","M","T","M","$","M","E","?","R","BOSS","R","$","E","BOSS"],"build_version":"2019-01-03v4","purchased_purges":3,"victory":false,"max_hp_per_floor":[75,75,75,75,75,75,75,75,85,85,85,85,85,85,85,85,85,85,85,85,85,85,85,85,85,85,85,85,85,85,85,85,85,85,85,85,85,85,85,85,85,85,85,85,82,82,82,82,82,82,82,82,82,82,82],"card_choices":[{"not_picked":["Heatsinks","Hologram","Aggregate"],"picked":"SKIP","floor":1.0},{"not_picked":["Compile Driver","Steam"],"picked":"Cold Snap","floor":2.0},{"not_picked":["Gash","Auto Shields"],"picked":"Chill","floor":3.0},{"not_picked":["Turbo","Conserve Battery"],"picked":"Tempest","floor":4.0},{"not_picked":["Streamline","Genetic Algorithm"],"picked":"Glacier","floor":5.0},{"not_picked":["Static Discharge","Steam"],"picked":"Go for the Eyes","floor":7.0},{"not_picked":["Streamline","Thunder Strike"],"picked":"Barrage","floor":8.0},{"not_picked":["Hello World","Leap"],"picked":"Coolheaded","floor":10.0},{"not_picked":["Gash","Tempest"],"picked":"Skim","floor":13.0},{"not_picked":["Gash","Steam Power"],"picked":"Capacitor","floor":14.0},{"not_picked":["Fission","Biased Cognition"],"picked":"Seek","floor":16.0},{"not_picked":["Auto Shields"],"picked":"SKIP","floor":18.0},{"not_picked":[],"picked":"Consume","floor":22.0},{"not_picked":["Rip and Tear+1"],"picked":"SKIP","floor":24.0},{"not_picked":[],"picked":"Lockon+1","floor":25.0},{"not_picked":[],"picked":"FTL","floor":27.0},{"not_picked":["Steam"],"picked":"SKIP","floor":28.0},{"not_picked":[],"picked":"Fusion","floor":30.0},{"not_picked":[],"picked":"Conserve Battery","floor":31.0},{"not_picked":[],"picked":"Machine Learning","floor":33.0},{"not_picked":[],"picked":"Redo+1","floor":35.0},{"not_picked":["Turbo+1"],"picked":"SKIP","floor":37.0},{"not_picked":["Sever Soul"],"picked":"SKIP","floor":39.0},{"not_picked":[],"picked":"Glacier","floor":40.0},{"not_picked":["Streamline+1"],"picked":"SKIP","floor":42.0},{"not_picked":["Gash"],"picked":"SKIP","floor":44.0},{"not_picked":["Iron Wave"],"picked":"SKIP","floor":46.0},{"not_picked":["Undo+1"],"picked":"SKIP","floor":47.0},{"not_picked":["Rip and Tear"],"picked":"SKIP","floor":48.0},{"not_picked":["Streamline"],"picked":"SKIP","floor":54.0}],"player_experience":344839,"relics_obtained":[{"floor":8.0,"key":"Centennial Puzzle"},{"floor":9.0,"key":"Pear"},{"floor":13.0,"key":"Art of War"},{"floor":14.0,"key":"Odd Mushroom"},{"floor":27.0,"key":"Unceasing Top"},{"floor":30.0,"key":"Smiling Mask"},{"floor":43.0,"key":"Ancient Tea Set"},{"floor":47.0,"key":"Du-Vu Doll"},{"floor":54.0,"key":"Gremlin Horn"}],"event_choices":[{"damage_healed":0.0,"max_hp_gain":0.0,"max_hp_loss":0.0,"gold_gain":0.0,"event_name":"Dead Adventurer","player_choice":"Searched \u00272\u0027 times","floor":13.0,"gold_loss":0.0,"damage_taken":0.0},{"damage_healed":0.0,"max_hp_gain":0.0,"max_hp_loss":0.0,"gold_gain":0.0,"event_name":"Mushrooms","player_choice":"Fought Mushrooms","floor":14.0,"gold_loss":0.0,"damage_taken":0.0},{"damage_healed":0.0,"max_hp_gain":0.0,"max_hp_loss":0.0,"gold_gain":0.0,"event_name":"Drug Dealer","player_choice":"Inject Mutagens","floor":19.0,"gold_loss":0.0,"damage_taken":0.0,"relics_obtained":["MutagenicStrength"]},{"damage_healed":0.0,"max_hp_gain":0.0,"max_hp_loss":0.0,"gold_gain":99.0,"event_name":"Nest","player_choice":"Stole From Cult","floor":20.0,"gold_loss":0.0,"damage_taken":0.0},{"damage_healed":0.0,"max_hp_gain":0.0,"max_hp_loss":0.0,"gold_gain":0.0,"event_name":"Duplicator","player_choice":"Copied","floor":36.0,"gold_loss":0.0,"damage_taken":0.0,"cards_obtained":["Dualcast"]}],"is_beta":false,"boss_relics":[{"not_picked":["Fusion Hammer","Ectoplasm"],"picked":"Busted Crown"},{"not_picked":["Runic Dome","FrozenCore"],"picked":"Nuclear Battery"}],"items_purged_floors":[38,45,53],"is_endless":false,"potions_floor_spawned":[1,5,10,16,24,25,27,40,44,46,48],"killed_by":"The Heart","ascension_level":1}