{"gold_per_floor":[112,112,31,31,31,31,62,62,62,89,89,152,23,36,36,133,133,153,153,164,164,175,175,24,50,50,62,62,0,28,47,47,47],"floor_reached":33,"playtime":4463,"items_purged":["Regret","Strike_R"],"score":436,"play_id":"583a7e75-d6c1-4ec5-82af-b36f428b9856","local_time":"20190520142320","is_ascension_mode":true,"campfire_choices":[{"floor":6,"key":"RECALL"},{"data":"Mind Blast","floor":11,"key":"SMITH"},{"data":"Rampage","floor":15,"key":"SMITH"},{"floor":23,"key":"REST"},{"data":"Demon Form","floor":28,"key":"SMITH"},{"floor":32,"key":"REST"}],"neow_cost":"NONE","seed_source_timestamp":160288934400940,"circlet_count":0,"master_deck":["Strike_R","Strike_R","Defend_R","Defend_R","Defend_R+1","Defend_R","Bash","Infernal Blade","Mind Blast+1","Pummel+1","Clash","Rampage+1","Anger","Anger","Demon Form+1","Thunderclap+1","Perfected Strike","Armaments+1","Shrug It Off+1","Flex+1","Battle Trance+1","Flame Barrier+1"],"special_seed":0,"relics":["Black Blood","NeowsBlessing","Shuriken","Red Skull","Anchor","Ornamental Fan","Toxic Egg 2","Tiny Chest","Happy Flower","Bottled Lightning"],"potions_floor_usage":[12,16,22,25,30,33],"damage_taken":[{"damage":0.0,"enemies":"Cultist","floor":1.0,"turns":1.0},{"damage":0,"enemies":"3 Sentries","floor":7,"turns":1},{"damage":0,"enemies":"Lagavulin","floor":10,"turns":1},{"damage":15,"enemies":"3 Sentries","floor":12,"turns":6},{"damage":0,"enemies":"2 Louse","floor":14,"turns":2},{"damage":26,"enemies":"Hexaghost","floor":16,"turns":6},{"damage":8,"enemies":"Chosen","floor":18,"turns":4},{"damage":2,"enemies":"Shell Parasite","floor":20,"turns":3},{"damage":17,"enemies":"Shelled Parasite and Fungi","floor":22,"turns":5},{"damage":31,"enemies":"Slavers","floor":25,"turns":7},{"damage":32,"enemies":"Centurion and Healer","floor":27,"turns":6},{"damage":19,"enemies":"Gremlin Leader","floor":30,"turns":4},{"damage":20,"enemies":"Snake Plant","floor":31,"turns":4},{"damage":50,"enemies":"Collector","floor":33,"turns":7}],"seed_played":"4559463904730360615","potions_obtained":[{"floor":7,"key":"SpeedPotion"},{"floor":10,"key":"SkillPotion"},{"floor":16,"key":"Weak Potion"},{"floor":20,"key":"LiquidBronze"},{"floor":25,"key":"Poison Potion"},{"floor":31,"key":"Explosive Potion"}],"is_trial":false,"path_per_floor":["M","?","$","?","?","R","E","?","T","E","R","E","$","M","R","B",null,"M","?","M","?","M","R","$","E","T","M","R","?","E","M","R","B"],"character_chosen":"IRONCLAD","items_purchased":["Mind Blast","Anger","Shrug It Off+1"],"campfire_rested":2,"item_purchase_floors":[3,13,24],"current_hp_per_floor":[80,77,77,77,77,77,80,64,64,70,70,61,61,67,67,47,72,74,74,80,65,58,83,83,62,62,40,40,40,31,21,46,0],"gold":47,"neow_bonus":"THREE_ENEMY_KILL","is_prod":false,"is_daily":false,"chose_seed":false,"campfire_upgraded":3,"win_rate":0,"timestamp":1558355000,"path_taken":["M","?","$","?","?","R","E","?","T","E","R","E","$","M","R","BOSS","M","?","?","?","M","R","?","E","T","M","R","?","E","M","R","BOSS"],"build_version":"2019-05-07","purchased_purges":2,"victory":false,"max_hp_per_floor":[80,80,80,80,80,80,80,80,80,80,80,80,80,80,80,80,80,80,80,80,85,85,85,85,85,85,85,85,85,85,85,85,85],"card_choices":[{"not_picked":["Headbutt","Twin Strike"],"picked":"Infernal Blade","floor":1.0},{"not_picked":["Headbutt","Body Slam"],"picked":"Pummel","floor":7},{"not_picked":["Feed","Iron Wave"],"picked":"Clash","floor":10},{"not_picked":["Heavy Blade","Iron Wave"],"picked":"Rampage","floor":12},{"not_picked":["True Grit+1","Feel No Pain"],"picked":"Anger","floor":14},{"not_picked":["Reaper","Exhume+1"],"picked":"Demon Form","floor":16},{"not_picked":["Pummel","Body Slam"],"picked":"Thunderclap+1","floor":18},{"not_picked":["True Grit+1","Iron Wave","Rupture"],"picked":"SKIP","floor":20},{"not_picked":["Flex+1","Thunderclap"],"picked":"Armaments+1","floor":22},{"not_picked":["Corruption","Thunderclap+1"],"picked":"Flex+1","floor":25},{"not_picked":["Thunderclap","Warcry+1"],"picked":"Battle Trance+1","floor":27},{"not_picked":["Sword Boomerang","Infernal Blade+1","Clothesline"],"picked":"SKIP","floor":30},{"not_picked":["Sentinel+1","Rampage"],"picked":"Flame Barrier+1","floor":31}],"player_experience":301938,"relics_obtained":[{"floor":7,"key":"Anchor"},{"floor":9,"key":"Ornamental Fan"},{"floor":10,"key":"Toxic Egg 2"},{"floor":12,"key":"Tiny Chest"},{"floor":25,"key":"Happy Flower"},{"floor":30,"key":"Bottled Lightning"}],"event_choices":[{"damage_healed":0.0,"max_hp_gain":0.0,"max_hp_loss":0.0,"gold_gain":0.0,"event_name":"Scrap Ooze","player_choice":"Success","floor":2.0,"gold_loss":0.0,"damage_taken":3.0,"relics_obtained":["Shuriken"]},{"damage_healed":0.0,"max_hp_gain":0.0,"max_hp_loss":0.0,"gold_gain":0.0,"event_name":"Big Fish","player_choice":"Box","floor":4.0,"gold_loss":0.0,"damage_taken":0.0,"relics_obtained":["Red Skull"],"cards_obtained":["Regret"]},{"cards_removed":["Strike_R"],"damage_healed":0,"gold_gain":0,"player_choice":"Forget","damage_taken":0,"max_hp_gain":0,"max_hp_loss":0,"event_name":"Living Wall","floor":5,"gold_loss":0},{"damage_healed":0,"gold_gain":0,"player_choice":"Entered Light","damage_taken":16,"max_hp_gain":0,"max_hp_loss":0,"event_name":"Shining Light","floor":8,"gold_loss":0,"cards_upgraded":["Pummel","Defend_R"]},{"damage_healed":0,"gold_gain":0,"cards_transformed":["Strike_R"],"player_choice":"Transformed","damage_taken":0,"max_hp_gain":0,"max_hp_loss":0,"event_name":"Transmorgrifier","floor":19,"gold_loss":0,"cards_obtained":["Perfected Strike"]},{"damage_healed":0,"gold_gain":0,"player_choice":"Shed Blood","damage_taken":20,"max_hp_gain":5,"max_hp_loss":0,"event_name":"Forgotten Altar","floor":21,"gold_loss":0},{"damage_healed":0,"gold_gain":0,"player_choice":"Paid Fearfully","damage_taken":0,"max_hp_gain":0,"max_hp_loss":0,"event_name":"Masked Bandits","floor":29,"gold_loss":62}],"is_beta":true,"boss_relics":[{"not_picked":["Runic Pyramid","Mark of Pain"],"picked":"Black Blood"}],"items_purged_floors":[13,24],"is_endless":false,"potions_floor_spawned":[7,10,16,20,25,31],"killed_by":"Collector","ascension_level":5}