{"gold_per_floor":[115,190,190,209,359,359,393,413,413,413,431,431],"floor_reached":12,"playtime":612,"items_purged":[],"score":144,"play_id":"8c1c2f50-744d-48b3-9add-b162b801722f","local_time":"20190514110238","is_ascension_mode":true,"campfire_choices":[{"data":"Juggernaut","floor":6,"key":"SMITH"},{"floor":10,"key":"REST"}],"neow_cost":"TEN_PERCENT_HP_LOSS","seed_source_timestamp":12729111106960,"circlet_count":0,"master_deck":["AscendersBane","Strike_R","Strike_R","Strike_R","Strike_R","Strike_R","Defend_R","Defend_R","Defend_R","Defend_R","Bash","Juggernaut+1","Spot Weakness","Metallicize","Doubt","True Grit","Anger"],"relics":["Burning Blood","Sundial","Mummified Hand"],"potions_floor_usage":[12],"damage_taken":[{"damage":14,"enemies":"Jaw Worm","floor":1,"turns":5},{"damage":18,"enemies":"Small Slimes","floor":4,"turns":4},{"damage":27,"enemies":"Lagavulin","floor":7,"turns":8},{"damage":0,"enemies":"Cultist","floor":8,"turns":3},{"damage":16,"enemies":"3 Louse","floor":11,"turns":3},{"damage":34,"enemies":"Gremlin Nob","floor":12,"turns":4}],"seed_played":"-3458928417479864302","potions_obtained":[{"floor":1,"key":"EssenceOfSteel"},{"floor":11,"key":"SteroidPotion"}],"is_trial":false,"path_per_floor":["M","?","?","M","?","R","E","M","T","R","M","E"],"character_chosen":"IRONCLAD","items_purchased":[],"campfire_rested":1,"item_purchase_floors":[],"current_hp_per_floor":[60,49,49,37,37,37,16,22,22,42,32,0],"gold":431,"neow_bonus":"THREE_RARE_CARDS","is_prod":false,"is_daily":false,"chose_seed":false,"campfire_upgraded":1,"win_rate":0,"timestamp":1557824558,"path_taken":["M","?","?","M","?","R","E","M","T","R","M","E"],"build_version":"2019-01-23","purchased_purges":0,"victory":false,"max_hp_per_floor":[68,68,68,68,68,68,68,68,68,68,68,68],"card_choices":[{"not_picked":["Double Tap","Barricade"],"picked":"Juggernaut","floor":0},{"not_picked":["Perfected Strike","Shrug It Off"],"picked":"Spot Weakness","floor":1},{"not_picked":["Perfected Strike","Shrug It Off"],"picked":"Metallicize","floor":4},{"not_picked":["Clothesline","Wild Strike"],"picked":"True Grit","floor":7},{"not_picked":["Clothesline","Dual Wield","Twin Strike"],"picked":"SKIP","floor":8},{"not_picked":["Double Tap","Spot Weakness"],"picked":"Anger","floor":11}],"player_experience":175404,"relics_obtained":[{"floor":7,"key":"Sundial"},{"floor":9,"key":"Mummified Hand"}],"event_choices":[{"damage_healed":0,"gold_gain":75,"player_choice":"Gather Gold","damage_taken":11,"max_hp_gain":0,"max_hp_loss":0,"event_name":"World of Goop","floor":2,"gold_loss":0},{"damage_healed":0,"gold_gain":0,"player_choice":"Ignored","damage_taken":0,"max_hp_gain":0,"max_hp_loss":0,"event_name":"Golden Idol","floor":3,"gold_loss":0},{"damage_healed":0,"gold_gain":150,"player_choice":"AGREE","damage_taken":0,"max_hp_gain":0,"max_hp_loss":0,"event_name":"Liars Game","floor":5,"gold_loss":0,"cards_obtained":["Doubt"]}],"is_beta":false,"boss_relics":[],"items_purged_floors":[],"is_endless":false,"potions_floor_spawned":[1,11],"killed_by":"Gremlin Nob","ascension_level":17}