{"gold_per_floor":[116,131,131,144,144,179,179,197,197,197,216,216,216,282,282,384,384,399,131,146,207,221,221,253,253,253,303,303,11,11,38,38,139,139,151,166,64,114,439,464,464,464],"floor_reached":42,"playtime":2603,"items_purged":["Defend_B","Defend_B","Defend_B"],"score":587,"play_id":"835ca9a0-648f-4f8d-9a74-b250fbe49c3d","local_time":"20190414181010","is_ascension_mode":true,"campfire_choices":[{"data":"Creative AI","floor":7,"key":"SMITH"},{"data":"Zap","floor":10,"key":"SMITH"},{"data":"Dualcast","floor":12,"key":"SMITH"},{"data":"Conserve Battery","floor":15,"key":"SMITH"},{"data":"Defragment","floor":23,"key":"SMITH"},{"data":"Auto Shields","floor":25,"key":"SMITH"},{"floor":28,"key":"REST"},{"data":"Conserve Battery","floor":30,"key":"SMITH"},{"data":"Glacier","floor":32,"key":"SMITH"},{"data":"Regret","floor":41,"key":"PURGE"}],"neow_cost":"NONE","seed_source_timestamp":6869945659823,"circlet_count":0,"master_deck":["Defend_B","Zap+1","Dualcast+1","Reboot","Rip and Tear","Rebound","Conserve Battery+1","Creative AI+1","Ball Lightning","Conserve Battery+1","Reboot","Auto Shields+1","Glacier+1","Defragment+1","Doom and Gloom","Go for the Eyes+1","Hologram+1","Glacier+1","Double Energy+1","Defragment+1","Blizzard+1","Loop","Buffer"],"special_seed":0,"relics":["Cracked Core","Bird Faced Urn","Du-Vu Doll","SsserpentHead","Empty Cage","Girya","Molten Egg 2","Membership Card","Lantern","Peace Pipe","Coffee Dripper","Dream Catcher"],"potions_floor_usage":[2,8,24,31,31,33],"damage_taken":[{"damage":0,"enemies":"Small Slimes","floor":1,"turns":2},{"damage":0,"enemies":"Cultist","floor":2,"turns":2},{"damage":1,"enemies":"2 Louse","floor":4,"turns":2},{"damage":18,"enemies":"Lagavulin","floor":6,"turns":7},{"damage":13,"enemies":"Lots of Slimes","floor":8,"turns":11},{"damage":0,"enemies":"Gremlin Gang","floor":11,"turns":4},{"damage":6,"enemies":"Looter","floor":14,"turns":2},{"damage":56,"enemies":"Hexaghost","floor":16,"turns":9},{"damage":2,"enemies":"Chosen","floor":18,"turns":3},{"damage":10,"enemies":"Shell Parasite","floor":20,"turns":7},{"damage":25,"enemies":"Sentry and Sphere","floor":21,"turns":6},{"damage":8,"enemies":"Centurion and Healer","floor":22,"turns":10},{"damage":36,"enemies":"Book of Stabbing","floor":24,"turns":7},{"damage":14,"enemies":"Gremlin Leader","floor":31,"turns":7},{"damage":7,"enemies":"Champ","floor":33,"turns":10},{"damage":9,"enemies":"3 Shapes","floor":35,"turns":5},{"damage":10,"enemies":"3 Darklings","floor":36,"turns":6},{"damage":80,"enemies":"Nemesis","floor":40,"turns":7},{"damage":16,"enemies":"Writhing Mass","floor":42,"turns":1}],"seed_played":"4683305856596162909","potions_obtained":[{"floor":1,"key":"Fruit Juice"},{"floor":4,"key":"Explosive Potion"},{"floor":6,"key":"SpeedPotion"},{"floor":11,"key":"AttackPotion"},{"floor":16,"key":"Explosive Potion"},{"floor":20,"key":"FocusPotion"},{"floor":22,"key":"Regen Potion"},{"floor":31,"key":"Energy Potion"},{"floor":33,"key":"Strength Potion"},{"floor":40,"key":"LiquidBronze"}],"is_trial":false,"path_per_floor":["M","M","?","M","?","E","R","M","T","R","M","R","?","M","R","B",null,"M","$","M","M","M","R","E","R","T","?","R","$","R","E","R","B",null,"M","M","$","?","?","E","R","M"],"character_chosen":"DEFECT","items_purchased":["Glacier","Defragment","Doom and Gloom","Membership Card","Lantern","Fire Potion","Loop"],"campfire_rested":1,"item_purchase_floors":[19,19,19,29,29,29,37],"current_hp_per_floor":[75,80,80,79,72,54,54,80,80,80,80,80,80,74,74,42,80,78,78,80,57,51,51,40,40,40,40,64,64,64,60,60,75,80,76,74,74,74,74,8,8,0],"gold":464,"neow_bonus":"ONE_RANDOM_RARE_CARD","is_prod":false,"is_daily":false,"chose_seed":false,"campfire_upgraded":8,"win_rate":1,"timestamp":1555258210,"path_taken":["M","M","?","?","?","E","R","M","T","R","M","R","?","?","R","BOSS","M","$","M","?","M","R","E","R","T","?","R","?","R","E","R","BOSS","M","M","$","?","?","E","R","M"],"build_version":"2019-01-23","purchased_purges":3,"victory":false,"max_hp_per_floor":[75,80,80,80,80,80,80,80,80,80,80,80,80,80,80,80,80,80,80,80,80,80,80,80,80,80,80,80,80,80,80,80,80,80,80,80,80,80,80,80,80,80],"card_choices":[{"not_picked":["Rebound","Go for the Eyes"],"picked":"Rip and Tear","floor":1},{"not_picked":["Turbo","Force Field"],"picked":"Rebound","floor":2},{"not_picked":["Stack","Capacitor"],"picked":"Conserve Battery","floor":4},{"not_picked":["Rebound","Sweeping Beam"],"picked":"Creative AI","floor":6},{"not_picked":["Steam Power","Hello World","Hologram"],"picked":"SKIP","floor":8},{"not_picked":["Steam Power","Hello World","Hologram"],"picked":"SKIP","floor":8},{"not_picked":["Barrage","Streamline"],"picked":"Ball Lightning","floor":11},{"not_picked":["Compile Driver","Rip and Tear"],"picked":"Conserve Battery","floor":14},{"not_picked":["Echo Form","Multi-Cast"],"picked":"Reboot","floor":16},{"not_picked":["Heatsinks+1","Beam Cell"],"picked":"Auto Shields","floor":18},{"not_picked":["Coolheaded","Heatsinks"],"picked":"Go for the Eyes+1","floor":20},{"not_picked":["Cold Snap","Creative AI"],"picked":"Hologram+1","floor":21},{"not_picked":["Coolheaded+1","Redo+1"],"picked":"Glacier+1","floor":22},{"not_picked":["Darkness","Beam Cell"],"picked":"Double Energy+1","floor":24},{"not_picked":["Beam Cell+1","White Noise","Force Field"],"picked":"SKIP","floor":31},{"not_picked":["Cold Snap+1","Beam Cell+1"],"picked":"Blizzard+1","floor":35},{"not_picked":["Sweeping Beam+1","Melter+1","Go for the Eyes+1"],"picked":"SKIP","floor":36},{"not_picked":["Go for the Eyes+1","Compile Driver+1"],"picked":"Buffer","floor":40}],"player_experience":149055,"relics_obtained":[{"floor":6,"key":"Bird Faced Urn"},{"floor":9,"key":"Du-Vu Doll"},{"floor":24,"key":"Girya"},{"floor":26,"key":"Molten Egg 2"},{"floor":31,"key":"Peace Pipe"},{"floor":40,"key":"Dream Catcher"}],"event_choices":[{"cards_removed":["Strike_B"],"damage_healed":0,"gold_gain":0,"player_choice":"Offered Basic","damage_taken":0,"max_hp_gain":0,"max_hp_loss":0,"event_name":"Bonfire Elementals","floor":3,"gold_loss":0},{"cards_removed":["Strike_B"],"damage_healed":0,"gold_gain":0,"player_choice":"Card Removal","damage_taken":7,"max_hp_gain":0,"max_hp_loss":0,"event_name":"Golden Wing","floor":5,"gold_loss":0},{"damage_healed":0,"gold_gain":0,"player_choice":"Trade","damage_taken":0,"relics_obtained":["SsserpentHead"],"max_hp_gain":0,"max_hp_loss":0,"event_name":"FaceTrader","floor":13,"gold_loss":0},{"damage_healed":0,"gold_gain":0,"player_choice":"Copied","damage_taken":0,"max_hp_gain":0,"max_hp_loss":0,"event_name":"Duplicator","floor":27,"gold_loss":0,"cards_obtained":["Defragment"]},{"damage_healed":0,"gold_gain":0,"player_choice":"Ignored","damage_taken":0,"max_hp_gain":0,"max_hp_loss":0,"event_name":"Tomb of Lord Red Mask","floor":38,"gold_loss":0},{"damage_healed":0,"gold_gain":275,"player_choice":"Desecrate","damage_taken":0,"max_hp_gain":0,"max_hp_loss":0,"event_name":"Golden Shrine","floor":39,"gold_loss":0,"cards_obtained":["Regret"]}],"is_beta":false,"boss_relics":[{"not_picked":["Tiny House","Black Star"],"picked":"Empty Cage"},{"not_picked":["Eternal Feather","Inserter"],"picked":"Coffee Dripper"}],"items_purged_floors":[19,29,37],"is_endless":false,"potions_floor_spawned":[1,4,6,11,16,20,22,31,33,40],"killed_by":"Writhing Mass","ascension_level":3}