{"gold_per_floor":[113,130,144,144,144,172,172,192,192,209,61,61,61,77,77,179,179,189,239,339,339,359,359,359,369,369,369,385,385],"floor_reached":29,"playtime":9132,"items_purged":["Strike_B"],"score":270,"play_id":"89cdf0a6-2c78-4d58-8003-71a1de796889","local_time":"20181025144802","is_ascension_mode":true,"campfire_choices":[{"data":"Go for the Eyes","floor":7,"key":"SMITH"},{"data":"Genetic Algorithm","floor":13,"key":"SMITH"},{"floor":15,"key":"REST"},{"data":"Echo Form","floor":24,"key":"SMITH"},{"floor":27,"key":"REST"}],"neow_cost":"NONE","seed_source_timestamp":624950889249934,"circlet_count":0,"master_deck":["Strike_B","Strike_B","Strike_B","Defend_B","Defend_B","Defend_B+1","Defend_B","Zap","Dualcast","Go for the Eyes+1","Coolheaded+1","Genetic Algorithm+1","Beam Cell","Reinforced Body","Leap","FTL","Barrage","Echo Form+1","Sweeping Beam","Cold Snap+1","Capacitor"],"relics":["Cracked Core","NeowsBlessing","Ancient Tea Set","Kunai","Darkstone Periapt","Dodecahedron","Black Star","Sundial"],"potions_floor_usage":[6,8,8,10,14,16,16,23,29,29],"damage_taken":[{"damage":0,"enemies":"Cultist","floor":1,"turns":1},{"damage":0,"enemies":"Jaw Worm","floor":2,"turns":1},{"damage":0,"enemies":"Small Slimes","floor":3,"turns":1},{"damage":14,"enemies":"Lagavulin","floor":6,"turns":7},{"damage":7,"enemies":"Exordium Thugs","floor":8,"turns":5},{"damage":0,"enemies":"Exordium Wildlife","floor":10,"turns":3},{"damage":0,"enemies":"Lots of Slimes","floor":14,"turns":6},{"damage":36,"enemies":"Hexaghost","floor":16,"turns":12},{"damage":12,"enemies":"Spheric Guardian","floor":18,"turns":6},{"damage":1,"enemies":"Chosen","floor":22,"turns":8},{"damage":25,"enemies":"Slavers","floor":23,"turns":4},{"damage":10,"enemies":"Centurion and Healer","floor":25,"turns":8},{"damage":28,"enemies":"Shelled Parasite and Fungi","floor":28,"turns":12},{"damage":21,"enemies":"Masked Bandits","floor":29,"turns":4}],"seed_played":"3633390676474488714","potions_obtained":[{"floor":3,"key":"Poison Potion"},{"floor":6,"key":"EntropicBrew"},{"floor":8,"key":"SmokeBomb"},{"floor":10,"key":"Strength Potion"},{"floor":14,"key":"EssenceOfSteel"},{"floor":25,"key":"SteroidPotion"},{"floor":28,"key":"Swift Potion"}],"is_trial":false,"path_per_floor":["M","M","M","?","T","E","R","M","T","M","$","T","R","M","R","B",null,"M","?","?","?","M","E","R","M","T","R","M"],"character_chosen":"DEFECT","items_purchased":["FTL"],"campfire_rested":2,"item_purchase_floors":[11],"current_hp_per_floor":[75,75,75,60,60,46,46,39,39,39,39,39,39,39,61,25,75,63,63,63,63,62,37,37,27,27,49,21,0],"gold":385,"neow_bonus":"THREE_ENEMY_KILL","is_prod":false,"is_daily":false,"chose_seed":false,"campfire_upgraded":3,"win_rate":0,"timestamp":1540471682,"path_taken":["M","M","?","?","?","E","R","M","T","M","$","?","R","?","R","BOSS","M","?","?","?","M","E","R","M","T","R","M","?"],"build_version":"2018-10-18","purchased_purges":1,"victory":false,"max_hp_per_floor":[75,75,75,75,75,75,75,75,75,75,75,75,75,75,75,75,75,75,75,75,75,75,75,75,75,75,75,75,75],"card_choices":[{"not_picked":["Gash","Leap"],"picked":"Go for the Eyes","floor":1},{"not_picked":["Stack","Go for the Eyes"],"picked":"Coolheaded","floor":2},{"not_picked":["Beam Cell","Cold Snap"],"picked":"Genetic Algorithm","floor":3},{"not_picked":["Multi-Cast","Turbo"],"picked":"Beam Cell","floor":6},{"not_picked":["Gash","Aggregate"],"picked":"Reinforced Body","floor":8},{"not_picked":["Lockon","Steam"],"picked":"Leap","floor":10},{"not_picked":["Aggregate","Go for the Eyes"],"picked":"Barrage","floor":14},{"not_picked":["Biased Cognition","All For One"],"picked":"Echo Form","floor":16},{"not_picked":["Redo","Gash"],"picked":"Sweeping Beam","floor":18},{"not_picked":["Seek","Beam Cell+1"],"picked":"Cold Snap+1","floor":22},{"not_picked":["Redo","Cold Snap","Gash+1"],"picked":"SKIP","floor":25},{"not_picked":["Genetic Algorithm","Go for the Eyes"],"picked":"Capacitor","floor":28}],"player_experience":132004,"relics_obtained":[{"floor":5,"key":"Ancient Tea Set"},{"floor":6,"key":"Kunai"},{"floor":9,"key":"Darkstone Periapt"},{"floor":12,"key":"Dodecahedron"},{"floor":26,"key":"Sundial"}],"event_choices":[{"damage_healed":0,"gold_gain":0,"player_choice":"Entered Light","damage_taken":15,"max_hp_gain":0,"max_hp_loss":0,"event_name":"Shining Light","floor":4,"gold_loss":0,"cards_upgraded":["Defend_B","Coolheaded"]},{"damage_healed":0,"gold_gain":100,"player_choice":"Bet on Murderer","damage_taken":0,"max_hp_gain":0,"max_hp_loss":0,"event_name":"The Joust","floor":19,"gold_loss":50},{"damage_healed":0,"gold_gain":100,"player_choice":"Pray","damage_taken":0,"max_hp_gain":0,"max_hp_loss":0,"event_name":"Golden Shrine","floor":20,"gold_loss":0},{"damage_healed":0,"gold_gain":0,"player_choice":"Ignored","damage_taken":0,"max_hp_gain":0,"max_hp_loss":0,"event_name":"Vampires","floor":21,"gold_loss":0},{"damage_healed":0,"gold_gain":0,"player_choice":"Fought Bandits","damage_taken":0,"max_hp_gain":0,"max_hp_loss":0,"event_name":"Masked Bandits","floor":29,"gold_loss":0}],"is_beta":false,"boss_relics":[{"not_picked":["Eternal Feather","Sozu"],"picked":"Black Star"}],"items_purged_floors":[11],"is_endless":false,"potions_floor_spawned":[3,6,8,10,14,25,28],"killed_by":"Masked Bandits","ascension_level":2}