{"gold_per_floor":[118,2,2,2,18,45,63,89,89,120,145,157],"floor_reached":12,"playtime":898,"items_purged":[],"score":97,"play_id":"45924a92-f3c2-4401-b50a-ad50698a2f22","local_time":"20181025150341","is_ascension_mode":true,"campfire_choices":[],"neow_cost":"NONE","seed_source_timestamp":634115420304806,"circlet_count":0,"master_deck":["Strike_B","Strike_B","Strike_B","Defend_B","Defend_B","Defend_B","Defend_B","Zap","Dualcast","Static Discharge","Leap","Capacitor","Melter","Conserve Battery","Compile Driver","Recycle","Genetic Algorithm","Coolheaded"],"relics":["Cracked Core","PreservedInsect","Mango","Omamori","Regal Pillow","MawBank"],"potions_floor_usage":[],"damage_taken":[{"damage":4,"enemies":"Small Slimes","floor":1,"turns":3},{"damage":0,"enemies":"2 Louse","floor":5,"turns":2},{"damage":21,"enemies":"3 Sentries","floor":6,"turns":5},{"damage":3,"enemies":"Jaw Worm","floor":7,"turns":3},{"damage":15,"enemies":"Gremlin Nob","floor":10,"turns":4},{"damage":27,"enemies":"Large Slime","floor":11,"turns":7},{"damage":28,"enemies":"Lagavulin","floor":12,"turns":3}],"seed_played":"5708025359432207183","potions_obtained":[{"floor":6,"key":"SpeedPotion"}],"is_trial":false,"path_per_floor":["M","$","?","$","M","E","M","T","T","E","M"],"character_chosen":"DEFECT","items_purchased":["Capacitor","Melter"],"campfire_rested":0,"item_purchase_floors":[2,2],"current_hp_per_floor":[71,71,68,68,68,61,58,58,58,43,16,0],"gold":157,"neow_bonus":"TRANSFORM_CARD","is_prod":false,"is_daily":false,"chose_seed":false,"campfire_upgraded":0,"win_rate":0,"timestamp":1540472621,"path_taken":["M","$","?","$","M","E","M","?","T","E","M","E"],"build_version":"2018-10-18","purchased_purges":0,"victory":false,"max_hp_per_floor":[75,75,75,75,75,89,89,89,89,89,89,89],"card_choices":[{"not_picked":["Hologram","Rip and Tear"],"picked":"Leap","floor":1},{"not_picked":["Hologram","Redo"],"picked":"Conserve Battery","floor":5},{"not_picked":["Turbo","Capacitor"],"picked":"Compile Driver","floor":6},{"not_picked":["Capacitor","Redo"],"picked":"Recycle","floor":7},{"not_picked":["Gash","All For One"],"picked":"Genetic Algorithm","floor":10},{"not_picked":["Auto Shields","Undo"],"picked":"Coolheaded","floor":11}],"player_experience":141136,"relics_obtained":[{"floor":6,"key":"Mango"},{"floor":8,"key":"Omamori"},{"floor":9,"key":"Regal Pillow"},{"floor":10,"key":"MawBank"}],"event_choices":[{"damage_healed":0,"gold_gain":0,"player_choice":"Success","damage_taken":3,"relics_obtained":["PreservedInsect"],"max_hp_gain":0,"max_hp_loss":0,"event_name":"Scrap Ooze","floor":3,"gold_loss":0}],"is_beta":false,"boss_relics":[],"items_purged_floors":[],"is_endless":false,"potions_floor_spawned":[6],"killed_by":"Lagavulin","ascension_level":2}