{"gold_per_floor":[117,136,136,152,167,167,186,186,238,256,256,256,279,279,279,404,404,424,424,198,223,223,267,292,317,317,317,317,18,49,72,72,191,191,206,166,166,166,166,209,209,244,244,265,598,598,109,109,109,109],"floor_reached":51,"playtime":10891,"items_purged":["Defend_B","Defend_B","Writhe"],"score":796,"play_id":"55747288-d7a5-4a44-baeb-d2dfa4777db8","local_time":"20180914194359","is_ascension_mode":true,"campfire_choices":[{"data":"Multi-Cast","floor":6,"key":"SMITH"},{"data":"Zap","floor":8,"key":"SMITH"},{"data":"Static Discharge","floor":15,"key":"SMITH"},{"floor":32,"key":"REST"},{"data":"Conserve Battery","floor":41,"key":"SMITH"},{"floor":46,"key":"REST"},{"data":"Chill","floor":49,"key":"SMITH"}],"neow_cost":"","seed_source_timestamp":32700605492901,"circlet_count":0,"master_deck":["Strike_B","Zap+1","Dualcast+1","Steam","Turbo","Static Discharge+1","Multi-Cast+1","Conserve Battery+1","Auto Shields","Echo Form+1","Gash+1","FTL+1","Barrage+1","Chill+1","Sunder","Turbo+1","Doom and Gloom+1","Force Field","Ghostly","Ghostly+1","Ghostly","Ghostly","Ghostly","Lockon+1","Writhe","Darkness+1","Undo+1","Gash+1"],"relics":["Cracked Core","Dream Catcher","Astrolabe","Darkstone Periapt","Juzu Bracelet","Bag of Marbles","Bottled Tornado","Lantern","Strawberry","Calling Bell","Pen Nib","Gremlin Horn","Prayer Wheel","Toxic Egg 2","Bottled Lightning","Mercury Hourglass","Bottled Flame"],"potions_floor_usage":[13,16,16,30,30,31,40,44,48,50,50],"damage_taken":[{"damage":0,"enemies":"Cultist","floor":1,"turns":4},{"damage":0,"enemies":"Small Slimes","floor":2,"turns":3},{"damage":0,"enemies":"2 Louse","floor":4,"turns":3},{"damage":11,"enemies":"Lots of Slimes","floor":5,"turns":4},{"damage":0,"enemies":"Large Slime","floor":7,"turns":5},{"damage":1,"enemies":"Blue Slaver","floor":10,"turns":3},{"damage":3,"enemies":"Gremlin Gang","floor":13,"turns":4},{"damage":18,"enemies":"The Guardian","floor":16,"turns":6},{"damage":9,"enemies":"3 Byrds","floor":18,"turns":3},{"damage":15,"enemies":"Shell Parasite","floor":21,"turns":5},{"damage":30,"enemies":"Slavers","floor":23,"turns":6},{"damage":9,"enemies":"Snake Plant","floor":24,"turns":4},{"damage":0,"enemies":"Centurion and Healer","floor":25,"turns":4},{"damage":2,"enemies":"Book of Stabbing","floor":30,"turns":7},{"damage":0,"enemies":"Sentry and Sphere","floor":31,"turns":5},{"damage":4,"enemies":"Automaton","floor":33,"turns":7},{"damage":11,"enemies":"Orb Walker","floor":35,"turns":5},{"damage":0,"enemies":"Giant Head","floor":40,"turns":10},{"damage":4,"enemies":"2 Orb Walkers","floor":42,"turns":5},{"damage":1,"enemies":"3 Shapes","floor":44,"turns":4},{"damage":0,"enemies":"Spire Growth","floor":48,"turns":2},{"damage":6,"enemies":"Donu and Deca","floor":50,"turns":10}],"seed_played":"-3825743578960027762","potions_obtained":[{"floor":5,"key":"PowerPotion"},{"floor":7,"key":"Fire Potion"},{"floor":13,"key":"Poison Potion"},{"floor":25,"key":"FearPotion"},{"floor":30,"key":"Ancient Potion"},{"floor":31,"key":"SmokeBomb"},{"floor":33,"key":"FocusPotion"},{"floor":35,"key":"Ancient Potion"},{"floor":42,"key":"Fire Potion"}],"is_trial":false,"path_per_floor":["M","M","?","M","M","R","M","R","T","M","?","?","M","?","R","B",null,"M","?","$","M","?","E","M","M","T","?","?","$","E","M","R","B",null,"M","?","?","?","?","E","R","E","T","M","?","R","$","M","R","B"],"character_chosen":"DEFECT","items_purchased":["Juzu Bracelet","Lantern","SpeedPotion","EntropicBrew","Bottled Flame"],"campfire_rested":2,"item_purchase_floors":[20,29,29,47,47],"current_hp_per_floor":[75,75,75,75,64,64,64,64,64,63,63,45,42,42,42,24,75,66,66,66,51,44,14,5,5,5,5,5,5,10,10,23,19,62,51,51,51,51,51,51,51,47,47,46,46,62,62,62,62,56],"gold":109,"neow_bonus":"","is_prod":false,"is_daily":false,"chose_seed":false,"campfire_upgraded":5,"win_rate":0,"timestamp":1536947039,"path_taken":["M","M","?","M","M","R","M","R","T","M","?","?","?","?","R","BOSS","M","?","$","M","?","E","M","M","T","?","?","$","E","M","R","BOSS","M","?","?","?","?","E","R","E","T","M","?","R","$","M","R","BOSS"],"build_version":"2018-09-12","purchased_purges":3,"victory":true,"max_hp_per_floor":[75,75,75,75,75,75,75,75,75,75,75,75,75,75,75,75,75,75,75,75,75,75,75,75,75,75,75,37,37,44,44,44,44,62,62,62,62,62,62,62,62,62,62,62,62,62,62,62,62,62],"card_choices":[{"not_picked":["Rebound","Skim"],"picked":"Steam","floor":1},{"not_picked":["Beam Cell","Undo"],"picked":"Turbo","floor":2},{"not_picked":["Redo","Gash"],"picked":"Static Discharge","floor":4},{"not_picked":["Turbo","Consume"],"picked":"Multi-Cast","floor":5},{"not_picked":["Steam Power","Barrage"],"picked":"Conserve Battery","floor":7},{"not_picked":["Redo","Compile Driver"],"picked":"Auto Shields","floor":10},{"not_picked":["Sweeping Beam","Skim","Redo"],"picked":"SKIP","floor":13},{"not_picked":["All For One","Buffer"],"picked":"Echo Form","floor":16},{"not_picked":["Force Field","Redo"],"picked":"Reinforced Body+1","floor":18},{"not_picked":["Steam+1","Defragment"],"picked":"Chill","floor":21},{"not_picked":["Turbo+1","Undo"],"picked":"Sunder","floor":23},{"not_picked":["Cold Snap+1","Loop+1"],"picked":"Turbo+1","floor":24},{"not_picked":["Barrage","Hologram"],"picked":"Doom and Gloom+1","floor":25},{"not_picked":["Sweeping Beam","Beam Cell"],"picked":"Lockon+1","floor":30},{"not_picked":["Cold Snap","Conserve Battery+1","Sweeping Beam"],"picked":"SKIP","floor":31},{"not_picked":["Fusion+1","Streamline+1"],"picked":"Darkness+1","floor":35},{"not_picked":["Redo","Cold Snap+1"],"picked":"Undo+1","floor":35},{"not_picked":["Sweeping Beam+1","Core Surge","Reinforced Body+1"],"picked":"SKIP","floor":40},{"not_picked":["Turbo+1","Fusion+1","Meteor Strike"],"picked":"SKIP","floor":42},{"not_picked":["Streamline+1","Lockon+1","Beam Cell+1"],"picked":"SKIP","floor":44},{"not_picked":["Aggregate+1","Coolheaded+1","Cold Snap+1"],"picked":"SKIP","floor":44},{"not_picked":["Stack+1","Ball Lightning+1"],"picked":"Gash+1","floor":46}],"player_experience":167985,"relics_obtained":[{"floor":9,"key":"Dream Catcher"},{"floor":23,"key":"Bag of Marbles"},{"floor":26,"key":"Bottled Tornado"},{"floor":30,"key":"Strawberry"},{"floor":34,"key":"Pen Nib"},{"floor":34,"key":"Gremlin Horn"},{"floor":34,"key":"Prayer Wheel"},{"floor":40,"key":"Toxic Egg 2"},{"floor":42,"key":"Bottled Lightning"},{"floor":43,"key":"Mercury Hourglass"}],"event_choices":[{"event_name":"Liars Game","player_choice":"disagreed","floor":3,"damage_taken":0},{"event_name":"Bonfire Elementals","player_choice":"BASIC","floor":11,"damage_taken":0},{"event_name":"Golden Idol","player_choice":"Take Damage","floor":12,"damage_taken":0},{"event_name":"Living Wall","player_choice":"Grow","floor":14,"damage_taken":0},{"event_name":"The Mausoleum","player_choice":"Yes","floor":19,"damage_taken":0},{"event_name":"Wheel of Change","player_choice":"Damage","floor":22,"damage_taken":0},{"event_name":"Transmorgrifier","player_choice":"Transform","floor":27,"damage_taken":0},{"event_name":"Ghosts","player_choice":"Became a Ghost","floor":28,"damage_taken":0},{"event_name":"Designer","player_choice":"Upgrade 2 Random Cards","floor":36,"damage_taken":0},{"event_name":"Falling","player_choice":"Removed Skill","floor":37,"damage_taken":0},{"event_name":"SensoryStone","player_choice":"Memory 1","floor":38,"damage_taken":0},{"event_name":"Wheel of Change","player_choice":"Card Removal","floor":39,"damage_taken":0},{"event_name":"The Moai Head","player_choice":"Gave Idol","floor":45,"damage_taken":0}],"is_beta":true,"boss_relics":[{"not_picked":["Eternal Feather","Cursed Key"],"picked":"Astrolabe"},{"not_picked":["Black Star","Coffee Dripper"],"picked":"Calling Bell"}],"items_purged_floors":[20,29,47],"is_endless":false,"potions_floor_spawned":[5,7,13,25,30,31,33,35,42,48],"ascension_level":1}