{"gold_per_floor":[20,40,60,160,176,176,30,45,45,65,78,96,130,27,27,125,125,138,156,83,102,102,102,131,146,146,146,61,61,73,83,83,182,182,193,193,204,304,304,304,337,239,239,239,239,239,254,269,269,269],"floor_reached":50,"playtime":3849,"items_purged":[],"score":819,"play_id":"037d947b-d398-48a8-bd6a-41a178051bc6","local_time":"20190509140034","is_ascension_mode":true,"campfire_choices":[{"data":"Footwork","floor":6.0,"key":"SMITH"},{"data":"Leg Sweep","floor":15.0,"key":"SMITH"},{"floor":23.0,"key":"REST"},{"data":"Doppelganger","floor":27.0,"key":"SMITH"},{"data":"Doppelganger","floor":32.0,"key":"SMITH"},{"data":"Bouncing Flask","floor":40.0,"key":"SMITH"},{"data":"Strike_G","floor":44.0,"key":"PURGE"},{"floor":46.0,"key":"RECALL"},{"floor":49.0,"key":"REST"}],"neow_cost":"NO_GOLD","seed_source_timestamp":0,"circlet_count":0,"master_deck":["AscendersBane","Defend_G","Defend_G","Defend_G","Defend_G","Defend_G","Strike_G","Strike_G+1","Strike_G","Survivor","Neutralize+1","Backflip","PiercingWail","Crippling Poison","Footwork+1","PiercingWail","Cloak And Dagger","Calculated Gamble","Bouncing Flask+1","Leg Sweep+1","Cloak And Dagger","Caltrops","Doppelganger+1","Dodge and Roll+1","Well Laid Plans","Cloak And Dagger+1","J.A.X.","Blur+1","Cloak And Dagger","Acrobatics+1","Doppelganger+1","After Image","Blur","Crippling Poison","Prepared+1","Sucker Punch","Blade Dance+1","Flash of Steel","Caltrops+1"],"special_seed":0,"relics":["Ring of the Snake","Bronze Scales","Ninja Scroll","Whetstone","WristBlade","Incense Burner","Meat on the Bone","Mercury Hourglass","Orrery","Peace Pipe","Sundial","Bag of Marbles"],"potions_floor_usage":[50],"damage_taken":[{"damage":0.0,"enemies":"2 Louse","floor":1.0,"turns":4.0},{"damage":1.0,"enemies":"Cultist","floor":2.0,"turns":5.0},{"damage":6.0,"enemies":"Jaw Worm","floor":3.0,"turns":6.0},{"damage":9.0,"enemies":"Looter","floor":5.0,"turns":4.0},{"damage":0.0,"enemies":"2 Fungi Beasts","floor":8.0,"turns":5.0},{"damage":0.0,"enemies":"Gremlin Gang","floor":10.0,"turns":4.0},{"damage":6.0,"enemies":"Looter","floor":11.0,"turns":4.0},{"damage":8.0,"enemies":"3 Louse","floor":12.0,"turns":3.0},{"damage":8.0,"enemies":"Lagavulin","floor":13.0,"turns":9.0},{"damage":28.0,"enemies":"Slime Boss","floor":16.0,"turns":14.0},{"damage":9.0,"enemies":"Spheric Guardian","floor":18.0,"turns":7.0},{"damage":0.0,"enemies":"Chosen","floor":19.0,"turns":4.0},{"damage":21.0,"enemies":"3 Cultists","floor":21.0,"turns":7.0},{"damage":15.0,"enemies":"Slavers","floor":24.0,"turns":7.0},{"damage":0.0,"enemies":"Centurion and Healer","floor":25.0,"turns":10.0},{"damage":0.0,"enemies":"Snecko","floor":30.0,"turns":5.0},{"damage":1.0,"enemies":"Sentry and Sphere","floor":31.0,"turns":6.0},{"damage":30.0,"enemies":"Collector","floor":33.0,"turns":15.0},{"damage":0.0,"enemies":"3 Shapes","floor":35.0,"turns":6.0},{"damage":5.0,"enemies":"3 Darklings","floor":37.0,"turns":8.0},{"damage":0.0,"enemies":"Mind Bloom Boss Battle","floor":38.0,"turns":7.0},{"damage":39.0,"enemies":"Giant Head","floor":41.0,"turns":11.0},{"damage":3.0,"enemies":"4 Shapes","floor":47.0,"turns":5.0},{"damage":27.0,"enemies":"Spire Growth","floor":48.0,"turns":5.0},{"damage":60,"enemies":"Awakened One","floor":50,"turns":7}],"seed_played":"9050364352402530158","potions_obtained":[{"floor":1.0,"key":"Swift Potion"},{"floor":5.0,"key":"GamblersBrew"},{"floor":11.0,"key":"Swift Potion"},{"floor":12.0,"key":"PowerPotion"},{"floor":16.0,"key":"Poison Potion"},{"floor":24.0,"key":"Regen Potion"},{"floor":33.0,"key":"Energy Potion"},{"floor":37.0,"key":"Poison Potion"},{"floor":41.0,"key":"Swift Potion"},{"floor":47.0,"key":"LiquidBronze"}],"is_trial":false,"path_per_floor":["M","M","M","?","M","R","$","M","T","M","M","M","E","$","R","B",null,"M","M","$","M","?","R","E","M","T","R","?","$","M","M","R","B",null,"M","?","M","?","?","R","E","$","T","R","T","R","M","M","R","B"],"character_chosen":"THE_SILENT","items_purchased":["Bronze Scales","Cloak And Dagger","Caltrops","Well Laid Plans","Flash of Steel"],"campfire_rested":2,"item_purchase_floors":[7,14,14,20,42],"current_hp_per_floor":[77,76,70,70,61,61,61,61,61,61,55,47,39,39,39,11,66,57,57,57,36,36,61,46,46,46,46,46,46,46,45,45,42,74,74,74,69,69,69,69,42,42,42,42,42,42,51,36,60,0],"gold":269,"neow_bonus":"TWENTY_PERCENT_HP_BONUS","is_prod":false,"is_daily":false,"chose_seed":false,"campfire_upgraded":5,"win_rate":0,"timestamp":1557435634,"path_taken":["M","M","M","?","M","R","$","M","T","M","M","M","E","$","R","BOSS","M","M","$","?","?","R","E","M","T","R","?","$","M","M","R","BOSS","M","?","?","?","?","R","E","$","T","R","?","R","M","M","R","BOSS"],"build_version":"2019-01-23","purchased_purges":0,"victory":false,"max_hp_per_floor":[84,84,84,84,84,84,84,84,84,84,84,84,84,84,84,84,84,84,84,84,84,84,84,84,84,84,84,84,84,84,84,84,84,84,84,84,84,84,80,80,80,80,80,80,80,80,80,80,80,80],"card_choices":[{"not_picked":["Outmaneuver","Deflect"],"picked":"Backflip","floor":1.0},{"not_picked":["All Out Attack","Poisoned Stab"],"picked":"PiercingWail","floor":2.0},{"not_picked":["PiercingWail","Blade Dance"],"picked":"Crippling Poison","floor":3.0},{"not_picked":["Cloak And Dagger","Backflip"],"picked":"Footwork","floor":5.0},{"not_picked":["Acrobatics","Grand Finale"],"picked":"PiercingWail","floor":8.0},{"not_picked":["Predator","Acrobatics"],"picked":"Cloak And Dagger","floor":10.0},{"not_picked":["Poisoned Stab","Blade Dance"],"picked":"Calculated Gamble","floor":11.0},{"not_picked":["Backflip","Heel Hook"],"picked":"Bouncing Flask","floor":12.0},{"not_picked":["Acrobatics","Dagger Spray"],"picked":"Leg Sweep","floor":13.0},{"not_picked":["Tools of the Trade","A Thousand Cuts"],"picked":"Doppelganger","floor":16.0},{"not_picked":["Dagger Spray","Poisoned Stab"],"picked":"Dodge and Roll+1","floor":18.0},{"not_picked":["Choke","Poisoned Stab","Heel Hook"],"picked":"SKIP","floor":19.0},{"not_picked":["Dodge and Roll+1","Flying Knee"],"picked":"Cloak And Dagger+1","floor":21.0},{"not_picked":["Dodge and Roll","Caltrops"],"picked":"Blur+1","floor":24.0},{"not_picked":["Outmaneuver","Dagger Spray"],"picked":"Cloak And Dagger","floor":25.0},{"not_picked":["Deflect","Dodge and Roll"],"picked":"Acrobatics+1","floor":30.0},{"not_picked":["Sucker Punch","Expertise"],"picked":"Doppelganger","floor":31.0},{"not_picked":["Tools of the Trade","Doppelganger"],"picked":"After Image","floor":33.0},{"not_picked":["Backflip","Cloak And Dagger"],"picked":"Blur","floor":34.0},{"not_picked":["Bane+1","Dagger Spray"],"picked":"Crippling Poison","floor":34.0},{"not_picked":["Phantasmal Killer","Blade Dance"],"picked":"Prepared+1","floor":34.0},{"not_picked":["Sucker Punch","Underhanded Strike","Dagger Throw"],"picked":"SKIP","floor":35.0},{"not_picked":["Prepared","Accuracy"],"picked":"Blade Dance+1","floor":37.0},{"not_picked":["Skewer+1","Well Laid Plans","Cloak And Dagger"],"picked":"SKIP","floor":41.0},{"not_picked":["Finisher+1","Die Die Die"],"picked":"Caltrops+1","floor":47.0},{"not_picked":["Acrobatics+1","Deadly Poison+1","Sucker Punch+1"],"picked":"SKIP","floor":48.0}],"player_experience":585738,"relics_obtained":[{"floor":9.0,"key":"Ninja Scroll"},{"floor":13.0,"key":"Whetstone"},{"floor":24.0,"key":"Incense Burner"},{"floor":26.0,"key":"Meat on the Bone"},{"floor":38.0,"key":"Peace Pipe"},{"floor":41.0,"key":"Sundial"},{"floor":45.0,"key":"Bag of Marbles"}],"event_choices":[{"damage_healed":0.0,"max_hp_gain":0.0,"max_hp_loss":0.0,"gold_gain":100.0,"event_name":"Golden Shrine","player_choice":"Pray","floor":4.0,"gold_loss":0.0,"damage_taken":0.0},{"damage_healed":0.0,"max_hp_gain":0.0,"max_hp_loss":0.0,"gold_gain":0.0,"event_name":"Drug Dealer","player_choice":"Obtain J.A.X.","floor":22.0,"gold_loss":0.0,"damage_taken":0.0,"cards_obtained":["J.A.X."]},{"damage_healed":0.0,"max_hp_gain":0.0,"max_hp_loss":0.0,"gold_gain":0.0,"event_name":"Addict","player_choice":"Obtained Relic","floor":28.0,"gold_loss":85.0,"damage_taken":0.0,"relics_obtained":["Mercury Hourglass"]},{"damage_healed":0.0,"max_hp_gain":0.0,"max_hp_loss":0.0,"gold_gain":0.0,"cards_transformed":["Strike_G"],"event_name":"Transmorgrifier","player_choice":"Transformed","floor":36.0,"gold_loss":0.0,"damage_taken":0.0,"cards_obtained":["Sucker Punch"]},{"damage_healed":0.0,"max_hp_gain":0.0,"max_hp_loss":0.0,"gold_gain":0.0,"event_name":"MindBloom","player_choice":"Fight","floor":38.0,"gold_loss":0.0,"damage_taken":0.0},{"damage_healed":0.0,"max_hp_gain":0.0,"max_hp_loss":4.0,"gold_gain":0.0,"event_name":"Winding Halls","player_choice":"Max HP","floor":39.0,"gold_loss":0.0,"damage_taken":0.0}],"is_beta":false,"boss_relics":[{"not_picked":["Runic Pyramid","Astrolabe"],"picked":"WristBlade"},{"not_picked":["Lizard Tail","HoveringKite"],"picked":"Orrery"}],"items_purged_floors":[],"is_endless":false,"potions_floor_spawned":[1,5,11,12,13,16,24,25,31,33,37,41,47],"killed_by":"Awakened One","ascension_level":11}