{"gold_per_floor":[117,130,22,22,36,36,47,10,35,35,48,77,77,77,77,178,178,178,178,178,178,178,178,31,31,31,31,31,31,31,31],"floor_reached":31,"playtime":1483,"items_purged":["Strike_G"],"score":282,"play_id":"79cc31c8-6199-4a8d-ab77-e8deaa363403","local_time":"20190518224359","is_ascension_mode":true,"campfire_choices":[{"data":"Catalyst","floor":6.0,"key":"SMITH"},{"data":"Night Terror","floor":13.0,"key":"SMITH"},{"floor":15.0,"key":"REST"},{"floor":23,"key":"REST"},{"data":"After Image","floor":25,"key":"SMITH"},{"floor":28,"key":"REST"}],"neow_cost":"NONE","seed_source_timestamp":270182749118799,"circlet_count":0,"master_deck":["Defend_G","Defend_G","Defend_G","Defend_G","Defend_G","Strike_G","Strike_G","Strike_G","Strike_G","Survivor","Neutralize","Bane","Catalyst+1","Noxious Fumes+1","Escape Plan","Bane","Noxious Fumes","Backflip","Night Terror+1","After Image+1","Deadly Poison+1","Footwork","Bouncing Flask+1","Distraction+1"],"special_seed":0,"relics":["Ring of the Snake","NeowsBlessing","Regal Pillow","Ectoplasm","Dream Catcher","Molten Egg 2","MutagenicStrength"],"potions_floor_usage":[16,20,22,22,31],"damage_taken":[{"damage":0.0,"enemies":"Small Slimes","floor":1.0,"turns":1.0},{"damage":0.0,"enemies":"Cultist","floor":2.0,"turns":1.0},{"damage":0.0,"enemies":"2 Louse","floor":5.0,"turns":1.0},{"damage":17.0,"enemies":"Gremlin Gang","floor":7.0,"turns":4.0},{"damage":14.0,"enemies":"Lots of Slimes","floor":11.0,"turns":4.0},{"damage":13.0,"enemies":"3 Sentries","floor":12.0,"turns":5.0},{"damage":30,"enemies":"Hexaghost","floor":16,"turns":8},{"damage":10,"enemies":"Shell Parasite","floor":18,"turns":6},{"damage":7,"enemies":"3 Byrds","floor":20,"turns":3},{"damage":21,"enemies":"Centurion and Healer","floor":21,"turns":7},{"damage":7,"enemies":"Cultist and Chosen","floor":22,"turns":8},{"damage":48,"enemies":"Chosen and Byrds","floor":27,"turns":6},{"damage":54,"enemies":"Slavers","floor":31,"turns":3}],"seed_played":"-3390684192804405105","potions_obtained":[{"floor":2.0,"key":"Explosive Potion"},{"floor":10.0,"key":"SpeedPotion"},{"floor":10.0,"key":"EssenceOfSteel"},{"floor":10.0,"key":"SpeedPotion"},{"floor":12.0,"key":"Swift Potion"},{"floor":16,"key":"Fire Potion"},{"floor":18,"key":"LiquidBronze"},{"floor":27,"key":"Explosive Potion"}],"is_trial":false,"path_per_floor":["M","M","$","?","M","R","M","$","T","?","M","E","R","?","R","B",null,"M","?","M","M","M","R","$","R","T","M","R","?","?","E"],"character_chosen":"THE_SILENT","items_purchased":["Noxious Fumes","Escape Plan","Noxious Fumes","Footwork"],"campfire_rested":3,"item_purchase_floors":[3,3,8,24],"current_hp_per_floor":[70,70,70,70,70,70,53,53,53,53,39,26,26,26,62,32,70,60,60,53,32,25,61,61,61,61,13,49,49,49,0],"gold":31,"neow_bonus":"THREE_ENEMY_KILL","is_prod":false,"is_daily":false,"chose_seed":false,"campfire_upgraded":3,"win_rate":0,"timestamp":1558212239,"path_taken":["M","M","$","?","?","R","M","?","T","?","?","E","R","?","R","BOSS","M","?","M","?","M","R","?","R","T","M","R","?","?","E"],"build_version":"2019-05-07","purchased_purges":1,"victory":false,"max_hp_per_floor":[70,70,70,70,70,70,70,70,70,70,70,70,70,70,70,70,70,70,70,70,70,70,70,70,70,70,70,70,70,70,70],"card_choices":[{"not_picked":["Sucker Punch","Predator"],"picked":"Bane","floor":1.0},{"not_picked":["Deadly Poison","Underhanded Strike"],"picked":"Catalyst","floor":2.0},{"not_picked":["Riddle With Holes","PiercingWail"],"picked":"Bane","floor":5.0},{"not_picked":["Eviscerate","Bane","Blade Dance"],"picked":"SKIP","floor":7.0},{"not_picked":["Slice","Dodge and Roll"],"picked":"Backflip","floor":11.0},{"not_picked":["Acrobatics","Dodge and Roll"],"picked":"Night Terror","floor":12.0},{"not_picked":["Wraith Form v2","Adrenaline"],"picked":"After Image","floor":16},{"not_picked":["Prepared","Underhanded Strike","Masterful Stab"],"picked":"SKIP","floor":18},{"not_picked":["Outmaneuver+1","Prepared","A Thousand Cuts"],"picked":"SKIP","floor":20},{"not_picked":["Blade Dance","Bane","All Out Attack"],"picked":"SKIP","floor":21},{"not_picked":["Masterful Stab","Flying Knee+1"],"picked":"Deadly Poison+1","floor":22},{"not_picked":["Deadly Poison","Setup"],"picked":"Bouncing Flask+1","floor":27},{"not_picked":["Masterful Stab+1","Concentrate+1"],"picked":"Distraction+1","floor":28}],"player_experience":295755,"relics_obtained":[{"floor":12.0,"key":"Regal Pillow"},{"floor":19,"key":"Dream Catcher"},{"floor":26,"key":"Molten Egg 2"}],"event_choices":[{"damage_healed":0.0,"max_hp_gain":0.0,"max_hp_loss":0.0,"gold_gain":0.0,"event_name":"Upgrade Shrine","player_choice":"Upgraded","floor":4.0,"gold_loss":0.0,"damage_taken":0.0,"cards_upgraded":["Noxious Fumes"]},{"damage_healed":0.0,"max_hp_gain":0.0,"max_hp_loss":0.0,"gold_gain":0.0,"event_name":"Lab","player_choice":"Got Potions","floor":10.0,"gold_loss":0.0,"damage_taken":0.0},{"damage_healed":0.0,"max_hp_gain":0.0,"max_hp_loss":0.0,"gold_gain":0.0,"event_name":"Golden Idol","player_choice":"Ignored","floor":14.0,"gold_loss":0.0,"damage_taken":0.0},{"damage_healed":0,"gold_gain":0,"player_choice":"Relic","damage_taken":0,"max_hp_gain":0,"max_hp_loss":0,"event_name":"Wheel of Change","floor":19,"gold_loss":0},{"damage_healed":0,"gold_gain":99,"player_choice":"Stole From Cult","damage_taken":0,"max_hp_gain":0,"max_hp_loss":0,"event_name":"Nest","floor":29,"gold_loss":0},{"damage_healed":0,"gold_gain":0,"player_choice":"Inject Mutagens","damage_taken":0,"relics_obtained":["MutagenicStrength"],"max_hp_gain":0,"max_hp_loss":0,"event_name":"Drug Dealer","floor":30,"gold_loss":0}],"is_beta":true,"boss_relics":[{"not_picked":["Lizard Tail","Tiny House"],"picked":"Ectoplasm"}],"items_purged_floors":[24],"is_endless":false,"potions_floor_spawned":[2,12,16,18,27],"killed_by":"Slavers","ascension_level":4}