{"gold_per_floor":[18,18,32,32,51,51,80,80,80,108,118,130,130,148,148,243,243,262,262,280,296,296,296,331,331,331,331,345,379,395,395,395,493,493,504,558,558,558,575,603,603,622,649,660,660,660,660,252,252,252],"floor_reached":51,"playtime":2795,"items_purged":["Defend_B+1"],"score":850,"play_id":"caa98d5d-7f23-4ad7-bbfc-ca042a42e2a9","local_time":"20190318201502","is_ascension_mode":true,"campfire_choices":[{"data":"Rip and Tear","floor":6.0,"key":"SMITH"},{"data":"Doom and Gloom","floor":8.0,"key":"SMITH"},{"data":"Zap","floor":13.0,"key":"SMITH"},{"data":"Dualcast","floor":15.0,"key":"SMITH"},{"data":"Biased Cognition","floor":23.0,"key":"SMITH"},{"data":"Tempest","floor":25.0,"key":"SMITH"},{"data":"Conserve Battery","floor":27.0,"key":"SMITH"},{"data":"Glacier","floor":32.0,"key":"SMITH"},{"data":"Reinforced Body","floor":41,"key":"SMITH"},{"data":"Seek","floor":45,"key":"SMITH"},{"data":"Dramatic Entrance","floor":47,"key":"SMITH"},{"data":"Electrodynamics","floor":49,"key":"SMITH"}],"neow_cost":"NO_GOLD","seed_source_timestamp":0,"circlet_count":0,"master_deck":["Defend_B+1","Defend_B+1","Defend_B+1","Zap+1","Dualcast+1","Genetic Algorithm","Rip and Tear+1","Doom and Gloom+1","Leap+1","Tempest+1","Biased Cognition+1","Coolheaded+1","Aggregate+1","Conserve Battery+1","Seek+1","Consume+1","Coolheaded+1","Glacier+1","BootSequence+1","Electrodynamics+1","Tempest+1","Coolheaded+1","Reinforced Body+1","Stack+1","Dramatic Entrance+1"],"special_seed":0,"relics":["Cracked Core","Nunchaku","Du-Vu Doll","Bronze Scales","FossilizedHelix","Bag of Marbles","Astrolabe","Pen Nib","Bottled Tornado","Strawberry","MutagenicStrength","Busted Crown","Bird Faced Urn","Sundial","War Paint","ClockworkSouvenir"],"potions_floor_usage":[40,40,50,50,50],"damage_taken":[{"damage":1.0,"enemies":"Cultist","floor":1.0,"turns":3.0},{"damage":1.0,"enemies":"Small Slimes","floor":3.0,"turns":3.0},{"damage":8.0,"enemies":"Jaw Worm","floor":5.0,"turns":4.0},{"damage":6.0,"enemies":"3 Sentries","floor":7.0,"turns":5.0},{"damage":3.0,"enemies":"Lagavulin","floor":10.0,"turns":6.0},{"damage":12.0,"enemies":"Exordium Thugs","floor":11.0,"turns":3.0},{"damage":0.0,"enemies":"Large Slime","floor":12.0,"turns":4.0},{"damage":0.0,"enemies":"Looter","floor":14.0,"turns":3.0},{"damage":0.0,"enemies":"Slime Boss","floor":16.0,"turns":8.0},{"damage":2.0,"enemies":"3 Byrds","floor":18.0,"turns":2.0},{"damage":0.0,"enemies":"Shell Parasite","floor":20.0,"turns":4.0},{"damage":2.0,"enemies":"3 Cultists","floor":21.0,"turns":5.0},{"damage":0.0,"enemies":"Gremlin Leader","floor":24.0,"turns":5.0},{"damage":0.0,"enemies":"Snake Plant","floor":28.0,"turns":2.0},{"damage":27.0,"enemies":"Slavers","floor":29.0,"turns":4.0},{"damage":0.0,"enemies":"Snecko","floor":30.0,"turns":3.0},{"damage":32.0,"enemies":"Collector","floor":33.0,"turns":12.0},{"damage":0,"enemies":"Orb Walker","floor":35,"turns":2},{"damage":0,"enemies":"2 Orb Walkers","floor":36,"turns":2},{"damage":0,"enemies":"3 Shapes","floor":39,"turns":4},{"damage":5,"enemies":"Giant Head","floor":40,"turns":9},{"damage":0,"enemies":"Sphere and 2 Shapes","floor":42,"turns":2},{"damage":0,"enemies":"Maw","floor":44,"turns":8},{"damage":50,"enemies":"Awakened One","floor":50,"turns":16}],"seed_played":"4074482490922299770","potions_obtained":[{"floor":1.0,"key":"SpeedPotion"},{"floor":2.0,"key":"EntropicBrew"},{"floor":2.0,"key":"Fire Potion"},{"floor":3.0,"key":"Dexterity Potion"},{"floor":11.0,"key":"Dexterity Potion"},{"floor":16.0,"key":"PowerPotion"},{"floor":33.0,"key":"Poison Potion"},{"floor":36,"key":"Dexterity Potion"},{"floor":42,"key":"Poison Potion"}],"is_trial":false,"path_per_floor":["M","?","M","?","M","R","E","R","T","E","M","M","R","M","R","B",null,"M","?","M","M","?","R","E","R","T","R","M","E","M","?","R","B",null,"M","?","?","?","M","E","R","M","T","M","R","?","R","$","R","B",null],"character_chosen":"DEFECT","items_purchased":["ClockworkSouvenir","FocusPotion","SkillPotion"],"campfire_rested":0,"item_purchase_floors":[48,48,48],"current_hp_per_floor":[74,74,73,66,58,58,52,52,52,49,37,37,37,37,37,37,75,73,73,73,71,71,71,71,71,71,71,71,51,51,51,51,19,82,82,82,82,82,82,77,77,79,79,82,82,72,72,72,72,26],"gold":252,"neow_bonus":"ONE_RARE_RELIC","is_prod":false,"is_daily":false,"chose_seed":false,"campfire_upgraded":12,"win_rate":1,"timestamp":1552936502,"path_taken":["M","?","?","?","M","R","E","R","T","E","M","M","R","M","R","BOSS","M","?","?","M","?","R","E","R","T","R","M","E","M","?","R","BOSS","M","?","?","?","?","E","R","M","T","M","R","?","R","$","R","BOSS"],"build_version":"2019-01-23","purchased_purges":1,"victory":true,"max_hp_per_floor":[75,75,75,75,75,75,75,75,75,75,75,75,75,75,75,75,75,75,75,75,75,75,75,75,75,75,75,75,82,82,82,82,82,82,82,82,82,82,82,82,82,82,82,82,82,82,82,82,82,82],"card_choices":[{"not_picked":["Steam Power","Barrage"],"picked":"Genetic Algorithm","floor":1.0},{"not_picked":["Recycle","Hologram","Fusion"],"picked":"SKIP","floor":3.0},{"not_picked":["Reinforced Body","Beam Cell"],"picked":"Rip and Tear","floor":5.0},{"not_picked":["Consume","Steam"],"picked":"Doom and Gloom","floor":7.0},{"not_picked":["Aggregate","Amplify"],"picked":"Leap","floor":10.0},{"not_picked":["Beam Cell","Sweeping Beam","Recycle"],"picked":"SKIP","floor":11.0},{"not_picked":["Beam Cell","Sweeping Beam","Recycle"],"picked":"SKIP","floor":11.0},{"not_picked":["Compile Driver","Go for the Eyes"],"picked":"Tempest","floor":12.0},{"not_picked":["Turbo","Recycle","Cold Snap"],"picked":"SKIP","floor":14.0},{"not_picked":["Creative AI","All For One"],"picked":"Biased Cognition","floor":16.0},{"not_picked":["Stack","Steam Power"],"picked":"Conserve Battery","floor":18.0},{"not_picked":["Skim+1","Beam Cell"],"picked":"Consume+1","floor":20.0},{"not_picked":["Fusion","Genetic Algorithm"],"picked":"Coolheaded+1","floor":21.0},{"not_picked":["Storm","Compile Driver+1","Reprogram"],"picked":"SKIP","floor":24.0},{"not_picked":["Leap+1","Steam+1"],"picked":"Glacier","floor":28.0},{"not_picked":["Ball Lightning","Lockon","Meteor Strike"],"picked":"SKIP","floor":29.0},{"not_picked":["Glacier","Streamline"],"picked":"BootSequence","floor":30.0},{"not_picked":["Buffer","Rainbow"],"picked":"Electrodynamics","floor":33.0},{"not_picked":[],"picked":"Tempest+1","floor":35},{"not_picked":[],"picked":"Coolheaded+1","floor":36},{"not_picked":["Conserve Battery"],"picked":"SKIP","floor":39},{"not_picked":[],"picked":"Reinforced Body","floor":40},{"not_picked":[],"picked":"Stack+1","floor":42},{"not_picked":["Stack"],"picked":"SKIP","floor":44},{"not_picked":[],"picked":"Dramatic Entrance","floor":46}],"player_experience":50686,"relics_obtained":[{"floor":7.0,"key":"Bronze Scales"},{"floor":9.0,"key":"FossilizedHelix"},{"floor":10.0,"key":"Bag of Marbles"},{"floor":24.0,"key":"Pen Nib"},{"floor":26.0,"key":"Bottled Tornado"},{"floor":29.0,"key":"Strawberry"},{"floor":36,"key":"Bird Faced Urn"},{"floor":40,"key":"Sundial"},{"floor":43,"key":"War Paint"}],"event_choices":[{"damage_healed":0.0,"max_hp_gain":0.0,"max_hp_loss":0.0,"gold_gain":0.0,"event_name":"Lab","player_choice":"Got Potions","floor":2.0,"gold_loss":0.0,"damage_taken":0.0},{"damage_healed":0.0,"max_hp_gain":0.0,"max_hp_loss":0.0,"gold_gain":0.0,"event_name":"Scrap Ooze","player_choice":"Success","floor":4.0,"gold_loss":0.0,"damage_taken":7.0,"relics_obtained":["Du-Vu Doll"]},{"damage_healed":0.0,"max_hp_gain":0.0,"max_hp_loss":0.0,"gold_gain":0.0,"cards_transformed":["Strike_B"],"event_name":"Transmorgrifier","player_choice":"Transformed","floor":19.0,"gold_loss":0.0,"damage_taken":0.0,"cards_obtained":["Seek"]},{"damage_healed":0.0,"max_hp_gain":0.0,"max_hp_loss":0.0,"gold_gain":0.0,"event_name":"Back to Basics","player_choice":"Simplicity","floor":22.0,"gold_loss":0.0,"damage_taken":0.0,"cards_upgraded":["Defend_B","Defend_B","Defend_B","Defend_B"]},{"damage_healed":0.0,"max_hp_gain":0.0,"max_hp_loss":0.0,"gold_gain":0.0,"event_name":"Drug Dealer","player_choice":"Inject Mutagens","floor":31.0,"gold_loss":0.0,"damage_taken":0.0,"relics_obtained":["MutagenicStrength"]},{"damage_healed":0,"gold_gain":0,"player_choice":"Fight","damage_taken":0,"max_hp_gain":0,"max_hp_loss":0,"event_name":"Mysterious Sphere","floor":36,"gold_loss":0},{"damage_healed":0,"gold_gain":0,"player_choice":"Ignored","damage_taken":0,"max_hp_gain":0,"max_hp_loss":0,"event_name":"Tomb of Lord Red Mask","floor":37,"gold_loss":0},{"cards_removed":["Gash"],"damage_healed":0,"gold_gain":0,"player_choice":"Purged","damage_taken":0,"max_hp_gain":0,"max_hp_loss":0,"event_name":"Purifier","floor":38,"gold_loss":0},{"damage_healed":0,"gold_gain":0,"player_choice":"Memory 3","damage_taken":10,"max_hp_gain":0,"max_hp_loss":0,"event_name":"SensoryStone","floor":46,"gold_loss":0}],"is_beta":false,"boss_relics":[{"not_picked":["Nuclear Battery","Empty Cage"],"picked":"Astrolabe"},{"not_picked":["Fusion Hammer","Runic Pyramid"],"picked":"Busted Crown"}],"items_purged_floors":[48],"is_endless":false,"potions_floor_spawned":[1,3,11,16,21,28,29,33,36,42],"ascension_level":2}