{"gold_per_floor":[116,116,191,205,205,238,238,264,338,338,366,263,263,278,278,371,371,396,414,235,271,286,286,286,486,509,543,564,12,33,47,47,146,146,164,188,207,207,207],"floor_reached":39,"playtime":1960,"items_purged":["Strike_R"],"score":891,"play_id":"e8215818-9e27-44eb-b2d4-cfc2d5892e66","local_time":"20190518014125","is_ascension_mode":true,"campfire_choices":[{"data":"Shrug It Off","floor":7.0,"key":"SMITH"},{"data":"Flame Barrier","floor":15.0,"key":"SMITH"},{"floor":23.0,"key":"REST"},{"data":"Apotheosis","floor":32.0,"key":"SMITH"}],"neow_cost":"NONE","seed_source_timestamp":0,"circlet_count":0,"master_deck":["AscendersBane","Strike_R","Strike_R","Strike_R","Strike_R","Defend_R","Defend_R","Defend_R","Defend_R","Bash","Cleave","Shrug It Off+1","Iron Wave+1","Reaper+1","Swift Strike+1","Reaper+1","Anger+1","Pommel Strike+1","Apotheosis+1","Iron Wave+1","Body Slam+1","Swift Strike+1","Rampage+1","Feed+1","Iron Wave+1"],"special_seed":0,"relics":["Burning Blood","NeowsBlessing","Bronze Scales","PreservedInsect","Molten Egg 2","Dodecahedron","Kunai","Strawberry","Golden Idol","Philosopher\u0027s Stone","Red Mask","Bag of Marbles","Blue Candle","Ornamental Fan","Black Star"],"potions_floor_usage":[],"damage_taken":[{"damage":0.0,"enemies":"2 Louse","floor":1.0,"turns":1.0},{"damage":0.0,"enemies":"Small Slimes","floor":4.0,"turns":1.0},{"damage":0.0,"enemies":"3 Sentries","floor":6.0,"turns":2.0},{"damage":6.0,"enemies":"Gremlin Nob","floor":8.0,"turns":2.0},{"damage":10.0,"enemies":"3 Sentries","floor":11.0,"turns":7.0},{"damage":1.0,"enemies":"Jaw Worm","floor":14.0,"turns":3.0},{"damage":50.0,"enemies":"Hexaghost","floor":16.0,"turns":14.0},{"damage":37.0,"enemies":"Spheric Guardian","floor":18.0,"turns":6.0},{"damage":27.0,"enemies":"Shell Parasite","floor":19.0,"turns":5.0},{"damage":47.0,"enemies":"Masked Bandits","floor":21.0,"turns":5.0},{"damage":19.0,"enemies":"Snecko","floor":22.0,"turns":5.0},{"damage":4.0,"enemies":"Gremlin Leader","floor":27.0,"turns":5.0},{"damage":7.0,"enemies":"Centurion and Healer","floor":28.0,"turns":7.0},{"damage":2.0,"enemies":"Snake Plant","floor":30.0,"turns":3.0},{"damage":2.0,"enemies":"Cultist and Chosen","floor":31.0,"turns":5.0},{"damage":2.0,"enemies":"Collector","floor":33.0,"turns":9.0},{"damage":18.0,"enemies":"Orb Walker","floor":35.0,"turns":3.0},{"damage":1.0,"enemies":"3 Shapes","floor":36.0,"turns":14.0},{"damage":50.0,"enemies":"Spire Growth","floor":37.0,"turns":6.0},{"damage":72,"enemies":"Writhing Mass","floor":39,"turns":7}],"seed_played":"2630497533874273979","potions_obtained":[{"floor":4.0,"key":"Swift Potion"},{"floor":6.0,"key":"Fire Potion"},{"floor":8.0,"key":"Regen Potion"},{"floor":11.0,"key":"SpeedPotion"},{"floor":22.0,"key":"SkillPotion"},{"floor":30.0,"key":"Swift Potion"},{"floor":31.0,"key":"PowerPotion"}],"is_trial":false,"path_per_floor":["M","?","?","M","?","E","R","E","T","?","E","$","?","M","R","B",null,"M","M","$","?","M","R","?","?","T","E","M","$","M","M","R","B",null,"M","M","M","?","M"],"character_chosen":"IRONCLAD","items_purchased":["Swift Strike+1","Apotheosis","Swift Strike+1","Ornamental Fan","BloodPotion"],"campfire_rested":1,"item_purchase_floors":[12,20,29,29,29],"current_hp_per_floor":[74,63,52,58,58,64,64,64,64,64,82,82,54,64,64,25,68,43,33,33,18,13,37,37,37,37,55,74,74,78,82,82,82,82,77,86,55,55,0],"gold":207,"neow_bonus":"THREE_ENEMY_KILL","is_prod":false,"is_daily":false,"chose_seed":false,"campfire_upgraded":3,"win_rate":0,"timestamp":1558168885,"path_taken":["M","?","?","M","?","E","R","E","T","?","E","$","?","M","R","BOSS","M","M","$","?","M","R","?","?","T","E","M","$","M","?","R","BOSS","M","M","?","?","M"],"build_version":"2019-01-23","purchased_purges":1,"victory":false,"max_hp_per_floor":[75,75,75,75,75,75,75,75,75,75,82,82,82,82,82,82,82,82,82,82,82,82,82,82,82,82,82,82,82,82,82,82,82,82,82,86,86,86,86],"card_choices":[{"not_picked":["Warcry","Wild Strike"],"picked":"Cleave","floor":1.0},{"not_picked":["Rupture","Power Through","Barricade"],"picked":"SKIP","floor":4.0},{"not_picked":["Headbutt","Twin Strike"],"picked":"Shrug It Off","floor":6.0},{"not_picked":["Metallicize","Anger+1"],"picked":"Iron Wave+1","floor":8.0},{"not_picked":["Sever Soul+1","Twin Strike+1"],"picked":"Reaper+1","floor":11.0},{"not_picked":["Intimidate","Twin Strike+1"],"picked":"Flame Barrier","floor":14.0},{"not_picked":["Berserk","Demon Form"],"picked":"Reaper+1","floor":16.0},{"not_picked":["Sword Boomerang+1","Cleave+1"],"picked":"Anger+1","floor":18.0},{"not_picked":["True Grit","Headbutt+1"],"picked":"Pommel Strike+1","floor":19.0},{"not_picked":["Burning Pact","Cleave+1"],"picked":"Iron Wave+1","floor":21.0},{"not_picked":["Sever Soul+1","Sword Boomerang+1"],"picked":"Body Slam+1","floor":22.0},{"not_picked":["Warcry","Dual Wield","Flex"],"picked":"SKIP","floor":27.0},{"not_picked":["Sword Boomerang+1","Metallicize","Dropkick+1"],"picked":"SKIP","floor":28.0},{"not_picked":["Reckless Charge+1","Searing Blow+1","Sentinel"],"picked":"SKIP","floor":30.0},{"not_picked":["Twin Strike+1","Dark Embrace"],"picked":"Rampage+1","floor":31.0},{"not_picked":["Double Tap","Berserk"],"picked":"Feed+1","floor":33.0},{"not_picked":["Clash+1","Power Through+1","Combust"],"picked":"SKIP","floor":35.0},{"not_picked":["Clothesline+1","Entrench"],"picked":"Iron Wave+1","floor":36.0},{"not_picked":["Hemokinesis+1","Feel No Pain","Sword Boomerang+1"],"picked":"SKIP","floor":37.0}],"player_experience":770449,"relics_obtained":[{"floor":6.0,"key":"Molten Egg 2"},{"floor":8.0,"key":"Dodecahedron"},{"floor":9.0,"key":"Kunai"},{"floor":11.0,"key":"Strawberry"},{"floor":21.0,"key":"Red Mask"},{"floor":26.0,"key":"Bag of Marbles"},{"floor":27.0,"key":"Blue Candle"}],"event_choices":[{"damage_healed":0.0,"max_hp_gain":0.0,"max_hp_loss":0.0,"gold_gain":0.0,"event_name":"Scrap Ooze","player_choice":"Success","floor":2.0,"gold_loss":0.0,"damage_taken":11.0,"relics_obtained":["Bronze Scales"]},{"damage_healed":0.0,"max_hp_gain":0.0,"max_hp_loss":0.0,"gold_gain":75.0,"event_name":"World of Goop","player_choice":"Gather Gold","floor":3.0,"gold_loss":0.0,"damage_taken":11.0},{"damage_healed":0.0,"max_hp_gain":0.0,"max_hp_loss":0.0,"gold_gain":0.0,"event_name":"Big Fish","player_choice":"Box","floor":5.0,"gold_loss":0.0,"damage_taken":0.0,"relics_obtained":["PreservedInsect"],"cards_obtained":["Regret"]},{"cards_removed":["Regret"],"damage_healed":0.0,"max_hp_gain":0.0,"max_hp_loss":0.0,"gold_gain":0.0,"event_name":"Living Wall","player_choice":"Forget","floor":10.0,"gold_loss":0.0,"damage_taken":0.0},{"damage_healed":0.0,"max_hp_gain":0.0,"max_hp_loss":0.0,"gold_gain":0.0,"event_name":"Golden Idol","player_choice":"Take Damage","floor":13.0,"gold_loss":0.0,"damage_taken":28.0,"relics_obtained":["Golden Idol"]},{"damage_healed":0.0,"max_hp_gain":0.0,"max_hp_loss":0.0,"gold_gain":0.0,"event_name":"Masked Bandits","player_choice":"Fought Bandits","floor":21.0,"gold_loss":0.0,"damage_taken":0.0},{"damage_healed":0.0,"max_hp_gain":0.0,"max_hp_loss":0.0,"gold_gain":0.0,"event_name":"Ghosts","player_choice":"Ignored","floor":24.0,"gold_loss":0.0,"damage_taken":0.0},{"damage_healed":0.0,"max_hp_gain":0.0,"max_hp_loss":0.0,"gold_gain":250.0,"event_name":"The Joust","player_choice":"Bet on Owner","floor":25.0,"gold_loss":50.0,"damage_taken":0.0},{"cards_removed":["Flame Barrier"],"damage_healed":0.0,"max_hp_gain":0.0,"max_hp_loss":0.0,"gold_gain":0.0,"event_name":"Falling","player_choice":"Removed Skill","floor":38.0,"gold_loss":0.0,"damage_taken":0.0}],"is_beta":false,"boss_relics":[{"not_picked":["Runic Dome","Ectoplasm"],"picked":"Philosopher\u0027s Stone"},{"not_picked":["Lizard Tail","Astrolabe"],"picked":"Black Star"}],"items_purged_floors":[29],"is_endless":false,"potions_floor_spawned":[4,6,8,11,22,30,31],"killed_by":"Writhing Mass","ascension_level":18}