{"gold_per_floor":[164,164,182,201,201,233,89,115,115,115,115,131,160,179,179,279,279,294,219,230,329,340,340,356,356,356,375,35,35],"floor_reached":29,"playtime":2604,"items_purged":[],"score":268,"play_id":"36ada1e5-b6dd-4b05-80ec-c91de8d1aa3f","local_time":"20190110113842","is_ascension_mode":true,"campfire_choices":[{"data":"Zap","floor":10.0,"key":"SMITH"},{"data":"Redo","floor":15.0,"key":"SMITH"},{"floor":25.0,"key":"REST"}],"neow_cost":"NONE","seed_source_timestamp":241255107470299,"circlet_count":0,"master_deck":["Strike_B","Defend_B","Defend_B","Defend_B","Defend_B+1","Zap+1","Dualcast","Coolheaded","Ball Lightning","Cold Snap","Conserve Battery","Leap","Redo+1","Echo Form","Beam Cell","Multi-Cast","Auto Shields+1","Multi-Cast+1","Reprogram","Static Discharge","Reinforced Body+1","Capacitor","Cold Snap"],"special_seed":0,"relics":["Tiny House","Pen Nib","Orichalcum","Happy Flower","Bottled Flame","Unceasing Top","Dodecahedron","Astrolabe","Symbiotic Virus","Turnip"],"potions_floor_usage":[29,29],"damage_taken":[{"damage":1.0,"enemies":"2 Louse","floor":1.0,"turns":4.0},{"damage":0.0,"enemies":"Cultist","floor":3.0,"turns":4.0},{"damage":0.0,"enemies":"Jaw Worm","floor":4.0,"turns":3.0},{"damage":2.0,"enemies":"Gremlin Nob","floor":6.0,"turns":4.0},{"damage":8.0,"enemies":"3 Louse","floor":12.0,"turns":3.0},{"damage":16.0,"enemies":"3 Sentries","floor":13.0,"turns":9.0},{"damage":2.0,"enemies":"Looter","floor":14.0,"turns":4.0},{"damage":23.0,"enemies":"Hexaghost","floor":16.0,"turns":12.0},{"damage":0.0,"enemies":"Spheric Guardian","floor":18.0,"turns":6.0},{"damage":7.0,"enemies":"3 Byrds","floor":20.0,"turns":5.0},{"damage":0.0,"enemies":"Snecko","floor":22.0,"turns":10.0},{"damage":0.0,"enemies":"Slavers","floor":23.0,"turns":1.0},{"damage":36.0,"enemies":"3 Cultists","floor":24.0,"turns":6.0},{"damage":12.0,"enemies":"Cultist and Chosen","floor":27.0,"turns":7.0},{"damage":70,"enemies":"Gremlin Leader","floor":29,"turns":6}],"seed_played":"2901554525505589657","potions_obtained":[{"floor":0.0,"key":"SmokeBomb"},{"floor":1.0,"key":"SmokeBomb"},{"floor":4.0,"key":"Block Potion"},{"floor":14.0,"key":"SkillPotion"},{"floor":20.0,"key":"LiquidBronze"},{"floor":27.0,"key":"Regen Potion"}],"is_trial":false,"path_per_floor":["M","?","M","M","?","E","$","T","T","R","?","M","E","M","R","B",null,"M","?","M","?","M","E","M","R","T","M","$","E"],"character_chosen":"DEFECT","items_purchased":["Happy Flower","Turnip","Cold Snap"],"campfire_rested":1,"item_purchase_floors":[7,28,28],"current_hp_per_floor":[79,79,79,79,79,77,77,77,77,77,77,69,53,51,51,28,80,80,80,73,73,73,73,37,61,61,49,49,0],"gold":35,"neow_bonus":"BOSS_RELIC","is_prod":false,"is_daily":false,"chose_seed":false,"campfire_upgraded":2,"win_rate":0,"timestamp":1547149122,"path_taken":["M","?","?","M","?","E","$","?","T","R","?","M","E","M","R","BOSS","M","?","M","?","M","E","M","R","T","M","$","E"],"build_version":"2019-01-03v4","purchased_purges":0,"victory":false,"max_hp_per_floor":[80,80,80,80,80,80,80,80,80,80,80,80,80,80,80,80,80,80,80,80,80,80,80,80,80,80,80,80,80],"card_choices":[{"not_picked":["Steam Power","BootSequence"],"picked":"Coolheaded","floor":0.0},{"not_picked":["Aggregate","Rebound"],"picked":"Ball Lightning","floor":1.0},{"not_picked":["Self Repair","Rebound"],"picked":"Cold Snap","floor":3.0},{"not_picked":["Stack","Compile Driver"],"picked":"Conserve Battery","floor":4.0},{"not_picked":["Reprogram","Gash"],"picked":"Leap","floor":6.0},{"not_picked":["Gash","Barrage"],"picked":"Redo","floor":12.0},{"not_picked":["Chaos","Hello World"],"picked":"Echo Form","floor":13.0},{"not_picked":["Sweeping Beam","Steam"],"picked":"Beam Cell","floor":14.0},{"not_picked":["Thunder Strike","Buffer"],"picked":"Multi-Cast","floor":16.0},{"not_picked":["Sunder","Barrage"],"picked":"Reprogram","floor":18.0},{"not_picked":["Stack","Sweeping Beam"],"picked":"Static Discharge","floor":20.0},{"not_picked":["Sweeping Beam","Chaos","Turbo+1"],"picked":"SKIP","floor":22.0},{"not_picked":["Conserve Battery+1","Darkness"],"picked":"Reinforced Body+1","floor":24.0},{"not_picked":["Beam Cell","Skim"],"picked":"Capacitor","floor":27.0}],"player_experience":354477,"relics_obtained":[{"floor":6.0,"key":"Orichalcum"},{"floor":9.0,"key":"Bottled Flame"},{"floor":13.0,"key":"Dodecahedron"},{"floor":26.0,"key":"Symbiotic Virus"}],"event_choices":[{"damage_healed":0.0,"max_hp_gain":0.0,"max_hp_loss":0.0,"gold_gain":0.0,"event_name":"WeMeetAgain","player_choice":"Gave Potion","floor":2.0,"gold_loss":0.0,"damage_taken":0.0,"relics_obtained":["Pen Nib"]},{"cards_removed":["Strike_B"],"damage_healed":0.0,"max_hp_gain":0.0,"max_hp_loss":0.0,"gold_gain":0.0,"event_name":"Purifier","player_choice":"Purged","floor":5.0,"gold_loss":0.0,"damage_taken":0.0},{"damage_healed":0.0,"max_hp_gain":0.0,"max_hp_loss":0.0,"gold_gain":0.0,"event_name":"Big Fish","player_choice":"Box","floor":11.0,"gold_loss":0.0,"damage_taken":0.0,"relics_obtained":["Unceasing Top"],"cards_obtained":["Regret"]},{"cards_removed":["Injury"],"damage_healed":0.0,"max_hp_gain":0.0,"max_hp_loss":0.0,"gold_gain":0.0,"event_name":"Beggar","player_choice":"Gave Gold","floor":19.0,"gold_loss":75.0,"damage_taken":0.0},{"damage_healed":0.0,"max_hp_gain":0.0,"max_hp_loss":0.0,"gold_gain":99.0,"event_name":"Nest","player_choice":"Stole From Cult","floor":21.0,"gold_loss":0.0,"damage_taken":0.0}],"is_beta":false,"boss_relics":[{"not_picked":["White Beast Statue","Runic Pyramid"],"picked":"Astrolabe"}],"items_purged_floors":[],"is_endless":false,"potions_floor_spawned":[1,4,14,20,27],"killed_by":"Gremlin Leader","ascension_level":1}