{"gold_per_floor":[112,124,139,139,157,191,191,191,240,240],"floor_reached":10,"playtime":480,"items_purged":[],"score":82,"play_id":"eddf70e6-51c9-4910-a936-7bdefd9a0b00","local_time":"20190523205214","is_ascension_mode":true,"campfire_choices":[{"floor":7,"key":"RECALL"}],"neow_cost":"NONE","seed_source_timestamp":252031390823800,"circlet_count":0,"master_deck":["Strike_R","Strike_R","Strike_R","Strike_R","Strike_R","Defend_R","Defend_R","Defend_R","Defend_R","Bash","Armaments+1","Battle Trance","Anger","Shrug It Off"],"relics":["Burning Blood","NeowsBlessing","Golden Idol"],"potions_floor_usage":[10],"damage_taken":[{"damage":0,"enemies":"Small Slimes","floor":1,"turns":1},{"damage":0,"enemies":"2 Louse","floor":2,"turns":1},{"damage":0,"enemies":"Jaw Worm","floor":3,"turns":1},{"damage":2,"enemies":"Exordium Wildlife","floor":5,"turns":5},{"damage":22,"enemies":"Lagavulin","floor":6,"turns":5},{"damage":48,"enemies":"Gremlin Nob","floor":10,"turns":5}],"seed_played":"-169324718265480910","potions_obtained":[{"floor":6,"key":"EssenceOfSteel"}],"is_trial":false,"path_per_floor":["M","M","M","?","M","E","R","?","T","E"],"character_chosen":"IRONCLAD","items_purchased":[],"campfire_rested":0,"item_purchase_floors":[],"current_hp_per_floor":[80,80,80,80,80,64,64,44,44,0],"gold":240,"neow_bonus":"THREE_ENEMY_KILL","is_prod":false,"is_daily":false,"chose_seed":false,"campfire_upgraded":0,"win_rate":0,"timestamp":1558637534,"path_taken":["M","M","M","?","M","E","R","?","T","E"],"build_version":"2019-01-23","purchased_purges":0,"victory":false,"max_hp_per_floor":[80,80,80,80,80,80,80,80,80,80],"card_choices":[{"not_picked":["Perfected Strike","Anger"],"picked":"Armaments","floor":1},{"not_picked":["Heavy Blade","Bloodletting","Headbutt"],"picked":"SKIP","floor":2},{"not_picked":["Combust","Thunderclap"],"picked":"Battle Trance","floor":3},{"not_picked":["Thunderclap","True Grit"],"picked":"Anger","floor":5},{"not_picked":["Sentinel","Dual Wield"],"picked":"Shrug It Off","floor":6}],"player_experience":339717,"relics_obtained":[],"event_choices":[{"damage_healed":0,"gold_gain":0,"player_choice":"Grow","damage_taken":0,"max_hp_gain":0,"max_hp_loss":0,"event_name":"Living Wall","floor":4,"gold_loss":0,"cards_upgraded":["Armaments"]},{"damage_healed":0,"gold_gain":0,"player_choice":"Take Damage","damage_taken":20,"relics_obtained":["Golden Idol"],"max_hp_gain":0,"max_hp_loss":0,"event_name":"Golden Idol","floor":8,"gold_loss":0}],"is_beta":false,"boss_relics":[],"items_purged_floors":[],"is_endless":false,"potions_floor_spawned":[6],"killed_by":"Gremlin Nob","ascension_level":4}