{"gold_per_floor":[112,130,146,160,177,202,214,252,287,363,375,387,419,464,476,565,577,605,633,645,682,713,725,763,775,811,748,773,785,301,301,301,377,377,387,387,487,507,522,550,550,585,585,585,59,59,86,100,100,100,100,100,20,20],"floor_reached":54,"playtime":3017,"items_purged":["Strike_R"],"score":1446,"play_id":"59e1ab65-44f9-4e7b-a4ba-5301ef28f816","local_time":"20190607103733","is_ascension_mode":true,"campfire_choices":[{"data":"Defend_R","floor":7,"key":"SMITH"},{"floor":11,"key":"REST"},{"data":"Armaments","floor":15,"key":"SMITH"},{"data":"Inflame","floor":23,"key":"SMITH"},{"data":"Flame Barrier","floor":25,"key":"SMITH"},{"floor":29,"key":"REST"},{"data":"Shockwave","floor":32,"key":"SMITH"},{"floor":41,"key":"RECALL"},{"data":"Disarm","floor":49,"key":"SMITH"},{"data":"Metallicize","floor":52,"key":"SMITH"}],"neow_cost":"NONE","seed_source_timestamp":1354913361921556,"circlet_count":0,"master_deck":["AscendersBane","Defend_R+1","Defend_R+1","Defend_R+1","Defend_R+1","Bash","Intimidate+1","Inflame+1","Whirlwind+1","Metallicize+1","Feed","Armaments+1","Inflame+1","Evolve","Shockwave","Reaper","Shrug It Off","Flame Barrier+1","Spot Weakness+1","Warcry+1","Shockwave+1","Inflame","Reaper","Offering","Finesse","Metamorphosis","Clothesline","Pommel Strike+1","Shrug It Off","Disarm+1","Spot Weakness"],"relics":["Astrolabe","MawBank","Mercury Hourglass","Bag of Preparation","Tiny Chest","Bronze Scales","Sozu","Vajra","Pen Nib","PreservedInsect","Busted Crown","Turnip","Centennial Puzzle","Juzu Bracelet","Calipers","Charon\u0027s Ashes","Anchor","Dodecahedron","Boot"],"potions_floor_usage":[6,6,10,40,50],"damage_taken":[{"damage":5,"enemies":"Small Slimes","floor":1,"turns":3},{"damage":16,"enemies":"Jaw Worm","floor":2,"turns":8},{"damage":0,"enemies":"2 Louse","floor":3,"turns":2},{"damage":0,"enemies":"2 Fungi Beasts","floor":4,"turns":3},{"damage":4,"enemies":"Looter","floor":5,"turns":4},{"damage":3,"enemies":"Gremlin Nob","floor":6,"turns":3},{"damage":11,"enemies":"Lagavulin","floor":8,"turns":7},{"damage":12,"enemies":"3 Sentries","floor":10,"turns":4},{"damage":2,"enemies":"Gremlin Gang","floor":13,"turns":2},{"damage":17,"enemies":"Lagavulin","floor":14,"turns":6},{"damage":18,"enemies":"The Guardian","floor":16,"turns":13},{"damage":13,"enemies":"Spheric Guardian","floor":18,"turns":4},{"damage":15,"enemies":"Shell Parasite","floor":19,"turns":5},{"damage":10,"enemies":"Cultist and Chosen","floor":22,"turns":6},{"damage":35,"enemies":"Gremlin Leader","floor":24,"turns":5},{"damage":8,"enemies":"Snecko","floor":28,"turns":4},{"damage":51,"enemies":"Automaton","floor":33,"turns":11},{"damage":13,"enemies":"3 Shapes","floor":35,"turns":4},{"damage":0,"enemies":"Mind Bloom Boss Battle","floor":37,"turns":6},{"damage":0,"enemies":"Orb Walker","floor":38,"turns":2},{"damage":11,"enemies":"Maw","floor":39,"turns":6},{"damage":44,"enemies":"Giant Head","floor":40,"turns":7},{"damage":49,"enemies":"Reptomancer","floor":42,"turns":7},{"damage":26,"enemies":"Nemesis","floor":47,"turns":5},{"damage":25,"enemies":"3 Darklings","floor":48,"turns":4},{"damage":28,"enemies":"Time Eater","floor":50,"turns":7},{"damage":86,"enemies":"Shield and Spear","floor":54,"turns":4}],"seed_played":"-7868414170772243792","potions_obtained":[{"floor":3,"key":"Strength Potion"},{"floor":5,"key":"FearPotion"},{"floor":6,"key":"GamblersBrew"},{"floor":8,"key":"SkillPotion"},{"floor":16,"key":"Ancient Potion"}],"is_trial":false,"path_per_floor":["M","M","M","M","M","E","R","E","T","E","R","?","M","E","R","B",null,"M","M","?","T","M","R","E","R","T","?","M","R","$","?","R","B",null,"M","?","?","M","M","E","R","E","T","?","$","?","E","M","R","B",null,"R","$","E"],"character_chosen":"IRONCLAD","items_purchased":["Inflame","Reaper","PreservedInsect","Shrug It Off","Charon\u0027s Ashes","Anchor","Spot Weakness"],"campfire_rested":2,"item_purchase_floors":[30,30,30,45,45,45,53],"current_hp_per_floor":[63,47,47,50,46,43,43,32,32,20,43,43,44,27,27,9,63,50,37,53,53,50,50,36,36,36,36,41,65,65,65,65,60,76,85,75,83,83,74,68,68,73,73,73,73,73,81,72,72,76,83,83,83,0],"gold":20,"neow_bonus":"BOSS_RELIC","is_prod":false,"is_daily":false,"chose_seed":false,"campfire_upgraded":7,"win_rate":0,"timestamp":1559929053,"path_taken":["M","M","M","M","M","E","R","E","T","E","R","?","M","E","R","BOSS","M","M","?","?","M","R","E","R","T","?","M","R","$","?","R","BOSS","M","?","?","M","M","E","R","E","T","?","$","?","E","M","R","BOSS","R","$","E"],"build_version":"2019-01-23","purchased_purges":1,"victory":false,"max_hp_per_floor":[75,75,75,78,78,78,78,78,78,78,78,78,81,81,81,81,81,81,81,81,81,81,81,81,81,81,81,81,81,81,81,81,81,81,85,85,85,85,85,85,85,85,85,85,85,85,85,85,85,85,85,85,85,85],"card_choices":[{"not_picked":["Anger","Flex","Rampage"],"picked":"SKIP","floor":1},{"not_picked":["Sentinel","Cleave"],"picked":"Metallicize","floor":2},{"not_picked":["Feel No Pain","Rampage"],"picked":"Feed","floor":3},{"not_picked":["Burning Pact","Dropkick"],"picked":"Armaments","floor":4},{"not_picked":["Anger","Warcry"],"picked":"Cleave","floor":5},{"not_picked":["Headbutt","Whirlwind"],"picked":"Inflame","floor":6},{"not_picked":["Twin Strike","Warcry","Cleave"],"picked":"SKIP","floor":8},{"not_picked":["Headbutt","Cleave","Warcry"],"picked":"SKIP","floor":10},{"not_picked":["Warcry","Whirlwind"],"picked":"Evolve","floor":13},{"not_picked":["Blood for Blood","Searing Blow"],"picked":"Shockwave","floor":14},{"not_picked":["Double Tap","Juggernaut"],"picked":"Reaper","floor":16},{"not_picked":["Headbutt","Perfected Strike"],"picked":"Shrug It Off","floor":18},{"not_picked":["Bloodletting+1","Infernal Blade"],"picked":"Flame Barrier","floor":19},{"not_picked":["Headbutt","Cleave"],"picked":"Spot Weakness+1","floor":22},{"not_picked":["Clash","Pommel Strike"],"picked":"Warcry+1","floor":24},{"not_picked":["Pummel","Pommel Strike"],"picked":"Shockwave","floor":28},{"not_picked":["Juggernaut","Fiend Fire"],"picked":"Offering","floor":33},{"not_picked":["Pommel Strike"],"picked":"SKIP","floor":35},{"not_picked":[],"picked":"Finesse","floor":36},{"not_picked":[],"picked":"Metamorphosis","floor":36},{"not_picked":[],"picked":"Clothesline","floor":38},{"not_picked":["Twin Strike"],"picked":"SKIP","floor":39},{"not_picked":["Havoc"],"picked":"SKIP","floor":40},{"not_picked":[],"picked":"Pommel Strike+1","floor":42},{"not_picked":[],"picked":"Disarm","floor":47},{"not_picked":["Armaments"],"picked":"SKIP","floor":48}],"player_experience":821348,"relics_obtained":[{"floor":6,"key":"MawBank"},{"floor":8,"key":"Mercury Hourglass"},{"floor":9,"key":"Bag of Preparation"},{"floor":10,"key":"Tiny Chest"},{"floor":14,"key":"Bronze Scales"},{"floor":24,"key":"Vajra"},{"floor":26,"key":"Pen Nib"},{"floor":37,"key":"Turnip"},{"floor":40,"key":"Centennial Puzzle"},{"floor":42,"key":"Juzu Bracelet"},{"floor":43,"key":"Calipers"},{"floor":47,"key":"Boot"}],"event_choices":[{"damage_healed":0,"gold_gain":0,"player_choice":"Ignored","damage_taken":0,"max_hp_gain":0,"max_hp_loss":0,"event_name":"Liars Game","floor":12,"gold_loss":0},{"damage_healed":16,"gold_gain":0,"player_choice":"Heal","damage_taken":0,"max_hp_gain":0,"max_hp_loss":0,"event_name":"The Library","floor":20,"gold_loss":0},{"cards_removed":["Strike_R"],"damage_healed":0,"gold_gain":0,"player_choice":"Gave Gold","damage_taken":0,"max_hp_gain":0,"max_hp_loss":0,"event_name":"Beggar","floor":27,"gold_loss":75},{"damage_healed":0,"gold_gain":0,"player_choice":"Simplicity","damage_taken":0,"max_hp_gain":0,"max_hp_loss":0,"event_name":"Back to Basics","floor":31,"gold_loss":0,"cards_upgraded":["Defend_R","Defend_R","Defend_R"]},{"damage_healed":0,"gold_gain":0,"player_choice":"Memory 3","damage_taken":10,"max_hp_gain":0,"max_hp_loss":0,"event_name":"SensoryStone","floor":36,"gold_loss":0},{"damage_healed":0,"gold_gain":0,"player_choice":"Fight","damage_taken":0,"max_hp_gain":0,"max_hp_loss":0,"event_name":"MindBloom","floor":37,"gold_loss":0},{"damage_healed":0,"gold_gain":0,"player_choice":"Ignored","damage_taken":0,"max_hp_gain":0,"max_hp_loss":0,"event_name":"Tomb of Lord Red Mask","floor":44,"gold_loss":0},{"cards_removed":["Cleave"],"damage_healed":0,"gold_gain":0,"player_choice":"Gave Card","damage_taken":0,"relics_obtained":["Dodecahedron"],"max_hp_gain":0,"max_hp_loss":0,"event_name":"WeMeetAgain","floor":46,"gold_loss":0}],"is_beta":false,"boss_relics":[{"not_picked":["Runic Dome","Eternal Feather"],"picked":"Sozu"},{"not_picked":["Empty Cage","Orrery"],"picked":"Busted Crown"}],"items_purged_floors":[30],"is_endless":false,"potions_floor_spawned":[3,5,6,8,16,18,22,28,35,39,40],"killed_by":"Shield and Spear","ascension_level":18}