{"gold_per_floor":[117,117,137,212,236,236,43,87,114,114,129,150,150,165,165,285,285,309,129,150,170,190,225,225,260,308,308,344,344,359,397,397,526,589,610,630,630,630,644,644,683,683],"floor_reached":42,"playtime":3038,"items_purged":["Strike_R","Strike_R"],"score":735,"play_id":"a7bc8e38-f03a-4849-b859-340131a4988d","local_time":"20190405211247","is_ascension_mode":true,"campfire_choices":[{"data":"Armaments","floor":6.0,"key":"SMITH"},{"data":"Bash","floor":10.0,"key":"SMITH"},{"data":"Battle Trance","floor":13.0,"key":"SMITH"},{"floor":15.0,"key":"REST"},{"data":"True Grit","floor":24.0,"key":"SMITH"},{"floor":27.0,"key":"REST"},{"floor":32.0,"key":"REST"},{"data":"Barricade","floor":40.0,"key":"SMITH"}],"neow_cost":"TEN_PERCENT_HP_LOSS","seed_source_timestamp":0,"circlet_count":0,"master_deck":["Strike_R","Strike_R","Strike_R","Defend_R","Defend_R","Defend_R","Defend_R","Bash+1","Cleave","Ghostly Armor","Armaments+1","Spot Weakness","Blind+1","Battle Trance+1","Inflame","Dropkick","Offering","Inflame","True Grit+1","Thunderclap+1","Headbutt","Barricade+1","Heavy Blade+1","Carnage+1","Shrug It Off","True Grit+1","Corruption"],"special_seed":0,"relics":["Burning Blood","Charon\u0027s Ashes","Golden Idol","Blood Vial","Velvet Choker","Du-Vu Doll","Orichalcum","Red Skull","FossilizedHelix","Nloth\u0027s Gift","Vajra","Tiny House","Spirit Poop","Pantograph"],"potions_floor_usage":[41,41,41,42],"damage_taken":[{"damage":9.0,"enemies":"Small Slimes","floor":1.0,"turns":5.0},{"damage":4.0,"enemies":"Jaw Worm","floor":3.0,"turns":4.0},{"damage":0.0,"enemies":"Cultist","floor":5.0,"turns":5.0},{"damage":30.0,"enemies":"3 Sentries","floor":8.0,"turns":6.0},{"damage":6.0,"enemies":"Looter","floor":11.0,"turns":3.0},{"damage":1.0,"enemies":"Lots of Slimes","floor":12.0,"turns":4.0},{"damage":15.0,"enemies":"3 Louse","floor":14.0,"turns":3.0},{"damage":27.0,"enemies":"The Guardian","floor":16.0,"turns":9.0},{"damage":2.0,"enemies":"Chosen","floor":18.0,"turns":3.0},{"damage":14.0,"enemies":"2 Thieves","floor":20.0,"turns":5.0},{"damage":18.0,"enemies":"Snake Plant","floor":21.0,"turns":4.0},{"damage":21.0,"enemies":"3 Cultists","floor":22.0,"turns":5.0},{"damage":20.0,"enemies":"Gremlin Leader","floor":23.0,"turns":5.0},{"damage":21.0,"enemies":"Book of Stabbing","floor":25.0,"turns":5.0},{"damage":9.0,"enemies":"Slavers","floor":28.0,"turns":3.0},{"damage":12.0,"enemies":"Cultist and Chosen","floor":30.0,"turns":4.0},{"damage":5.0,"enemies":"Book of Stabbing","floor":31.0,"turns":6.0},{"damage":25.0,"enemies":"Collector","floor":33.0,"turns":6.0},{"damage":0.0,"enemies":"Orb Walker","floor":35.0,"turns":3.0},{"damage":10.0,"enemies":"3 Darklings","floor":36.0,"turns":5.0},{"damage":11.0,"enemies":"Sphere and 2 Shapes","floor":39.0,"turns":7.0},{"damage":73,"enemies":"Giant Head","floor":41,"turns":8},{"damage":16,"enemies":"Jaw Worm Horde","floor":42,"turns":2}],"seed_played":"-5853526101124915936","potions_obtained":[{"floor":5.0,"key":"SpeedPotion"},{"floor":12.0,"key":"PowerPotion"},{"floor":14.0,"key":"Poison Potion"},{"floor":20.0,"key":"EssenceOfSteel"},{"floor":21.0,"key":"SpeedPotion"},{"floor":22.0,"key":"PowerPotion"},{"floor":23.0,"key":"Poison Potion"},{"floor":30.0,"key":"Weak Potion"},{"floor":34.0,"key":"GamblersBrew"},{"floor":36.0,"key":"FearPotion"},{"floor":39.0,"key":"Fruit Juice"},{"floor":41,"key":"Explosive Potion"}],"is_trial":false,"path_per_floor":["M","?","M","?","M","R","$","E","T","R","M","M","R","M","R","B",null,"M","$","M","M","M","E","R","E","T","R","E","?","M","E","R","B",null,"M","M","?","?","M","R","E","M"],"character_chosen":"IRONCLAD","items_purchased":["Spot Weakness","Blind","Inflame"],"campfire_rested":3,"item_purchase_floors":[7,7,19],"current_hp_per_floor":[69,51,53,42,48,48,48,24,24,24,26,33,33,26,47,28,61,67,67,61,51,38,26,26,13,13,34,33,33,29,32,53,36,68,76,73,77,77,72,72,12,0],"gold":683,"neow_bonus":"ONE_RARE_RELIC","is_prod":false,"is_daily":false,"chose_seed":false,"campfire_upgraded":5,"win_rate":0,"timestamp":1554491567,"path_taken":["M","?","M","?","M","R","$","E","T","R","M","M","R","M","R","BOSS","M","$","M","M","M","E","R","E","T","R","E","?","M","E","R","BOSS","M","M","?","?","?","R","E","M"],"build_version":"2019-01-23","purchased_purges":2,"victory":false,"max_hp_per_floor":[72,72,72,72,72,72,72,72,72,72,72,72,72,72,72,72,72,72,72,72,72,72,72,72,72,72,72,72,72,72,72,72,72,77,77,77,77,77,77,77,82,82],"card_choices":[{"not_picked":["Flex","Combust"],"picked":"Cleave","floor":1.0},{"not_picked":["Combust","Wild Strike"],"picked":"Ghostly Armor","floor":3.0},{"not_picked":["Sever Soul","Double Tap"],"picked":"Armaments","floor":5.0},{"not_picked":["Pummel","Searing Blow"],"picked":"Battle Trance","floor":8.0},{"not_picked":["Clash","Burning Pact","Hemokinesis"],"picked":"SKIP","floor":11.0},{"not_picked":["Sever Soul","Cleave"],"picked":"Inflame","floor":12.0},{"not_picked":["Infernal Blade","Clothesline"],"picked":"Dropkick","floor":14.0},{"not_picked":["Dark Embrace","Immolate"],"picked":"Offering","floor":16.0},{"not_picked":["Hemokinesis","Second Wind","Flex"],"picked":"SKIP","floor":18.0},{"not_picked":["Thunderclap","Pommel Strike","Dropkick"],"picked":"SKIP","floor":20.0},{"not_picked":["Clash","Wild Strike"],"picked":"True Grit","floor":21.0},{"not_picked":["Blood for Blood","Bloodletting+1"],"picked":"Thunderclap+1","floor":22.0},{"not_picked":["Clash+1","Body Slam+1","Combust"],"picked":"SKIP","floor":23.0},{"not_picked":["Flex","Fire Breathing","Battle Trance"],"picked":"SKIP","floor":25.0},{"not_picked":["Perfected Strike+1","Exhume"],"picked":"Headbutt","floor":28.0},{"not_picked":["Infernal Blade","Flex","Rupture"],"picked":"SKIP","floor":30.0},{"not_picked":["Warcry+1","Intimidate","Bludgeon"],"picked":"SKIP","floor":31.0},{"not_picked":["Brutality","Demon Form"],"picked":"Barricade","floor":33.0},{"not_picked":["Iron Wave","Reckless Charge"],"picked":"Heavy Blade+1","floor":34.0},{"not_picked":["Clothesline+1","Body Slam"],"picked":"Carnage+1","floor":35.0},{"not_picked":["Flex+1","Pommel Strike"],"picked":"Shrug It Off","floor":36.0},{"not_picked":["Armaments","Cleave+1"],"picked":"True Grit+1","floor":39.0},{"not_picked":["Impervious","Flex+1"],"picked":"Corruption","floor":41}],"player_experience":85552,"relics_obtained":[{"floor":8.0,"key":"Boot"},{"floor":9.0,"key":"Blood Vial"},{"floor":23.0,"key":"Du-Vu Doll"},{"floor":25.0,"key":"Orichalcum"},{"floor":26.0,"key":"Red Skull"},{"floor":28.0,"key":"FossilizedHelix"},{"floor":31.0,"key":"Vajra"},{"floor":41,"key":"Pantograph"}],"event_choices":[{"damage_healed":0.0,"max_hp_gain":0.0,"max_hp_loss":0.0,"gold_gain":0.0,"event_name":"Golden Idol","player_choice":"Take Damage","floor":2.0,"gold_loss":0.0,"damage_taken":18.0,"relics_obtained":["Golden Idol"]},{"damage_healed":0.0,"max_hp_gain":0.0,"max_hp_loss":0.0,"gold_gain":75.0,"event_name":"World of Goop","player_choice":"Gather Gold","floor":4.0,"gold_loss":0.0,"damage_taken":11.0},{"damage_healed":0.0,"max_hp_gain":0.0,"max_hp_loss":0.0,"gold_gain":0.0,"event_name":"N\u0027loth","player_choice":"Traded Relic","floor":29.0,"relics_lost":["Boot"],"gold_loss":0.0,"damage_taken":0.0,"relics_obtained":["Nloth\u0027s Gift"]},{"damage_healed":19.0,"max_hp_gain":0.0,"max_hp_loss":0.0,"gold_gain":0.0,"event_name":"Winding Halls","player_choice":"Writhe","floor":37.0,"gold_loss":0.0,"damage_taken":0.0,"cards_obtained":["Writhe"]},{"cards_removed":["Writhe"],"damage_healed":0.0,"max_hp_gain":0.0,"max_hp_loss":0.0,"gold_gain":0.0,"event_name":"Bonfire Elementals","player_choice":"Offered Curse","floor":38.0,"gold_loss":0.0,"damage_taken":0.0,"relics_obtained":["Spirit Poop"]}],"is_beta":false,"boss_relics":[{"not_picked":["Runic Pyramid","Black Blood"],"picked":"Velvet Choker"},{"not_picked":["White Beast Statue","Empty Cage"],"picked":"Tiny House"}],"items_purged_floors":[7,19],"is_endless":false,"potions_floor_spawned":[5,12,14,20,21,22,23,30,36,39,41],"killed_by":"Jaw Worm Horde","ascension_level":8}