{"gold_per_floor":[111,124,144,144,156,156,156,186,186,186,220,238,295,311,311,385,385,395,395,465,481,531,531,531],"floor_reached":24,"playtime":1372,"items_purged":[],"score":395,"play_id":"123552cf-15f6-4db5-9b01-02d7a66e1160","local_time":"20190519030607","is_ascension_mode":true,"campfire_choices":[{"data":"Shrug It Off","floor":6.0,"key":"SMITH"},{"data":"Strike_R","floor":15.0,"key":"PURGE"},{"data":"Anger","floor":23.0,"key":"SMITH"}],"neow_cost":"NONE","seed_source_timestamp":56627986923042,"circlet_count":0,"master_deck":["AscendersBane","Strike_R","Strike_R+1","Strike_R","Defend_R","Defend_R","Defend_R+1","Defend_R","Bash","Deep Breath","Shrug It Off+1","Intimidate","Shrug It Off+1","Headbutt","Pommel Strike","Anger+1","Iron Wave","Pummel","Offering","Pommel Strike","Headbutt+1"],"special_seed":0,"relics":["Burning Blood","Omamori","Meat on the Bone","Peace Pipe","Mercury Hourglass","Sozu","SsserpentHead"],"potions_floor_usage":[],"damage_taken":[{"damage":3.0,"enemies":"Cultist","floor":1.0,"turns":5.0},{"damage":0.0,"enemies":"2 Louse","floor":2.0,"turns":4.0},{"damage":10.0,"enemies":"Small Slimes","floor":3.0,"turns":7.0},{"damage":3.0,"enemies":"Exordium Wildlife","floor":5.0,"turns":6.0},{"damage":14.0,"enemies":"Gremlin Nob","floor":8.0,"turns":4.0},{"damage":29.0,"enemies":"3 Sentries","floor":11.0,"turns":10.0},{"damage":13.0,"enemies":"Blue Slaver","floor":12.0,"turns":2.0},{"damage":19.0,"enemies":"3 Sentries","floor":13.0,"turns":10.0},{"damage":0.0,"enemies":"Lots of Slimes","floor":14.0,"turns":3.0},{"damage":46.0,"enemies":"Slime Boss","floor":16.0,"turns":13.0},{"damage":19.0,"enemies":"Shell Parasite","floor":18.0,"turns":6.0},{"damage":20.0,"enemies":"Spheric Guardian","floor":20.0,"turns":5.0},{"damage":15.0,"enemies":"Snake Plant","floor":21.0,"turns":4.0},{"damage":32,"enemies":"Book of Stabbing","floor":24,"turns":4}],"seed_played":"-5530260883616541102","potions_obtained":[{"floor":1.0,"key":"Poison Potion"},{"floor":3.0,"key":"LiquidBronze"},{"floor":11.0,"key":"Ancient Potion"},{"floor":14.0,"key":"Weak Potion"}],"is_trial":false,"path_per_floor":["M","M","M","?","M","R","?","E","T","?","E","M","?","M","R","B",null,"M","?","M","M","?","R","E"],"character_chosen":"IRONCLAD","items_purchased":[],"campfire_rested":0,"item_purchase_floors":[],"current_hp_per_floor":[71,75,71,48,51,51,51,43,43,36,25,30,29,47,47,19,61,48,48,46,49,49,49,17],"gold":531,"neow_bonus":"RANDOM_COLORLESS","is_prod":false,"is_daily":false,"chose_seed":false,"campfire_upgraded":2,"win_rate":0,"timestamp":1558260367,"path_taken":["M","M","?","?","M","R","?","E","T","?","E","M","?","?","R","BOSS","M","?","?","M","?","R","E"],"build_version":"2019-01-23","purchased_purges":0,"victory":false,"max_hp_per_floor":[75,75,75,75,75,75,75,75,75,75,75,75,75,75,75,75,75,75,75,75,75,75,75,75],"card_choices":[{"not_picked":["Spot Weakness","Carnage"],"picked":"Shrug It Off","floor":1.0},{"not_picked":["Wild Strike","Warcry"],"picked":"Intimidate","floor":2.0},{"not_picked":["Second Wind","Cleave"],"picked":"Shrug It Off","floor":3.0},{"not_picked":["Power Through","Pummel"],"picked":"Headbutt","floor":5.0},{"not_picked":["Heavy Blade","Corruption"],"picked":"Pommel Strike","floor":8.0},{"not_picked":["Fire Breathing","Second Wind"],"picked":"Anger","floor":11.0},{"not_picked":["Exhume","Armaments"],"picked":"Iron Wave","floor":12.0},{"not_picked":["Corruption","Cleave"],"picked":"Pummel","floor":14.0},{"not_picked":["Berserk","Feed"],"picked":"Offering","floor":16.0},{"not_picked":["Heavy Blade+1","Blood for Blood"],"picked":"Pommel Strike","floor":18.0},{"not_picked":["Clash","Armaments","Feel No Pain"],"picked":"SKIP","floor":20.0},{"not_picked":["Havoc","Searing Blow"],"picked":"Headbutt+1","floor":21.0}],"player_experience":775965,"relics_obtained":[{"floor":8.0,"key":"Omamori"},{"floor":9.0,"key":"Meat on the Bone"},{"floor":11.0,"key":"Peace Pipe"},{"floor":13.0,"key":"Mercury Hourglass"}],"event_choices":[{"damage_healed":0.0,"max_hp_gain":0.0,"max_hp_loss":0.0,"gold_gain":0.0,"event_name":"Shining Light","player_choice":"Entered Light","floor":4.0,"gold_loss":0.0,"damage_taken":23.0,"cards_upgraded":["Strike_R","Defend_R"]},{"damage_healed":0.0,"max_hp_gain":0.0,"max_hp_loss":0.0,"gold_gain":0.0,"event_name":"Living Wall","player_choice":"Grow","floor":7.0,"gold_loss":0.0,"damage_taken":0.0,"cards_upgraded":["Shrug It Off"]},{"cards_removed":["Strike_R"],"damage_healed":0.0,"max_hp_gain":0.0,"max_hp_loss":0.0,"gold_gain":0.0,"event_name":"Golden Wing","player_choice":"Card Removal","floor":10.0,"gold_loss":0.0,"damage_taken":7.0},{"damage_healed":0.0,"max_hp_gain":0.0,"max_hp_loss":0.0,"gold_gain":0.0,"event_name":"Dead Adventurer","player_choice":"Searched \u00271\u0027 times","floor":13.0,"gold_loss":0.0,"damage_taken":0.0},{"damage_healed":0.0,"max_hp_gain":0.0,"max_hp_loss":0.0,"gold_gain":0.0,"event_name":"FaceTrader","player_choice":"Trade","floor":19.0,"gold_loss":0.0,"damage_taken":0.0,"relics_obtained":["SsserpentHead"]},{"damage_healed":0.0,"max_hp_gain":0.0,"max_hp_loss":0.0,"gold_gain":0.0,"event_name":"Ghosts","player_choice":"Ignored","floor":22.0,"gold_loss":0.0,"damage_taken":0.0}],"is_beta":false,"boss_relics":[{"not_picked":["Orrery","Fusion Hammer"],"picked":"Sozu"}],"items_purged_floors":[],"is_endless":false,"potions_floor_spawned":[1,3,11,14,18,21],"killed_by":"Book of Stabbing","ascension_level":18}