{"gold_per_floor":[113,132,150,150,170,170,201,201,201,214,214,31,57,4,4,76,126,146,146,166,166,166,198,198,212,212,212,231,181,191,87,87,87],"floor_reached":33,"playtime":2098,"items_purged":["Strike_G"],"score":585,"play_id":"56c2e3c3-2923-4d12-ab3c-ccf3bc04e2ac","local_time":"20190518212937","is_ascension_mode":true,"campfire_choices":[{"data":"Burst","floor":6.0,"key":"SMITH"},{"floor":8.0,"key":"REST"},{"floor":11.0,"key":"REST"},{"data":"Backflip","floor":15.0,"key":"SMITH"},{"floor":24,"key":"REST"},{"floor":27,"key":"REST"},{"floor":32,"key":"REST"}],"neow_cost":"NONE","seed_source_timestamp":3275980318133096,"circlet_count":0,"master_deck":["AscendersBane","Defend_G","Defend_G","Defend_G+1","Defend_G","Strike_G","Strike_G","Strike_G","Survivor","Neutralize","Backflip+1","Masterful Stab","Burst+1","Neutralize","Catalyst","Storm of Steel","Dagger Spray","Backflip+1","Cloak And Dagger","Dash","Panacea+1","Die Die Die","Cloak And Dagger","Corpse Explosion","Dagger Throw","Terror","Riddle With Holes","Deadly Poison","Deadly Poison","Deadly Poison","Dagger Throw+1","Acrobatics+1","Bane"],"special_seed":0,"relics":["Sozu","Lantern","Boot","Ornamental Fan","Tiny House","Ancient Tea Set"],"potions_floor_usage":[],"damage_taken":[{"damage":10.0,"enemies":"Jaw Worm","floor":1.0,"turns":6.0},{"damage":0.0,"enemies":"Cultist","floor":2.0,"turns":4.0},{"damage":1.0,"enemies":"Small Slimes","floor":3.0,"turns":4.0},{"damage":0.0,"enemies":"2 Fungi Beasts","floor":5.0,"turns":3.0},{"damage":40.0,"enemies":"Lagavulin","floor":7.0,"turns":12.0},{"damage":0.0,"enemies":"3 Louse","floor":10.0,"turns":3.0},{"damage":0.0,"enemies":"3 Sentries","floor":13.0,"turns":7.0},{"damage":12,"enemies":"The Guardian","floor":16,"turns":16},{"damage":0,"enemies":"3 Byrds","floor":18,"turns":4},{"damage":7,"enemies":"Shell Parasite","floor":20,"turns":4},{"damage":52,"enemies":"Book of Stabbing","floor":23,"turns":8},{"damage":10,"enemies":"Shelled Parasite and Fungi","floor":25,"turns":3},{"damage":10,"enemies":"Centurion and Healer","floor":28,"turns":6},{"damage":23,"enemies":"Snecko","floor":30,"turns":6},{"damage":25,"enemies":"Automaton","floor":33,"turns":6}],"seed_played":"4551734178135732311","potions_obtained":[],"is_trial":false,"path_per_floor":["M","M","M","?","M","R","E","R","T","M","R","$","E","$","R","B",null,"M","?","M","?","?","E","R","M","T","R","M","?","M","$","R","B"],"character_chosen":"THE_SILENT","items_purchased":["Dash","Panacea","Cloak And Dagger","Bane"],"campfire_rested":5,"item_purchase_floors":[12,12,14,31],"current_hp_per_floor":[49,49,48,48,48,48,8,27,27,27,46,46,46,46,46,34,63,63,63,56,56,56,4,25,15,15,36,26,26,3,3,24,0],"gold":87,"neow_bonus":"BOSS_RELIC","is_prod":false,"is_daily":false,"chose_seed":false,"campfire_upgraded":2,"win_rate":0,"timestamp":1558240177,"path_taken":["M","M","M","?","M","R","E","R","T","M","R","$","E","?","R","BOSS","M","?","M","?","?","E","R","M","T","R","M","?","?","?","R","BOSS"],"build_version":"2019-01-23","purchased_purges":1,"victory":false,"max_hp_per_floor":[66,66,66,66,66,66,66,66,66,66,66,66,66,66,66,66,71,71,71,71,71,71,71,71,71,71,71,71,71,71,71,71,71],"card_choices":[{"not_picked":["Deflect","Dodge and Roll"],"picked":"Backflip","floor":1.0},{"not_picked":["Outmaneuver","Flechettes"],"picked":"Masterful Stab","floor":2.0},{"not_picked":["Deflect","Concentrate"],"picked":"Burst","floor":3.0},{"not_picked":["Eviscerate","Dodge and Roll"],"picked":"Backflip","floor":5.0},{"not_picked":["Outmaneuver","Bane"],"picked":"Cloak And Dagger","floor":7.0},{"not_picked":["Slice","Quick Slash","Catalyst"],"picked":"SKIP","floor":10.0},{"not_picked":["Choke","Backflip"],"picked":"Die Die Die","floor":13.0},{"not_picked":["Malaise","Storm of Steel"],"picked":"Corpse Explosion","floor":16},{"not_picked":["Dodge and Roll","Dagger Spray"],"picked":"Dagger Throw","floor":17},{"not_picked":["Reflex","Blade Dance","Dodge and Roll"],"picked":"SKIP","floor":18},{"not_picked":["Sucker Punch","Blade Dance"],"picked":"Deadly Poison","floor":20},{"not_picked":["Skewer","Accuracy"],"picked":"Deadly Poison","floor":23},{"not_picked":["Underhanded Strike","Outmaneuver+1"],"picked":"Deadly Poison","floor":25},{"not_picked":["Masterful Stab","Deflect"],"picked":"Dagger Throw+1","floor":28},{"not_picked":["Poisoned Stab","Prepared"],"picked":"Acrobatics+1","floor":30}],"player_experience":647023,"relics_obtained":[{"floor":7.0,"key":"Lantern"},{"floor":9.0,"key":"Boot"},{"floor":13.0,"key":"Ornamental Fan"},{"floor":23,"key":"Ancient Tea Set"}],"event_choices":[{"damage_healed":0.0,"max_hp_gain":0.0,"max_hp_loss":0.0,"gold_gain":0.0,"event_name":"Match and Keep!","player_choice":"4 cards matched","floor":4.0,"gold_loss":0.0,"damage_taken":0.0,"cards_obtained":["Neutralize","Catalyst","Storm of Steel","Dagger Spray"]},{"damage_healed":0,"gold_gain":0,"cards_transformed":["Defend_G","Strike_G"],"player_choice":"Became Test Subject","damage_taken":0,"max_hp_gain":0,"max_hp_loss":0,"event_name":"Drug Dealer","floor":19,"gold_loss":0,"cards_obtained":["Terror","Riddle With Holes"]},{"damage_healed":0,"gold_gain":0,"player_choice":"Ignored","damage_taken":0,"max_hp_gain":0,"max_hp_loss":0,"event_name":"Ghosts","floor":21,"gold_loss":0},{"damage_healed":0,"gold_gain":0,"player_choice":"Ignored","damage_taken":0,"max_hp_gain":0,"max_hp_loss":0,"event_name":"Vampires","floor":22,"gold_loss":0},{"damage_healed":0,"gold_gain":0,"player_choice":"Upgraded Two","damage_taken":0,"max_hp_gain":0,"max_hp_loss":0,"event_name":"Designer","floor":29,"gold_loss":50,"cards_upgraded":["Backflip","Panacea"]}],"is_beta":false,"boss_relics":[{"not_picked":["Runic Dome","Velvet Choker"],"picked":"Tiny House"}],"items_purged_floors":[31],"is_endless":false,"potions_floor_spawned":[3,5,13,23,28],"killed_by":"Automaton","ascension_level":16}