{"gold_per_floor":[366,42,57,57,67,67,102,102,102,115,125,135,135,146,146,146],"floor_reached":16,"playtime":523,"items_purged":["Pain"],"score":208,"play_id":"452dbf99-99ce-490d-a320-d0765d1e0014","local_time":"20190607174043","is_ascension_mode":true,"campfire_choices":[{"data":"Die Die Die","floor":6.0,"key":"SMITH"},{"floor":8.0,"key":"REST"},{"floor":15.0,"key":"REST"}],"neow_cost":"CURSE","seed_source_timestamp":1382657357307255,"circlet_count":0,"master_deck":["AscendersBane","Defend_G","Defend_G","Defend_G","Defend_G","Defend_G","Strike_G","Strike_G","Strike_G","Strike_G","Strike_G","Survivor","Neutralize","Dagger Spray","Footwork","Die Die Die+1","Poisoned Stab","Footwork","Crippling Poison","Infinite Blades","Deadly Poison"],"special_seed":0,"relics":["Ring of the Snake","Bronze Scales","Bottled Tornado","Pear"],"potions_floor_usage":[16,16],"damage_taken":[{"damage":17.0,"enemies":"Cultist","floor":1.0,"turns":5.0},{"damage":0.0,"enemies":"2 Louse","floor":3.0,"turns":2.0},{"damage":4.0,"enemies":"Jaw Worm","floor":5.0,"turns":4.0},{"damage":23.0,"enemies":"3 Sentries","floor":7.0,"turns":5.0},{"damage":1.0,"enemies":"Gremlin Gang","floor":10.0,"turns":2.0},{"damage":12.0,"enemies":"Large Slime","floor":11.0,"turns":5.0},{"damage":0.0,"enemies":"Exordium Wildlife","floor":12.0,"turns":3.0},{"damage":9.0,"enemies":"3 Louse","floor":14.0,"turns":2.0},{"damage":60,"enemies":"Slime Boss","floor":16,"turns":7}],"seed_played":"-1667411923689515287","potions_obtained":[{"floor":3.0,"key":"LiquidBronze"},{"floor":7.0,"key":"Block Potion"},{"floor":11.0,"key":"Weak Potion"},{"floor":14.0,"key":"Regen Potion"}],"is_trial":false,"path_per_floor":["M","$","M","$","M","R","E","R","T","M","M","M","?","M","R","B"],"character_chosen":"THE_SILENT","items_purchased":["Footwork","Bronze Scales"],"campfire_rested":2,"item_purchase_floors":[2,2],"current_hp_per_floor":[42,42,42,42,38,38,15,34,44,43,31,31,31,22,44,0],"gold":146,"neow_bonus":"TWO_FIFTY_GOLD","is_prod":false,"is_daily":false,"chose_seed":false,"campfire_upgraded":1,"win_rate":0,"timestamp":1559954443,"path_taken":["M","$","M","?","M","R","E","R","T","M","M","M","?","M","R","BOSS"],"build_version":"2019-01-23","purchased_purges":1,"victory":false,"max_hp_per_floor":[66,66,66,66,66,66,66,66,76,76,76,76,76,76,76,76],"card_choices":[{"not_picked":["Dagger Throw","Acrobatics"],"picked":"Dagger Spray","floor":1.0},{"not_picked":["Flying Knee","Slice","Flechettes"],"picked":"SKIP","floor":3.0},{"not_picked":["Deadly Poison","Slice"],"picked":"Die Die Die","floor":5.0},{"not_picked":["Deflect","Distraction"],"picked":"Poisoned Stab","floor":7.0},{"not_picked":["Dodge and Roll","Tactician"],"picked":"Footwork","floor":10.0},{"not_picked":["Dodge and Roll","Dagger Throw"],"picked":"Crippling Poison","floor":11.0},{"not_picked":["Acrobatics","Terror"],"picked":"Infinite Blades","floor":12.0},{"not_picked":["Dodge and Roll","Acrobatics"],"picked":"Deadly Poison","floor":14.0}],"player_experience":842981,"relics_obtained":[{"floor":7.0,"key":"Bottled Tornado"},{"floor":9.0,"key":"Pear"}],"event_choices":[{"damage_healed":0.0,"max_hp_gain":0.0,"max_hp_loss":0.0,"gold_gain":0.0,"event_name":"Shining Light","player_choice":"Ignored","floor":13.0,"gold_loss":0.0,"damage_taken":0.0}],"is_beta":false,"boss_relics":[],"items_purged_floors":[2],"is_endless":false,"potions_floor_spawned":[3,7,11,14],"killed_by":"Slime Boss","ascension_level":20}