{"gold_per_floor":[361,326,343,418,435,435,451,221,248,274,274,274,307,257,257,335,335,352,369,28,74,74,74,6,6,6,6,6,22,22,22,22,101,151,168,187,187,187,206,238,255,255,326,351,351,312,322,91,91,91],"floor_reached":51,"playtime":2402,"items_purged":[],"score":1305,"play_id":"7f30413f-a739-4813-be6d-a6bd88935bbd","local_time":"20190607045817","is_ascension_mode":true,"campfire_choices":[{"data":"Noxious Fumes","floor":6.0,"key":"SMITH"},{"data":"Footwork","floor":12.0,"key":"SMITH"},{"data":"Adrenaline","floor":15.0,"key":"SMITH"},{"data":"Corpse Explosion","floor":23.0,"key":"SMITH"},{"data":"Noxious Fumes","floor":25.0,"key":"SMITH"},{"data":"Blur","floor":27.0,"key":"SMITH"},{"data":"Survivor","floor":30.0,"key":"SMITH"},{"data":"Deadly Poison","floor":32.0,"key":"SMITH"},{"floor":42,"key":"REST"},{"data":"Secret Technique","floor":45,"key":"SMITH"},{"floor":49,"key":"REST"}],"neow_cost":"PERCENT_DAMAGE","seed_source_timestamp":254521449862000,"circlet_count":0,"master_deck":["AscendersBane","Defend_G+1","Defend_G+1","Defend_G+1","Defend_G+1","Defend_G+1","Strike_G+1","Strike_G+1","Strike_G+1","Survivor+1","Neutralize+1","Blur+1","Noxious Fumes+1","Prepared","Blur","Footwork+1","Noxious Fumes+1","Adrenaline+1","Corpse Explosion+1","Deadly Poison+1","Deflect+1","Well Laid Plans","Well Laid Plans+1","Flying Knee","Adrenaline","Sucker Punch","Noxious Fumes+1","Backflip+1","Dark Shackles","Secret Technique+1","PiercingWail+1","Escape Plan+1","Acrobatics+1","Flying Knee+1","Blur","Catalyst","Sadistic Nature+1"],"special_seed":0,"relics":["Ring of the Snake","Lee\u0027s Waffle","Strawberry","Whetstone","Unceasing Top","Busted Crown","Frozen Egg 2","Boot","Question Card","Gambling Chip","Tiny House","Happy Flower","Letter Opener","Art of War"],"potions_floor_usage":[40,50],"damage_taken":[{"damage":0.0,"enemies":"Small Slimes","floor":1.0,"turns":5.0},{"damage":1.0,"enemies":"Jaw Worm","floor":3.0,"turns":7.0},{"damage":1.0,"enemies":"Cultist","floor":5.0,"turns":4.0},{"damage":7.0,"enemies":"3 Louse","floor":7.0,"turns":3.0},{"damage":5.0,"enemies":"Lagavulin","floor":10.0,"turns":9.0},{"damage":6.0,"enemies":"3 Sentries","floor":13.0,"turns":6.0},{"damage":8.0,"enemies":"The Guardian","floor":16.0,"turns":11.0},{"damage":0.0,"enemies":"Chosen","floor":18.0,"turns":6.0},{"damage":4.0,"enemies":"Spheric Guardian","floor":19.0,"turns":5.0},{"damage":20.0,"enemies":"Snecko","floor":29.0,"turns":6.0},{"damage":33.0,"enemies":"Collector","floor":33.0,"turns":8.0},{"damage":0.0,"enemies":"3 Shapes","floor":35.0,"turns":2.0},{"damage":0.0,"enemies":"3 Darklings","floor":36.0,"turns":4.0},{"damage":3,"enemies":"Sphere and 2 Shapes","floor":39,"turns":5},{"damage":32,"enemies":"Reptomancer","floor":40,"turns":7},{"damage":5,"enemies":"4 Shapes","floor":41,"turns":5},{"damage":0,"enemies":"Giant Head","floor":44,"turns":8},{"damage":0,"enemies":"Jaw Worm Horde","floor":47,"turns":3},{"damage":35,"enemies":"Donu and Deca","floor":50,"turns":7}],"seed_played":"-6836309670041360231","potions_obtained":[{"floor":1.0,"key":"Fire Potion"},{"floor":3.0,"key":"PowerPotion"},{"floor":34.0,"key":"SneckoOil"},{"floor":36.0,"key":"Fire Potion"},{"floor":40,"key":"FearPotion"},{"floor":41,"key":"Swift Potion"}],"is_trial":false,"path_per_floor":["M","?","M","?","M","R","M","$","T","E","?","R","E","$","R","B",null,"M","M","$","T","?","R","$","R","T","R","?","M","R","T","R","B",null,"M","M","?","?","M","E","M","R","T","E","R","$","M","$","R","B",null],"character_chosen":"THE_SILENT","items_purchased":["Lee\u0027s Waffle","Footwork","SkillPotion","Well Laid Plans","Frozen Egg 2","Well Laid Plans+1","Blur","Sadistic Nature+1","Poison Potion"],"campfire_rested":2,"item_purchase_floors":[8,8,14,20,20,24,46,48,48],"current_hp_per_floor":[44,60,59,53,52,52,45,73,80,75,75,75,69,69,69,61,75,75,71,71,71,71,71,71,71,71,71,71,51,51,51,51,18,70,70,70,65,65,62,30,25,50,50,50,50,50,50,50,75,40],"gold":91,"neow_bonus":"TWO_FIFTY_GOLD","is_prod":false,"is_daily":false,"chose_seed":false,"campfire_upgraded":9,"win_rate":0,"timestamp":1559908697,"path_taken":["M","?","M","?","M","R","?","$","T","E","?","R","E","$","R","BOSS","M","?","$","?","?","R","$","R","T","R","?","M","R","?","R","BOSS","M","M","?","?","M","E","?","R","T","E","R","$","M","$","R","BOSS"],"build_version":"2019-01-23","purchased_purges":0,"victory":true,"max_hp_per_floor":[66,66,66,66,66,66,66,73,80,80,80,80,80,80,80,80,80,80,80,80,80,80,80,80,80,80,80,80,80,80,80,80,80,85,85,85,85,85,85,85,85,85,85,85,85,85,85,85,85,85],"card_choices":[{"not_picked":["Heel Hook","Finisher"],"picked":"Blur","floor":1.0},{"not_picked":["Dagger Spray","Acrobatics"],"picked":"Noxious Fumes","floor":3.0},{"not_picked":["Blade Dance","Quick Slash"],"picked":"Prepared","floor":5.0},{"not_picked":["Outmaneuver","Poisoned Stab"],"picked":"Blur","floor":7.0},{"not_picked":["Bane","Dodge and Roll"],"picked":"Noxious Fumes","floor":10.0},{"not_picked":["Endless Agony","Flying Knee"],"picked":"Adrenaline","floor":13.0},{"not_picked":["Grand Finale","Burst"],"picked":"Corpse Explosion","floor":16.0},{"not_picked":[],"picked":"Deadly Poison","floor":18.0},{"not_picked":[],"picked":"Deflect","floor":19.0},{"not_picked":["Dagger Spray"],"picked":"Flying Knee","floor":29.0},{"not_picked":["Corpse Explosion"],"picked":"Adrenaline","floor":33.0},{"not_picked":["Deflect"],"picked":"Sucker Punch","floor":34.0},{"not_picked":["Backflip"],"picked":"Noxious Fumes+1","floor":35.0},{"not_picked":["Quick Slash"],"picked":"Backflip+1","floor":36.0},{"not_picked":["Dramatic Entrance"],"picked":"Dark Shackles","floor":37},{"not_picked":["Deep Breath"],"picked":"Secret Technique","floor":37},{"not_picked":["Predator"],"picked":"PiercingWail+1","floor":39},{"not_picked":["Deflect"],"picked":"Escape Plan+1","floor":40},{"not_picked":["Deflect"],"picked":"Acrobatics+1","floor":41},{"not_picked":["Dagger Throw"],"picked":"Flying Knee+1","floor":44},{"not_picked":["Underhanded Strike"],"picked":"Catalyst","floor":47}],"player_experience":350605,"relics_obtained":[{"floor":9.0,"key":"Strawberry"},{"floor":10.0,"key":"Whetstone"},{"floor":13.0,"key":"Unceasing Top"},{"floor":21.0,"key":"Boot"},{"floor":26.0,"key":"Question Card"},{"floor":31.0,"key":"Gambling Chip"},{"floor":40,"key":"Happy Flower"},{"floor":43,"key":"Letter Opener"},{"floor":44,"key":"Art of War"}],"event_choices":[{"damage_healed":16.0,"max_hp_gain":0.0,"max_hp_loss":0.0,"gold_gain":0.0,"event_name":"The Cleric","player_choice":"Healed","floor":2.0,"gold_loss":35.0,"damage_taken":0.0},{"damage_healed":0.0,"max_hp_gain":0.0,"max_hp_loss":0.0,"gold_gain":75.0,"event_name":"FaceTrader","player_choice":"Touch","floor":4.0,"gold_loss":0.0,"damage_taken":6.0},{"cards_removed":["Strike_G"],"damage_healed":0.0,"max_hp_gain":0.0,"max_hp_loss":0.0,"gold_gain":0.0,"event_name":"Purifier","player_choice":"Purged","floor":11.0,"gold_loss":0.0,"damage_taken":0.0},{"damage_healed":0.0,"max_hp_gain":0.0,"max_hp_loss":0.0,"gold_gain":0.0,"event_name":"Back to Basics","player_choice":"Simplicity","floor":22.0,"gold_loss":0.0,"damage_taken":0.0,"cards_upgraded":["Defend_G","Defend_G","Defend_G","Defend_G","Defend_G","Strike_G","Strike_G","Strike_G"]},{"damage_healed":0.0,"max_hp_gain":0.0,"max_hp_loss":0.0,"gold_gain":0.0,"event_name":"Beggar","player_choice":"Ignored","floor":28.0,"gold_loss":0.0,"damage_taken":0.0},{"damage_healed":0,"gold_gain":0,"player_choice":"Memory 2","damage_taken":5,"max_hp_gain":0,"max_hp_loss":0,"event_name":"SensoryStone","floor":37,"gold_loss":0},{"cards_removed":["Strike_G"],"damage_healed":0,"gold_gain":0,"player_choice":"Removed Attack","damage_taken":0,"max_hp_gain":0,"max_hp_loss":0,"event_name":"Falling","floor":38,"gold_loss":0}],"is_beta":false,"boss_relics":[{"not_picked":["Pandora\u0027s Box","Calling Bell"],"picked":"Busted Crown"},{"not_picked":["WristBlade","Empty Cage"],"picked":"Tiny House"}],"items_purged_floors":[],"is_endless":false,"potions_floor_spawned":[1,3,5,36,40,41],"ascension_level":14}