{"gold_per_floor":[119,131,146,146,156,184,184,196,220,249,265,365,398,416,416,489,489,499,516,527,527,527,75,75,41,120,145,145,172,183,214,214,285,285,296,1,1,19,29,60,77,110,136,181,207,238,250,274,286,298,310,322,18,48,48],"floor_reached":56,"playtime":4711,"items_purged":["Shame","Injury","Regret"],"score":2175,"play_id":"d09d9606-50ec-4184-b495-5542e51efebe","local_time":"20190525181207","is_ascension_mode":true,"campfire_choices":[{"data":"Creative AI","floor":15.0,"key":"SMITH"},{"data":"Sunder","floor":24.0,"key":"SMITH"},{"data":"Capacitor","floor":28.0,"key":"SMITH"},{"data":"Loop","floor":32.0,"key":"SMITH"},{"floor":47.0,"key":"RECALL"},{"data":"Buffer","floor":49.0,"key":"SMITH"},{"data":"Defend_B","floor":52.0,"key":"SMITH"}],"neow_cost":"NONE","seed_source_timestamp":256974494046977,"circlet_count":0,"master_deck":["AscendersBane","Strike_B","Strike_B","Strike_B+1","Defend_B","Defend_B+1","Defend_B+1","Defend_B+1","Zap+1","Dualcast","Ball Lightning","Self Repair","Go for the Eyes+1","Sunder+1","Ball Lightning","Chill+1","Genetic Algorithm+1","Chaos+1","Doom and Gloom+1","Creative AI+1","Coolheaded+1","Seek+1","FTL+1","Ghostly+1","Ghostly+1","Ghostly+1","Ghostly+1","Ghostly+1","Coolheaded+1","Loop+1","Capacitor+1","Coolheaded+1","Redo+1","Buffer+1","Tempest+1","Glacier+1","Consume+1","Chill+1","Biased Cognition","Secret Technique+1","Loop"],"special_seed":0,"relics":["Cracked Core","Regal Pillow","Toxic Egg 2","Vajra","Smiling Mask","PreservedInsect","Cursed Key","War Paint","Thread and Needle","Dodecahedron","Lantern","Whetstone","Inserter","Mummified Hand","Strawberry","DataDisk","Ancient Tea Set","MawBank","Gambling Chip","Emotion Chip"],"potions_floor_usage":[55],"damage_taken":[{"damage":5.0,"enemies":"Small Slimes","floor":1.0,"turns":3.0},{"damage":0.0,"enemies":"Jaw Worm","floor":2.0,"turns":3.0},{"damage":1.0,"enemies":"Cultist","floor":3.0,"turns":3.0},{"damage":7.0,"enemies":"2 Fungi Beasts","floor":5.0,"turns":3.0},{"damage":6.0,"enemies":"Gremlin Nob","floor":6.0,"turns":3.0},{"damage":0.0,"enemies":"Large Slime","floor":8.0,"turns":4.0},{"damage":17.0,"enemies":"3 Sentries","floor":10.0,"turns":8.0},{"damage":0.0,"enemies":"Exordium Wildlife","floor":11.0,"turns":1.0},{"damage":23.0,"enemies":"Gremlin Nob","floor":13.0,"turns":4.0},{"damage":0.0,"enemies":"Exordium Thugs","floor":14.0,"turns":3.0},{"damage":22.0,"enemies":"The Guardian","floor":16.0,"turns":12.0},{"damage":5.0,"enemies":"Chosen","floor":18.0,"turns":3.0},{"damage":24.0,"enemies":"2 Thieves","floor":19.0,"turns":4.0},{"damage":18.0,"enemies":"Snake Plant","floor":20.0,"turns":5.0},{"damage":0.0,"enemies":"Gremlin Leader","floor":27.0,"turns":6.0},{"damage":8.0,"enemies":"Slavers","floor":29.0,"turns":4.0},{"damage":0.0,"enemies":"Centurion and Healer","floor":30.0,"turns":9.0},{"damage":0.0,"enemies":"Book of Stabbing","floor":31.0,"turns":6.0},{"damage":30.0,"enemies":"Collector","floor":33.0,"turns":11.0},{"damage":20.0,"enemies":"3 Darklings","floor":35.0,"turns":8.0},{"damage":0.0,"enemies":"3 Shapes","floor":38.0,"turns":4.0},{"damage":0.0,"enemies":"Transient","floor":39.0,"turns":5.0},{"damage":0.0,"enemies":"Nemesis","floor":40.0,"turns":9.0},{"damage":0.0,"enemies":"Spire Growth","floor":41.0,"turns":7.0},{"damage":10.0,"enemies":"Reptomancer","floor":42.0,"turns":7.0},{"damage":0.0,"enemies":"Nemesis","floor":44.0,"turns":7.0},{"damage":0.0,"enemies":"Jaw Worm Horde","floor":45.0,"turns":5.0},{"damage":0.0,"enemies":"Transient","floor":46.0,"turns":5.0},{"damage":0.0,"enemies":"Spire Growth","floor":48.0,"turns":6.0},{"damage":6.0,"enemies":"Awakened One","floor":50.0,"turns":18.0},{"damage":0.0,"enemies":"Shield and Spear","floor":54.0,"turns":8.0},{"damage":33,"enemies":"The Heart","floor":55,"turns":11}],"seed_played":"-2038108335280807128","potions_obtained":[{"floor":2.0,"key":"Energy Potion"},{"floor":6.0,"key":"AttackPotion"},{"floor":13.0,"key":"Energy Potion"},{"floor":20.0,"key":"FearPotion"},{"floor":38.0,"key":"PowerPotion"},{"floor":41.0,"key":"EssenceOfSteel"},{"floor":44.0,"key":"GamblersBrew"},{"floor":46.0,"key":"SkillPotion"}],"is_trial":false,"path_per_floor":["M","M","M","?","M","E","?","M","T","E","M","?","E","M","R","B",null,"M","M","M","?","?","$","R","$","T","E","R","E","M","E","R","B",null,"M","$","?","M","M","E","M","E","T","E","M","M","R","M","R","B",null,"R","$","E","B",null],"character_chosen":"DEFECT","items_purchased":["Thread and Needle","Coolheaded+1","Loop","Capacitor","Mummified Hand","LiquidBronze","Secret Technique+1"],"campfire_rested":0,"item_purchase_floors":[23,23,23,25,36,53,53],"current_hp_per_floor":[63,63,69,69,69,70,55,62,62,52,52,52,36,43,43,28,63,58,41,30,30,30,30,30,30,30,37,37,36,37,37,37,14,31,11,11,18,25,32,39,44,41,41,44,44,44,44,44,44,44,44,44,44,44,18],"gold":48,"neow_bonus":"RANDOM_COMMON_RELIC","is_prod":false,"is_daily":false,"chose_seed":false,"campfire_upgraded":6,"win_rate":0,"timestamp":1558833127,"path_taken":["M","M","M","?","M","E","?","?","T","E","M","?","E","M","R","BOSS","M","M","?","?","?","$","R","?","T","E","R","E","M","E","R","BOSS","M","$","?","M","M","E","?","E","T","E","?","M","R","M","R","BOSS","R","$","E","BOSS"],"build_version":"2019-01-23","purchased_purges":3,"victory":true,"max_hp_per_floor":[75,75,75,75,75,75,75,75,75,75,75,75,75,75,75,75,75,75,75,75,75,37,37,37,37,37,37,37,37,37,37,37,37,37,37,37,44,44,44,44,44,44,44,44,44,44,44,44,44,44,44,44,44,44,44],"card_choices":[{"not_picked":["Coolheaded","Steam"],"picked":"Ball Lightning","floor":1.0},{"not_picked":["Turbo","Steam Power"],"picked":"Self Repair","floor":2.0},{"not_picked":["Hologram","Static Discharge"],"picked":"Go for the Eyes","floor":3.0},{"not_picked":["Rainbow","Steam"],"picked":"Ball Lightning","floor":5.0},{"not_picked":["Conserve Battery","Static Discharge"],"picked":"Chill","floor":6.0},{"not_picked":["Streamline","Steam+1"],"picked":"Genetic Algorithm+1","floor":8.0},{"not_picked":["Streamline","Undo+1"],"picked":"Chaos+1","floor":10.0},{"not_picked":["Barrage","Beam Cell"],"picked":"Doom and Gloom","floor":11.0},{"not_picked":["Cold Snap","Hologram+1"],"picked":"Creative AI","floor":13.0},{"not_picked":["Sweeping Beam","Leap+1"],"picked":"Coolheaded+1","floor":14.0},{"not_picked":["Buffer","Meteor Strike"],"picked":"Seek+1","floor":16.0},{"not_picked":["Stack+1","Ball Lightning","Force Field+1"],"picked":"SKIP","floor":18.0},{"not_picked":["Turbo+1","Aggregate+1","Ball Lightning"],"picked":"SKIP","floor":19.0},{"not_picked":["Sweeping Beam","Chill+1"],"picked":"FTL+1","floor":20.0},{"not_picked":["Heatsinks+1","Ball Lightning","Beam Cell"],"picked":"SKIP","floor":27.0},{"not_picked":["Skim+1","Streamline"],"picked":"Coolheaded+1","floor":29.0},{"not_picked":["Rebound","Hologram+1","Blizzard"],"picked":"SKIP","floor":30.0},{"not_picked":["Cold Snap","Ball Lightning"],"picked":"Redo+1","floor":31.0},{"not_picked":["Meteor Strike","Machine Learning"],"picked":"Buffer","floor":33.0},{"not_picked":["Turbo+1","Hologram+1"],"picked":"Tempest+1","floor":35.0},{"not_picked":["Loop","Stack+1"],"picked":"Glacier+1","floor":38.0},{"not_picked":["Chaos+1","Steam Power+1"],"picked":"Consume+1","floor":39.0},{"not_picked":["Stack+1","Hologram+1"],"picked":"Chill+1","floor":40.0},{"not_picked":["Conserve Battery+1","Go for the Eyes","Gash"],"picked":"SKIP","floor":41.0},{"not_picked":["Go for the Eyes","Static Discharge","Aggregate+1"],"picked":"SKIP","floor":42.0},{"not_picked":["Compile Driver","Gash+1"],"picked":"Biased Cognition","floor":44.0},{"not_picked":["Force Field+1","Coolheaded+1","Sweeping Beam"],"picked":"SKIP","floor":45.0},{"not_picked":["Redo+1","Gash+1","Barrage"],"picked":"SKIP","floor":46.0},{"not_picked":["Gash+1","Auto Shields+1","Stack+1"],"picked":"SKIP","floor":48.0},{"not_picked":["Compile Driver","Genetic Algorithm+1"],"picked":"Loop","floor":54.0}],"player_experience":715208,"relics_obtained":[{"floor":6.0,"key":"Toxic Egg 2"},{"floor":9.0,"key":"Vajra"},{"floor":10.0,"key":"Smiling Mask"},{"floor":13.0,"key":"PreservedInsect"},{"floor":27.0,"key":"Dodecahedron"},{"floor":29.0,"key":"Lantern"},{"floor":31.0,"key":"Whetstone"},{"floor":40.0,"key":"DataDisk"},{"floor":42.0,"key":"Ancient Tea Set"},{"floor":43.0,"key":"MawBank"},{"floor":44.0,"key":"Gambling Chip"},{"floor":54.0,"key":"Emotion Chip"}],"event_choices":[{"damage_healed":0.0,"max_hp_gain":0.0,"max_hp_loss":0.0,"gold_gain":0.0,"cards_transformed":["Strike_B"],"event_name":"Living Wall","player_choice":"Change","floor":4.0,"gold_loss":0.0,"damage_taken":0.0,"cards_obtained":["Sunder"]},{"damage_healed":0.0,"max_hp_gain":0.0,"max_hp_loss":0.0,"gold_gain":0.0,"event_name":"Shining Light","player_choice":"Entered Light","floor":7.0,"gold_loss":0.0,"damage_taken":15.0,"cards_upgraded":["Zap","Strike_B"]},{"damage_healed":0.0,"max_hp_gain":0.0,"max_hp_loss":0.0,"gold_gain":100.0,"event_name":"Golden Shrine","player_choice":"Pray","floor":12.0,"gold_loss":0.0,"damage_taken":0.0},{"damage_healed":0.0,"max_hp_gain":0.0,"max_hp_loss":0.0,"gold_gain":0.0,"event_name":"Addict","player_choice":"Stole Relic","floor":21.0,"gold_loss":0.0,"damage_taken":0.0,"relics_obtained":["War Paint"],"cards_obtained":["Shame"]},{"damage_healed":0.0,"max_hp_gain":0.0,"max_hp_loss":38.0,"gold_gain":0.0,"event_name":"Ghosts","player_choice":"Became a Ghost","floor":22.0,"gold_loss":0.0,"damage_taken":0.0,"cards_obtained":["Ghostly","Ghostly","Ghostly","Ghostly","Ghostly"]},{"damage_healed":0.0,"max_hp_gain":0.0,"max_hp_loss":0.0,"gold_gain":0.0,"event_name":"WeMeetAgain","player_choice":"Gave Potion","floor":37.0,"gold_loss":0.0,"damage_taken":0.0,"relics_obtained":["Strawberry"]}],"is_beta":false,"boss_relics":[{"not_picked":["Snecko Eye","Busted Crown"],"picked":"Cursed Key"},{"not_picked":["Sozu","Tiny House"],"picked":"Inserter"}],"items_purged_floors":[23,36,53],"is_endless":false,"potions_floor_spawned":[2,6,8,13,14,16,20,29,38,41,44,46,48],"ascension_level":13}