{"gold_per_floor":[18,18,36,36,46,78,78,90,143,158,158,158,158,184,184,284,284,294,304,52,0,12,12],"floor_reached":23,"playtime":1670,"items_purged":[],"score":201,"play_id":"34f3aa0c-1abc-4f1a-9ed4-191fc30f7b84","local_time":"20190604192445","is_ascension_mode":false,"campfire_choices":[{"floor":7,"key":"REST"},{"data":"Armaments","floor":11,"key":"SMITH"},{"data":"Evolve","floor":15,"key":"SMITH"}],"neow_cost":"NO_GOLD","seed_source_timestamp":119910402313515,"circlet_count":0,"master_deck":["Bash","Evolve+1","Iron Wave","Metallicize","Twin Strike","Armaments+1","Rage","Berserk","Carnage","Bloodletting","Juggernaut","Fiend Fire","Brutality","Reaper","Clothesline","Rage","Entrench+1","Body Slam"],"relics":["Burning Blood","Happy Flower","PreservedInsect","Tiny Chest","Pear","FossilizedHelix","Pandora\u0027s Box","Sling"],"potions_floor_usage":[],"damage_taken":[{"damage":6,"enemies":"2 Louse","floor":1,"turns":4},{"damage":8,"enemies":"Jaw Worm","floor":3,"turns":6},{"damage":2,"enemies":"Small Slimes","floor":5,"turns":4},{"damage":32,"enemies":"Gremlin Nob","floor":6,"turns":6},{"damage":4,"enemies":"Looter","floor":8,"turns":3},{"damage":3,"enemies":"Red Slaver","floor":10,"turns":5},{"damage":5,"enemies":"3 Sentries","floor":14,"turns":6},{"damage":7,"enemies":"Slime Boss","floor":16,"turns":12},{"damage":7,"enemies":"Chosen","floor":18,"turns":4},{"damage":39,"enemies":"2 Thieves","floor":19,"turns":4},{"damage":32,"enemies":"Snake Plant","floor":22,"turns":5},{"damage":49,"enemies":"Slavers","floor":23,"turns":3}],"seed_played":"-1506569117771618374","potions_obtained":[{"floor":3,"key":"SkillPotion"},{"floor":5,"key":"Swift Potion"},{"floor":6,"key":"LiquidBronze"},{"floor":18,"key":"FairyPotion"}],"is_trial":false,"path_per_floor":["M","?","M","$","M","E","R","M","T","M","R","?","T","E","R","B",null,"M","M","$","?","M","E"],"character_chosen":"IRONCLAD","items_purchased":["Sling","Body Slam"],"campfire_rested":1,"item_purchase_floors":[20,20],"current_hp_per_floor":[80,47,45,45,49,23,47,49,49,52,52,52,62,63,63,62,90,89,56,56,56,30,0],"gold":12,"neow_bonus":"REMOVE_TWO","is_prod":false,"is_daily":false,"chose_seed":false,"campfire_upgraded":2,"win_rate":0,"timestamp":1559690685,"path_taken":["M","?","M","$","M","E","R","M","T","M","R","?","?","E","R","BOSS","M","M","$","?","M","E"],"build_version":"2019-01-23","purchased_purges":0,"victory":false,"max_hp_per_floor":[80,80,80,80,80,80,80,80,80,80,80,80,90,90,90,90,90,90,90,90,90,90,90],"card_choices":[{"not_picked":["Twin Strike","Wild Strike"],"picked":"Evolve","floor":1},{"not_picked":["True Grit","Disarm"],"picked":"Iron Wave","floor":3},{"not_picked":["Intimidate","Clash"],"picked":"Metallicize","floor":5},{"not_picked":["Bloodletting","Corruption","Warcry"],"picked":"SKIP","floor":6},{"not_picked":["Blood for Blood","Warcry"],"picked":"Twin Strike","floor":8},{"not_picked":["Metallicize","Hemokinesis"],"picked":"Armaments","floor":10},{"not_picked":["Wild Strike","Spot Weakness"],"picked":"Rage","floor":14},{"not_picked":["Limit Break","Offering"],"picked":"Berserk","floor":16},{"not_picked":["Heavy Blade","Clash"],"picked":"Rage","floor":18},{"not_picked":["Anger","Headbutt+1"],"picked":"Entrench+1","floor":19},{"not_picked":["Fire Breathing+1","Headbutt","Burning Pact"],"picked":"SKIP","floor":22}],"player_experience":69991,"relics_obtained":[{"floor":6,"key":"PreservedInsect"},{"floor":9,"key":"Tiny Chest"},{"floor":13,"key":"Pear"},{"floor":14,"key":"FossilizedHelix"}],"event_choices":[{"damage_healed":0,"gold_gain":0,"player_choice":"Success","damage_taken":33,"relics_obtained":["Happy Flower"],"max_hp_gain":0,"max_hp_loss":0,"event_name":"Scrap Ooze","floor":2,"gold_loss":0},{"damage_healed":0,"gold_gain":0,"player_choice":"Ignored","damage_taken":0,"max_hp_gain":0,"max_hp_loss":0,"event_name":"Liars Game","floor":12,"gold_loss":0},{"damage_healed":0,"gold_gain":0,"player_choice":"Paid Fearfully","damage_taken":0,"max_hp_gain":0,"max_hp_loss":0,"event_name":"Masked Bandits","floor":21,"gold_loss":52}],"is_beta":false,"boss_relics":[{"not_picked":["Calling Bell","Philosopher\u0027s Stone"],"picked":"Pandora\u0027s Box"}],"items_purged_floors":[],"is_endless":false,"potions_floor_spawned":[3,5,6,10,18,19],"killed_by":"Slavers","ascension_level":0}