{"gold_per_floor":[113,131,131,149,149,149,176,176,176,211,211,211,211,241,241,339,389,401,420,420,155,171,171,171,171,171,183,183,196,121,140,140,237,237,253,353,353,369,384,384,410,429,454,454,473,20,30,43,43,43],"floor_reached":51,"playtime":3430,"items_purged":[],"score":1045,"play_id":"f473f42a-4dd3-43c6-99f1-fa90f74df74c","local_time":"20190531193652","is_ascension_mode":true,"campfire_choices":[{"data":"Dash","floor":6.0,"key":"SMITH"},{"floor":8.0,"key":"REST"},{"data":"Bouncing Flask","floor":11.0,"key":"SMITH"},{"floor":13.0,"key":"REST"},{"data":"Neutralize","floor":15.0,"key":"SMITH"},{"data":"Catalyst","floor":23.0,"key":"SMITH"},{"data":"Catalyst","floor":25.0,"key":"SMITH"},{"data":"Deflect","floor":28.0,"key":"SMITH"},{"floor":32.0,"key":"REST"},{"data":"Well Laid Plans","floor":40.0,"key":"SMITH"},{"data":"PiercingWail","floor":44,"key":"SMITH"},{"floor":49,"key":"REST"}],"neow_cost":"NONE","seed_source_timestamp":210044206983000,"circlet_count":0,"master_deck":["Defend_G","Defend_G","Defend_G","Defend_G","Strike_G","Strike_G","Strike_G+1","Strike_G+1","Survivor+1","Neutralize+1","Sucker Punch","Dash+1","Bouncing Flask+1","Backstab","Venomology+1","PiercingWail+1","Catalyst+1","Deflect+1","Catalyst+1","Poisoned Stab","Distraction+1","Calculated Gamble+1","Deadly Poison+1","Terror+1","Corpse Explosion+1","Distraction+1","Outmaneuver+1","Blur+1","Well Laid Plans+1","Deflect+1","Bane+1","Catalyst+1","Backflip+1","PiercingWail+1","Prepared+1","Footwork","Crippling Poison+1","Blind+1","Sadistic Nature","Deadly Poison+1","Outmaneuver+1"],"special_seed":0,"relics":["Ring of the Snake","WarpedTongs","Dead Branch","Thread and Needle","FossilizedHelix","Juzu Bracelet","Tiny House","Regal Pillow","Toxic Egg 2","Orrery","Pocketwatch","Omamori","Pen Nib","Art of War"],"potions_floor_usage":[41,45,48,50,50,50],"damage_taken":[{"damage":6.0,"enemies":"Jaw Worm","floor":1.0,"turns":6.0},{"damage":2.0,"enemies":"Cultist","floor":2.0,"turns":4.0},{"damage":2.0,"enemies":"Small Slimes","floor":4.0,"turns":6.0},{"damage":26.0,"enemies":"Gremlin Nob","floor":7.0,"turns":5.0},{"damage":0.0,"enemies":"Lagavulin","floor":10.0,"turns":6.0},{"damage":16.0,"enemies":"Hexaghost","floor":16.0,"turns":11.0},{"damage":0.0,"enemies":"Chosen","floor":18.0,"turns":4.0},{"damage":8.0,"enemies":"Spheric Guardian","floor":19.0,"turns":5.0},{"damage":0.0,"enemies":"Snake Plant","floor":22.0,"turns":4.0},{"damage":0.0,"enemies":"Sentry and Sphere","floor":27.0,"turns":6.0},{"damage":0.0,"enemies":"3 Cultists","floor":29.0,"turns":4.0},{"damage":0.0,"enemies":"Snake Plant","floor":31.0,"turns":2.0},{"damage":0.0,"enemies":"Collector","floor":33.0,"turns":3.0},{"damage":0.0,"enemies":"3 Darklings","floor":35.0,"turns":3.0},{"damage":0.0,"enemies":"Mind Bloom Boss Battle","floor":36.0,"turns":3.0},{"damage":0.0,"enemies":"Orb Walker","floor":38.0,"turns":3.0},{"damage":0.0,"enemies":"Spire Growth","floor":39.0,"turns":3.0},{"damage":9,"enemies":"Reptomancer","floor":41,"turns":4},{"damage":0,"enemies":"Sphere and 2 Shapes","floor":42,"turns":3},{"damage":0,"enemies":"Maw","floor":45,"turns":2},{"damage":24,"enemies":"Jaw Worm Horde","floor":47,"turns":4},{"damage":0,"enemies":"Transient","floor":48,"turns":4},{"damage":64,"enemies":"Awakened One","floor":50,"turns":13}],"seed_played":"1307475495642738599","potions_obtained":[{"floor":1.0,"key":"SteroidPotion"},{"floor":16.0,"key":"SpeedPotion"},{"floor":17.0,"key":"Weak Potion"},{"floor":19.0,"key":"Dexterity Potion"},{"floor":24.0,"key":"AttackPotion"},{"floor":24.0,"key":"Fruit Juice"},{"floor":38.0,"key":"SkillPotion"},{"floor":39.0,"key":"GhostInAJar"},{"floor":48,"key":"Explosive Potion"}],"is_trial":false,"path_per_floor":["M","M","?","M","?","R","E","R","T","E","R","?","R","?","R","B",null,"M","M","?","$","M","R","?","R","T","M","R","M","?","M","R","B",null,"M","?","?","M","M","R","E","M","T","R","M","$","M","M","R","B",null],"character_chosen":"THE_SILENT","items_purchased":["Catalyst","Regal Pillow","Poisoned Stab","Crippling Poison+1","Blind+1","Sadistic Nature","Art of War"],"campfire_rested":4,"item_purchase_floors":[21,21,21,46,46,46,46],"current_hp_per_floor":[57,55,55,53,53,53,27,48,48,48,48,34,55,55,55,39,67,67,59,59,59,59,59,59,59,59,64,64,64,64,64,80,80,80,80,80,80,80,80,80,71,71,71,71,71,71,47,47,80,16],"gold":43,"neow_bonus":"UPGRADE_CARD","is_prod":false,"is_daily":false,"chose_seed":false,"campfire_upgraded":8,"win_rate":0,"timestamp":1559356612,"path_taken":["M","M","?","?","?","R","E","R","T","E","R","?","R","?","R","BOSS","M","M","?","$","M","R","?","R","T","M","R","M","?","M","R","BOSS","M","?","?","M","M","R","E","M","T","R","M","$","M","M","R","BOSS"],"build_version":"2019-01-23","purchased_purges":0,"victory":true,"max_hp_per_floor":[70,70,70,70,70,70,70,70,70,70,70,70,70,70,70,70,75,75,75,75,75,75,75,75,75,75,80,80,80,80,80,80,80,80,80,80,80,80,80,80,80,80,80,80,80,80,80,80,80,80],"card_choices":[{"not_picked":["Infinite Blades","Blade Dance"],"picked":"Sucker Punch","floor":1.0},{"not_picked":["Acrobatics","Quick Slash"],"picked":"Dash","floor":2.0},{"not_picked":["Cloak And Dagger","Eviscerate","Reflex"],"picked":"SKIP","floor":4.0},{"not_picked":["Well Laid Plans","Heel Hook"],"picked":"Bouncing Flask","floor":7.0},{"not_picked":["Masterful Stab","Endless Agony"],"picked":"Backstab","floor":10.0},{"not_picked":["Glass Knife","Die Die Die"],"picked":"Venomology","floor":16.0},{"not_picked":["Flechettes","Blade Dance"],"picked":"PiercingWail","floor":17.0},{"not_picked":["Skewer","Poisoned Stab"],"picked":"Catalyst","floor":18.0},{"not_picked":["Cloak And Dagger","Acrobatics"],"picked":"Deflect","floor":19.0},{"not_picked":["Reflex","Riddle With Holes"],"picked":"Distraction+1","floor":22.0},{"not_picked":["Flechettes","Flying Knee"],"picked":"Calculated Gamble+1","floor":27.0},{"not_picked":["Dagger Throw+1","Dodge and Roll+1"],"picked":"Deadly Poison+1","floor":29.0},{"not_picked":["Wraith Form v2","Caltrops"],"picked":"Terror+1","floor":31.0},{"not_picked":["Grand Finale","Burst+1"],"picked":"Corpse Explosion+1","floor":33.0},{"not_picked":["Deflect+1","Setup+1"],"picked":"Distraction+1","floor":34.0},{"not_picked":["Sucker Punch+1","Underhanded Strike+1"],"picked":"Outmaneuver+1","floor":34.0},{"not_picked":["Finisher+1","All Out Attack+1"],"picked":"Blur+1","floor":34.0},{"not_picked":["Acrobatics+1","Caltrops"],"picked":"Well Laid Plans","floor":34.0},{"not_picked":["Riddle With Holes+1","Dagger Spray+1"],"picked":"Deflect+1","floor":35.0},{"not_picked":["Die Die Die","Masterful Stab"],"picked":"Bane+1","floor":36.0},{"not_picked":["Masterful Stab+1","Cloak And Dagger+1","Heel Hook"],"picked":"SKIP","floor":38.0},{"not_picked":["Outmaneuver+1","Flying Knee"],"picked":"Backflip+1","floor":39.0},{"not_picked":["Cloak And Dagger+1","Glass Knife"],"picked":"PiercingWail+1","floor":41},{"not_picked":["Blade Dance+1","Slice+1"],"picked":"Prepared+1","floor":42},{"not_picked":["Outmaneuver+1","Terror+1"],"picked":"Footwork","floor":45},{"not_picked":["Underhanded Strike+1","Sucker Punch"],"picked":"Deadly Poison+1","floor":47},{"not_picked":["Poisoned Stab+1","Dagger Spray+1"],"picked":"Outmaneuver+1","floor":48}],"player_experience":185684,"relics_obtained":[{"floor":7.0,"key":"Dead Branch"},{"floor":9.0,"key":"Thread and Needle"},{"floor":10.0,"key":"FossilizedHelix"},{"floor":26.0,"key":"Toxic Egg 2"},{"floor":36.0,"key":"Pocketwatch"},{"floor":41,"key":"Omamori"},{"floor":43,"key":"Pen Nib"}],"event_choices":[{"damage_healed":0.0,"max_hp_gain":0.0,"max_hp_loss":0.0,"gold_gain":0.0,"event_name":"Accursed Blacksmith","player_choice":"Rummage","floor":3.0,"gold_loss":0.0,"damage_taken":0.0,"relics_obtained":["WarpedTongs"],"cards_obtained":["Pain"]},{"cards_removed":["Pain"],"damage_healed":0.0,"max_hp_gain":0.0,"max_hp_loss":0.0,"gold_gain":0.0,"event_name":"Living Wall","player_choice":"Forget","floor":5.0,"gold_loss":0.0,"damage_taken":0.0},{"damage_healed":0.0,"max_hp_gain":0.0,"max_hp_loss":0.0,"gold_gain":0.0,"event_name":"Shining Light","player_choice":"Entered Light","floor":12.0,"gold_loss":0.0,"damage_taken":14.0,"cards_upgraded":["Strike_G","Strike_G"]},{"damage_healed":0.0,"max_hp_gain":0.0,"max_hp_loss":0.0,"gold_gain":30.0,"event_name":"Dead Adventurer","player_choice":"Searched \u00273\u0027 times","floor":14.0,"gold_loss":0.0,"damage_taken":0.0,"relics_obtained":["Juzu Bracelet"]},{"cards_removed":["Strike_G"],"damage_healed":0.0,"max_hp_gain":0.0,"max_hp_loss":0.0,"gold_gain":0.0,"event_name":"Purifier","player_choice":"Purged","floor":20.0,"gold_loss":0.0,"damage_taken":0.0},{"damage_healed":0.0,"max_hp_gain":0.0,"max_hp_loss":0.0,"gold_gain":0.0,"event_name":"Lab","player_choice":"Got Potions","floor":24.0,"gold_loss":0.0,"damage_taken":0.0},{"cards_removed":["Defend_G"],"damage_healed":0.0,"max_hp_gain":0.0,"max_hp_loss":0.0,"gold_gain":0.0,"event_name":"Beggar","player_choice":"Gave Gold","floor":30.0,"gold_loss":75.0,"damage_taken":0.0},{"damage_healed":0.0,"max_hp_gain":0.0,"max_hp_loss":0.0,"gold_gain":0.0,"event_name":"MindBloom","player_choice":"Fight","floor":36.0,"gold_loss":0.0,"damage_taken":0.0},{"damage_healed":0.0,"max_hp_gain":0.0,"max_hp_loss":0.0,"gold_gain":0.0,"event_name":"Duplicator","player_choice":"Copied","floor":37.0,"gold_loss":0.0,"damage_taken":0.0,"cards_obtained":["Catalyst"]}],"is_beta":false,"boss_relics":[{"not_picked":["Philosopher\u0027s Stone","Velvet Choker"],"picked":"Tiny House"},{"not_picked":["Calling Bell","WristBlade"],"picked":"Orrery"}],"items_purged_floors":[],"is_endless":false,"potions_floor_spawned":[1,16,19,31,36,38,39,42,45,48],"ascension_level":7}