{"gold_per_floor":[118,134,59,76,76,108,108,136,136,136,147,182,202,218,218,317,317,329,342,360,377,397,397,97,107,107,126,126,126,126,126,126,229,229,248,248,47,64,25,54,54,81,81,81,99,99,99,129,129,129],"floor_reached":51,"playtime":4611,"items_purged":["Strike_B"],"score":899,"play_id":"c56a7463-9838-4044-b7a5-163c8cd5d065","local_time":"20190516135737","is_ascension_mode":true,"campfire_choices":[{"data":"Zap","floor":7.0,"key":"SMITH"},{"data":"Redo","floor":10.0,"key":"SMITH"},{"floor":15.0,"key":"REST"},{"data":"Dualcast","floor":23.0,"key":"SMITH"},{"data":"Consume","floor":30.0,"key":"SMITH"},{"data":"Chill","floor":32.0,"key":"SMITH"},{"floor":41.0,"key":"REST"},{"data":"Seek","floor":44.0,"key":"SMITH"},{"data":"Capacitor","floor":47.0,"key":"SMITH"},{"data":"1","floor":49.0,"key":"LIFT"}],"neow_cost":"NONE","seed_source_timestamp":7592187859025,"circlet_count":0,"master_deck":["Zap+1","Dualcast+1","Redo+1","Glacier","Consume+1","Zap+1","Capacitor","Chill+1","Doom and Gloom","Self Repair","Rip and Tear","Barrage","Stack","Rebound","Capacitor+1","Sweeping Beam","Go for the Eyes","Reinforced Body+1","Chaos+1","Electrodynamics","Genetic Algorithm","Conserve Battery","Seek+1","Turbo+1","Consume+1","Loop+1","Undo","Double Energy+1"],"special_seed":0,"relics":["Cracked Core","Pen Nib","Ice Cream","Gremlin Horn","Darkstone Periapt","Pandora\u0027s Box","Juzu Bracelet","Bottled Tornado","Girya","Busted Crown","DollysMirror","Vajra","Omamori","Dead Branch","Thread and Needle"],"potions_floor_usage":[],"damage_taken":[{"damage":1.0,"enemies":"Cultist","floor":1.0,"turns":3.0},{"damage":4.0,"enemies":"Jaw Worm","floor":2.0,"turns":3.0},{"damage":0.0,"enemies":"Small Slimes","floor":4.0,"turns":3.0},{"damage":15.0,"enemies":"Lagavulin","floor":6.0,"turns":7.0},{"damage":12.0,"enemies":"Gremlin Nob","floor":8.0,"turns":4.0},{"damage":1.0,"enemies":"2 Fungi Beasts","floor":11.0,"turns":3.0},{"damage":4.0,"enemies":"3 Sentries","floor":12.0,"turns":9.0},{"damage":14.0,"enemies":"Blue Slaver","floor":13.0,"turns":3.0},{"damage":0.0,"enemies":"3 Louse","floor":14.0,"turns":3.0},{"damage":0.0,"enemies":"Slime Boss","floor":16.0,"turns":7.0},{"damage":0.0,"enemies":"3 Byrds","floor":18.0,"turns":4.0},{"damage":23.0,"enemies":"2 Thieves","floor":19.0,"turns":4.0},{"damage":0.0,"enemies":"Sentry and Sphere","floor":20.0,"turns":4.0},{"damage":20.0,"enemies":"Centurion and Healer","floor":21.0,"turns":7.0},{"damage":1.0,"enemies":"Chosen and Byrds","floor":22.0,"turns":5.0},{"damage":3.0,"enemies":"Snecko","floor":25.0,"turns":4.0},{"damage":29.0,"enemies":"Shelled Parasite and Fungi","floor":27.0,"turns":5.0},{"damage":2.0,"enemies":"Collector","floor":33.0,"turns":7.0},{"damage":4.0,"enemies":"3 Darklings","floor":35.0,"turns":4.0},{"damage":19.0,"enemies":"Orb Walker","floor":38.0,"turns":3.0},{"damage":28.0,"enemies":"Reptomancer","floor":40.0,"turns":5.0},{"damage":1.0,"enemies":"Nemesis","floor":42.0,"turns":7.0},{"damage":0.0,"enemies":"Jaw Worm Horde","floor":45.0,"turns":5.0},{"damage":0.0,"enemies":"Reptomancer","floor":48.0,"turns":6.0},{"damage":15,"enemies":"Time Eater","floor":50,"turns":10}],"seed_played":"-3345510872448423368","potions_obtained":[{"floor":6.0,"key":"Weak Potion"},{"floor":12.0,"key":"EssenceOfSteel"},{"floor":13.0,"key":"Swift Potion"},{"floor":19.0,"key":"SpeedPotion"},{"floor":20.0,"key":"Strength Potion"},{"floor":22.0,"key":"GamblersBrew"},{"floor":27.0,"key":"SkillPotion"},{"floor":40.0,"key":"Block Potion"},{"floor":42.0,"key":"Poison Potion"},{"floor":45.0,"key":"AttackPotion"}],"is_trial":false,"path_per_floor":["M","M","$","M","?","E","R","E","T","R","M","E","M","M","R","B",null,"M","M","M","M","M","R","$","M","T","M","?","?","R","?","R","B",null,"M","?","$","M","$","E","R","E","T","R","M","?","R","E","R","B",null],"character_chosen":"DEFECT","items_purchased":["Electrodynamics","Juzu Bracelet","DollysMirror","Loop"],"campfire_rested":2,"item_purchase_floors":[24,24,37,39],"current_hp_per_floor":[74,70,70,70,70,55,55,43,43,43,42,38,24,24,46,53,75,75,59,66,53,59,59,59,63,63,41,66,66,66,66,66,71,75,71,71,71,59,59,38,60,66,66,66,73,73,73,75,75,67],"gold":129,"neow_bonus":"UPGRADE_CARD","is_prod":false,"is_daily":false,"chose_seed":false,"campfire_upgraded":7,"win_rate":0,"timestamp":1558007857,"path_taken":["M","M","$","?","?","E","R","E","T","R","M","E","M","?","R","BOSS","M","M","?","M","M","R","$","M","T","M","?","?","R","?","R","BOSS","M","?","$","M","$","E","R","E","T","R","M","?","R","E","R","BOSS"],"build_version":"2019-01-23","purchased_purges":1,"victory":true,"max_hp_per_floor":[75,75,75,75,75,75,75,75,75,75,75,75,75,75,75,75,75,75,75,75,75,75,75,75,75,75,75,75,75,75,75,75,75,75,75,75,75,75,75,75,75,75,75,75,75,75,75,75,75,75],"card_choices":[{"not_picked":["Gash","Storm"],"picked":"Redo","floor":1.0},{"not_picked":["Turbo","Reprogram"],"picked":"Glacier","floor":2.0},{"not_picked":["Coolheaded","Barrage"],"picked":"Consume","floor":4.0},{"not_picked":["Beam Cell","Cold Snap","Sweeping Beam"],"picked":"SKIP","floor":6.0},{"not_picked":["Blizzard","Leap"],"picked":"Chill","floor":8.0},{"not_picked":["Turbo","Blizzard","Go for the Eyes"],"picked":"SKIP","floor":11.0},{"not_picked":["Compile Driver","Aggregate"],"picked":"Doom and Gloom","floor":12.0},{"not_picked":["Streamline","Sunder","Sweeping Beam"],"picked":"SKIP","floor":13.0},{"not_picked":["Gash","Skim"],"picked":"Self Repair","floor":14.0},{"not_picked":["Leap","Go for the Eyes+1","Gash+1"],"picked":"SKIP","floor":18.0},{"not_picked":["Redo","Coolheaded","Barrage"],"picked":"SKIP","floor":19.0},{"not_picked":["Barrage+1","Turbo"],"picked":"Reinforced Body+1","floor":20.0},{"not_picked":["Hologram","Aggregate"],"picked":"Chaos+1","floor":21.0},{"not_picked":["Recycle","Redo+1"],"picked":"Loop+1","floor":22.0},{"not_picked":["Sweeping Beam","Recycle+1"],"picked":"Genetic Algorithm","floor":25.0},{"not_picked":["Ball Lightning","Sunder"],"picked":"Conserve Battery","floor":27.0},{"not_picked":["Meteor Strike","Reboot"],"picked":"Seek","floor":33.0},{"not_picked":[],"picked":"Turbo+1","floor":35.0},{"not_picked":["Heatsinks"],"picked":"SKIP","floor":38.0},{"not_picked":["Streamline+1"],"picked":"SKIP","floor":40.0},{"not_picked":[],"picked":"Undo","floor":42.0},{"not_picked":[],"picked":"Double Energy+1","floor":45.0},{"not_picked":["Leap"],"picked":"SKIP","floor":48.0}],"player_experience":201267,"relics_obtained":[{"floor":6.0,"key":"Pen Nib"},{"floor":8.0,"key":"Ice Cream"},{"floor":9.0,"key":"Gremlin Horn"},{"floor":12.0,"key":"Darkstone Periapt"},{"floor":26.0,"key":"Bottled Tornado"},{"floor":40.0,"key":"Vajra"},{"floor":42.0,"key":"Omamori"},{"floor":43.0,"key":"Dead Branch"},{"floor":48.0,"key":"Thread and Needle"}],"event_choices":[{"damage_healed":0.0,"max_hp_gain":0.0,"max_hp_loss":0.0,"gold_gain":0.0,"event_name":"Match and Keep!","player_choice":"2 cards matched","floor":5.0,"gold_loss":0.0,"damage_taken":0.0,"cards_obtained":["Zap","Capacitor"]},{"damage_healed":0.0,"max_hp_gain":0.0,"max_hp_loss":0.0,"gold_gain":0.0,"event_name":"Match and Keep!","player_choice":"2 cards matched","floor":5.0,"gold_loss":0.0,"damage_taken":0.0,"cards_obtained":["Zap","Capacitor"]},{"damage_healed":25.0,"max_hp_gain":0.0,"max_hp_loss":0.0,"gold_gain":0.0,"event_name":"The Library","player_choice":"Heal","floor":28.0,"gold_loss":0.0,"damage_taken":0.0},{"damage_healed":0.0,"max_hp_gain":0.0,"max_hp_loss":0.0,"gold_gain":0.0,"event_name":"Vampires","player_choice":"Ignored","floor":29.0,"gold_loss":0.0,"damage_taken":0.0},{"damage_healed":0.0,"max_hp_gain":0.0,"max_hp_loss":0.0,"gold_gain":0.0,"event_name":"The Mausoleum","player_choice":"Opened","floor":31.0,"gold_loss":0.0,"damage_taken":0.0,"relics_obtained":["Girya"]},{"cards_removed":["Loop"],"damage_healed":0.0,"max_hp_gain":0.0,"max_hp_loss":0.0,"gold_gain":0.0,"event_name":"Falling","player_choice":"Removed Power","floor":36.0,"gold_loss":0.0,"damage_taken":0.0},{"damage_healed":0.0,"max_hp_gain":0.0,"max_hp_loss":0.0,"gold_gain":0.0,"event_name":"Upgrade Shrine","player_choice":"Upgraded","floor":46.0,"gold_loss":0.0,"damage_taken":0.0,"cards_upgraded":["Loop"]}],"is_beta":false,"boss_relics":[{"not_picked":["Fusion Hammer","Tiny House"],"picked":"Pandora\u0027s Box"},{"not_picked":["Lizard Tail","Philosopher\u0027s Stone"],"picked":"Busted Crown"}],"items_purged_floors":[3],"is_endless":false,"potions_floor_spawned":[6,12,13,19,20,22,27,40,42,45],"ascension_level":3}