{"gold_per_floor":[117,132,132,150,167,167,194,194,218,21,36,36,67,78,78,179,179,191,202,87,102,22,51,51,68,119,153,171,200,200,210,210,311,361,371,371,290,304,304,304,329,22,22,33,49,0,35,88,88,88,88,88,13,41,41],"floor_reached":55,"playtime":6388,"items_purged":["Pain"],"score":1096,"play_id":"640f32fd-7ef3-4da8-89aa-db5da5a39878","local_time":"20190110014457","is_ascension_mode":true,"campfire_choices":[{"data":"Zap","floor":6.0,"key":"SMITH"},{"data":"Conserve Battery","floor":15.0,"key":"SMITH"},{"floor":24.0,"key":"REST"},{"floor":30.0,"key":"REST"},{"floor":32.0,"key":"RECALL"},{"data":"Creative AI","floor":40.0,"key":"SMITH"},{"floor":49.0,"key":"REST"},{"data":"Amplify","floor":52.0,"key":"SMITH"}],"neow_cost":"NONE","seed_source_timestamp":201606852712477,"circlet_count":0,"master_deck":["Strike_B","Strike_B+1","Strike_B","Defend_B","Defend_B","Defend_B","Defend_B","Zap+1","Dualcast","Go for the Eyes","Cold Snap","Ball Lightning","Conserve Battery+1","Rebound","Sweeping Beam","Stack","Glacier","Creative AI+1","Buffer+1","Conserve Battery+1","Capacitor","Defragment","Heatsinks","Loop","Coolheaded","Streamline+1","Sweeping Beam","Lockon","Ball Lightning+1","Go for the Eyes+1","Amplify+1","Barrage","Go for the Eyes+1","Capacitor","Consume+1","Sadistic Nature","Glacier+1","Redo+1","Conserve Battery+1","Barrage+1","Barrage+1","Redo+1","Redo+1"],"special_seed":0,"relics":["Velvet Choker","Orichalcum","Bag of Preparation","WarpedTongs","Bronze Scales","Happy Flower","Black Star","Centennial Puzzle","Dead Branch","Boot","Omamori","Ornamental Fan","Potion Belt","Meat on the Bone","Tiny House","Toxic Egg 2","Emotion Chip","Bottled Tornado","Symbiotic Virus","Red Mask","Bottled Lightning","Art of War","Prayer Wheel","Pantograph","Whetstone"],"potions_floor_usage":[55,55],"damage_taken":[{"damage":8.0,"enemies":"Small Slimes","floor":1.0,"turns":4.0},{"damage":0.0,"enemies":"Cultist","floor":2.0,"turns":3.0},{"damage":0.0,"enemies":"Jaw Worm","floor":4.0,"turns":3.0},{"damage":11.0,"enemies":"Exordium Thugs","floor":5.0,"turns":4.0},{"damage":2.0,"enemies":"3 Sentries","floor":7.0,"turns":10.0},{"damage":4.0,"enemies":"Blue Slaver","floor":11.0,"turns":2.0},{"damage":11.0,"enemies":"Gremlin Nob","floor":13.0,"turns":4.0},{"damage":0.0,"enemies":"Looter","floor":14.0,"turns":2.0},{"damage":21.0,"enemies":"The Guardian","floor":16.0,"turns":10.0},{"damage":14.0,"enemies":"3 Byrds","floor":18.0,"turns":4.0},{"damage":2.0,"enemies":"Chosen","floor":19.0,"turns":5.0},{"damage":0.0,"enemies":"Centurion and Healer","floor":21.0,"turns":7.0},{"damage":21.0,"enemies":"Gremlin Leader","floor":23.0,"turns":8.0},{"damage":6.0,"enemies":"Cultist and Chosen","floor":25.0,"turns":6.0},{"damage":2.0,"enemies":"Book of Stabbing","floor":27.0,"turns":6.0},{"damage":9.0,"enemies":"3 Cultists","floor":28.0,"turns":6.0},{"damage":11.0,"enemies":"Gremlin Leader","floor":29.0,"turns":7.0},{"damage":0.0,"enemies":"Chosen and Byrds","floor":31.0,"turns":4.0},{"damage":39.0,"enemies":"Automaton","floor":33.0,"turns":9.0},{"damage":0.0,"enemies":"3 Shapes","floor":35.0,"turns":5.0},{"damage":26.0,"enemies":"3 Darklings","floor":38.0,"turns":7.0},{"damage":14.0,"enemies":"Reptomancer","floor":41.0,"turns":6.0},{"damage":29.0,"enemies":"4 Shapes","floor":44.0,"turns":3.0},{"damage":0.0,"enemies":"Writhing Mass","floor":45.0,"turns":8.0},{"damage":0.0,"enemies":"Nemesis","floor":47.0,"turns":7.0},{"damage":39.0,"enemies":"2 Orb Walkers","floor":48.0,"turns":4.0},{"damage":21.0,"enemies":"Awakened One","floor":50.0,"turns":19.0},{"damage":62.0,"enemies":"Shield and Spear","floor":54.0,"turns":9.0},{"damage":58,"enemies":"The Heart","floor":55,"turns":8}],"seed_played":"-5341523278875100872","potions_obtained":[{"floor":4.0,"key":"SkillPotion"},{"floor":5.0,"key":"AttackPotion"},{"floor":14.0,"key":"EssenceOfSteel"},{"floor":16.0,"key":"Block Potion"},{"floor":21.0,"key":"GamblersBrew"},{"floor":25.0,"key":"Regen Potion"},{"floor":27.0,"key":"Ancient Potion"},{"floor":31.0,"key":"Strength Potion"},{"floor":34.0,"key":"FearPotion"},{"floor":38.0,"key":"SkillPotion"},{"floor":44.0,"key":"EssenceOfSteel"},{"floor":45.0,"key":"AttackPotion"}],"is_trial":false,"path_per_floor":["M","M","?","M","M","R","E","?","T","$","M","$","E","M","R","B",null,"M","M","$","M","$","E","R","M","T","E","M","E","R","M","R","B",null,"M","?","$","M","?","R","E","$","T","M","M","?","E","?","R","B",null,"R","$","E","B"],"character_chosen":"DEFECT","items_purchased":["Bronze Scales","Sweeping Beam","Defragment","Loop","Capacitor","Bottled Tornado","Redo+1","FocusPotion"],"campfire_rested":3,"item_purchase_floors":[10,10,20,22,37,42,42,53],"current_hp_per_floor":[67,67,60,60,49,49,47,47,47,47,43,43,32,32,32,11,75,61,59,59,59,59,38,60,54,54,67,58,47,69,69,69,42,80,80,80,80,54,54,54,52,52,52,35,47,47,47,20,44,35,80,80,80,30,0],"gold":41,"neow_bonus":"BOSS_RELIC","is_prod":false,"is_daily":false,"chose_seed":false,"campfire_upgraded":4,"win_rate":0,"timestamp":1547113497,"path_taken":["M","M","?","M","M","R","E","?","T","$","?","?","E","M","R","BOSS","M","M","$","M","?","E","R","M","T","E","M","E","R","M","R","BOSS","M","?","$","M","?","R","E","?","T","?","M","?","E","?","R","BOSS","R","$","E","BOSS"],"build_version":"2019-01-03v4","purchased_purges":1,"victory":false,"max_hp_per_floor":[75,75,75,75,75,75,75,75,75,75,75,75,75,75,75,75,75,75,75,75,75,75,75,75,75,75,75,75,75,75,75,75,75,80,80,80,80,80,80,80,80,80,80,80,80,80,80,80,80,80,80,80,80,80,80],"card_choices":[{"not_picked":["Streamline","Reinforced Body"],"picked":"Go for the Eyes","floor":1.0},{"not_picked":["Streamline","Compile Driver"],"picked":"Cold Snap","floor":2.0},{"not_picked":["Fusion","Hologram"],"picked":"Ball Lightning","floor":4.0},{"not_picked":["Streamline","Rebound"],"picked":"Conserve Battery","floor":5.0},{"not_picked":["Rip and Tear","Turbo"],"picked":"Rebound","floor":7.0},{"not_picked":["Hologram","BootSequence"],"picked":"Stack","floor":11.0},{"not_picked":["Gash","Melter"],"picked":"Glacier","floor":13.0},{"not_picked":["Cold Snap","Compile Driver"],"picked":"Creative AI","floor":14.0},{"not_picked":["Thunder Strike","Creative AI"],"picked":"Buffer","floor":16.0},{"not_picked":["Cold Snap","Fusion"],"picked":"Conserve Battery+1","floor":18.0},{"not_picked":["Rebound","Fusion"],"picked":"Capacitor","floor":19.0},{"not_picked":["Streamline","Static Discharge"],"picked":"Heatsinks","floor":21.0},{"not_picked":["Turbo","Leap"],"picked":"Coolheaded","floor":23.0},{"not_picked":["Coolheaded","Reprogram"],"picked":"Streamline+1","floor":25.0},{"not_picked":["Self Repair","Leap"],"picked":"Sweeping Beam","floor":27.0},{"not_picked":["Streamline","Conserve Battery"],"picked":"Lockon","floor":28.0},{"not_picked":["BootSequence+1","Beam Cell"],"picked":"Ball Lightning","floor":29.0},{"not_picked":["All For One","Redo"],"picked":"Go for the Eyes+1","floor":31.0},{"not_picked":["Biased Cognition","Meteor Strike"],"picked":"Amplify","floor":33.0},{"not_picked":["Leap","Recycle"],"picked":"Barrage","floor":34.0},{"not_picked":["Self Repair+1","Hologram"],"picked":"Go for the Eyes+1","floor":35.0},{"not_picked":["Steam+1","Reinforced Body"],"picked":"Consume+1","floor":38.0},{"not_picked":["Swift Strike","Secret Weapon"],"picked":"Sadistic Nature","floor":39.0},{"not_picked":["Melter","Ball Lightning+1"],"picked":"Glacier+1","floor":41.0},{"not_picked":["Coolheaded+1","Aggregate+1"],"picked":"Conserve Battery+1","floor":44.0},{"not_picked":["Hello World","Leap+1"],"picked":"Barrage+1","floor":45.0},{"not_picked":["Biased Cognition","Beam Cell"],"picked":"Barrage+1","floor":47.0},{"not_picked":["Conserve Battery+1","Go for the Eyes"],"picked":"Redo+1","floor":48.0},{"not_picked":["Genetic Algorithm+1","Undo+1"],"picked":"Redo+1","floor":54.0}],"player_experience":338451,"relics_obtained":[{"floor":7.0,"key":"Bag of Preparation"},{"floor":13.0,"key":"Happy Flower"},{"floor":23.0,"key":"Centennial Puzzle"},{"floor":23.0,"key":"Dead Branch"},{"floor":26.0,"key":"Boot"},{"floor":27.0,"key":"Omamori"},{"floor":27.0,"key":"Ornamental Fan"},{"floor":29.0,"key":"Potion Belt"},{"floor":29.0,"key":"Meat on the Bone"},{"floor":41.0,"key":"Toxic Egg 2"},{"floor":41.0,"key":"Emotion Chip"},{"floor":43.0,"key":"Symbiotic Virus"},{"floor":47.0,"key":"Bottled Lightning"},{"floor":47.0,"key":"Art of War"},{"floor":48.0,"key":"Prayer Wheel"},{"floor":54.0,"key":"Pantograph"},{"floor":54.0,"key":"Whetstone"}],"event_choices":[{"damage_healed":0.0,"max_hp_gain":0.0,"max_hp_loss":0.0,"gold_gain":0.0,"event_name":"Scrap Ooze","player_choice":"Success","floor":3.0,"gold_loss":0.0,"damage_taken":7.0,"relics_obtained":["Orichalcum"]},{"damage_healed":0.0,"max_hp_gain":0.0,"max_hp_loss":0.0,"gold_gain":0.0,"event_name":"Accursed Blacksmith","player_choice":"Rummage","floor":8.0,"gold_loss":0.0,"damage_taken":0.0,"relics_obtained":["WarpedTongs"],"cards_obtained":["Pain"]},{"cards_removed":["Strike_B"],"damage_healed":0.0,"max_hp_gain":0.0,"max_hp_loss":0.0,"gold_gain":0.0,"event_name":"Falling","player_choice":"Removed Attack","floor":36.0,"gold_loss":0.0,"damage_taken":0.0},{"damage_healed":0.0,"max_hp_gain":0.0,"max_hp_loss":0.0,"gold_gain":0.0,"event_name":"SensoryStone","player_choice":"Memory 1","floor":39.0,"gold_loss":0.0,"damage_taken":0.0},{"damage_healed":0.0,"max_hp_gain":0.0,"max_hp_loss":0.0,"gold_gain":0.0,"event_name":"Tomb of Lord Red Mask","player_choice":"Paid","floor":46.0,"gold_loss":49.0,"damage_taken":0.0,"relics_obtained":["Red Mask"]},{"damage_healed":0.0,"max_hp_gain":0.0,"max_hp_loss":0.0,"gold_gain":0.0,"event_name":"Mysterious Sphere","player_choice":"Fight","floor":48.0,"gold_loss":0.0,"damage_taken":0.0}],"is_beta":false,"boss_relics":[{"not_picked":["Empty Cage","Astrolabe"],"picked":"Black Star"},{"not_picked":["Runic Dome","Philosopher\u0027s Stone"],"picked":"Tiny House"}],"items_purged_floors":[20],"is_endless":false,"potions_floor_spawned":[4,5,14,16,21,25,27,31,38,44,45],"killed_by":"The Heart","ascension_level":1}