{"gold_per_floor":[110,125,135,147,121,121,121,155,155,175,206,206,229,229,229,325,325,342,355,454,471,88,88,107,107,107,135,135],"floor_reached":28,"playtime":2263,"items_purged":[],"score":285,"play_id":"c34ed750-bb86-4102-9bd6-95c9fae343ea","local_time":"20190414055236","is_ascension_mode":true,"campfire_choices":[{"data":"Zap","floor":6.0,"key":"SMITH"},{"floor":12.0,"key":"REST"},{"data":"Dualcast","floor":15.0,"key":"SMITH"},{"data":"Chrysalis","floor":23.0,"key":"SMITH"}],"neow_cost":"NONE","seed_source_timestamp":281804050814966,"circlet_count":0,"master_deck":["Zap+1","Dualcast+1","Melter","Cold Snap","Reinforced Body","Steam","Leap+1","Leap","Leap","Streamline","Ball Lightning","Echo Form","Darkness","Static Discharge","Defragment","Steam","Recycle","Sweeping Beam","Loop","Chaos","Cold Snap","Hologram+1","Ball Lightning","Reboot","Chrysalis+1","All For One","Consume","Writhe","Sunder"],"special_seed":0,"relics":["Inserter","Juzu Bracelet","Mercury Hourglass","War Paint","Odd Mushroom","Pandora\u0027s Box","Ice Cream","Blue Candle","Pear"],"potions_floor_usage":[],"damage_taken":[{"damage":0.0,"enemies":"Small Slimes","floor":1.0,"turns":3.0},{"damage":7.0,"enemies":"Jaw Worm","floor":2.0,"turns":3.0},{"damage":0.0,"enemies":"2 Louse","floor":3.0,"turns":2.0},{"damage":10.0,"enemies":"2 Fungi Beasts","floor":4.0,"turns":5.0},{"damage":15.0,"enemies":"Lagavulin","floor":8.0,"turns":8.0},{"damage":3.0,"enemies":"Lots of Slimes","floor":10.0,"turns":3.0},{"damage":23.0,"enemies":"3 Sentries","floor":11.0,"turns":10.0},{"damage":0.0,"enemies":"The Mushroom Lair","floor":13.0,"turns":3.0},{"damage":5.0,"enemies":"Hexaghost","floor":16.0,"turns":8.0},{"damage":11.0,"enemies":"Chosen","floor":18.0,"turns":5.0},{"damage":16.0,"enemies":"Spheric Guardian","floor":19.0,"turns":4.0},{"damage":0.0,"enemies":"Snecko","floor":21.0,"turns":6.0},{"damage":11.0,"enemies":"3 Cultists","floor":24.0,"turns":5.0},{"damage":20.0,"enemies":"Slavers","floor":27.0,"turns":5.0},{"damage":27,"enemies":"Shelled Parasite and Fungi","floor":28,"turns":6}],"seed_played":"-306385298122784685","potions_obtained":[{"floor":3.0,"key":"Swift Potion"},{"floor":4.0,"key":"Energy Potion"},{"floor":10.0,"key":"Energy Potion"},{"floor":11.0,"key":"PowerPotion"},{"floor":18.0,"key":"Swift Potion"}],"is_trial":false,"path_per_floor":["M","M","M","M","$","R","?","E","T","M","E","R","?","?","R","B",null,"M","M","?","M","$","R","M","?","T","E","M"],"character_chosen":"DEFECT","items_purchased":["Leap","Reboot","Chrysalis","All For One"],"campfire_rested":1,"item_purchase_floors":[5,22,22,22],"current_hp_per_floor":[75,68,68,58,58,58,58,43,43,40,17,39,39,32,32,27,75,64,48,48,48,48,48,37,37,37,27,0],"gold":135,"neow_bonus":"BOSS_RELIC","is_prod":false,"is_daily":false,"chose_seed":false,"campfire_upgraded":3,"win_rate":0,"timestamp":1555246356,"path_taken":["M","M","M","M","$","R","?","E","T","M","E","R","?","?","R","BOSS","M","M","?","M","$","R","M","?","T","E","M"],"build_version":"2019-01-23","purchased_purges":0,"victory":false,"max_hp_per_floor":[75,75,75,75,75,75,75,75,75,75,75,75,75,75,75,75,75,75,75,75,75,75,75,75,75,75,85,85],"card_choices":[{"not_picked":["Compile Driver","Sweeping Beam"],"picked":"Melter","floor":1.0},{"not_picked":["Capacitor","Turbo"],"picked":"Cold Snap","floor":2.0},{"not_picked":["Skim","Heatsinks"],"picked":"Reinforced Body","floor":3.0},{"not_picked":["Rebound","Darkness"],"picked":"Steam","floor":4.0},{"not_picked":["Biased Cognition","Rebound"],"picked":"Leap","floor":8.0},{"not_picked":["Force Field","Turbo"],"picked":"Leap","floor":10.0},{"not_picked":["Darkness","Coolheaded"],"picked":"Streamline","floor":11.0},{"not_picked":["Rebound","Stack"],"picked":"Ball Lightning","floor":13.0},{"not_picked":["Hyperbeam","Creative AI"],"picked":"Echo Form","floor":16.0},{"not_picked":["Beam Cell","Chaos"],"picked":"Cold Snap","floor":18.0},{"not_picked":["Hello World","Leap"],"picked":"Hologram+1","floor":19.0},{"not_picked":["Chaos","Hologram"],"picked":"Ball Lightning","floor":21.0},{"not_picked":["Sweeping Beam","Defragment"],"picked":"Consume","floor":24.0},{"not_picked":["Ball Lightning","Beam Cell"],"picked":"Sunder","floor":27.0}],"player_experience":403682,"relics_obtained":[{"floor":8.0,"key":"Mercury Hourglass"},{"floor":11.0,"key":"War Paint"},{"floor":13.0,"key":"Odd Mushroom"},{"floor":26.0,"key":"Blue Candle"},{"floor":27.0,"key":"Pear"}],"event_choices":[{"damage_healed":0.0,"max_hp_gain":0.0,"max_hp_loss":0.0,"gold_gain":0.0,"event_name":"Big Fish","player_choice":"Box","floor":7.0,"gold_loss":0.0,"damage_taken":0.0,"relics_obtained":["Juzu Bracelet"],"cards_obtained":["Regret"]},{"damage_healed":0.0,"max_hp_gain":0.0,"max_hp_loss":0.0,"gold_gain":0.0,"event_name":"Mushrooms","player_choice":"Fought Mushrooms","floor":13.0,"gold_loss":0.0,"damage_taken":0.0},{"cards_removed":["Regret"],"damage_healed":0.0,"max_hp_gain":0.0,"max_hp_loss":0.0,"gold_gain":0.0,"event_name":"Golden Wing","player_choice":"Card Removal","floor":14.0,"gold_loss":0.0,"damage_taken":7.0},{"damage_healed":0.0,"max_hp_gain":0.0,"max_hp_loss":0.0,"gold_gain":99.0,"event_name":"Nest","player_choice":"Stole From Cult","floor":20.0,"gold_loss":0.0,"damage_taken":0.0},{"damage_healed":0.0,"max_hp_gain":0.0,"max_hp_loss":0.0,"gold_gain":0.0,"event_name":"The Mausoleum","player_choice":"Opened","floor":25.0,"gold_loss":0.0,"damage_taken":0.0,"relics_obtained":["Ice Cream"],"cards_obtained":["Writhe"]}],"is_beta":false,"boss_relics":[{"not_picked":["Eternal Feather","Tiny House"],"picked":"Pandora\u0027s Box"}],"items_purged_floors":[],"is_endless":false,"potions_floor_spawned":[3,4,10,11,18],"killed_by":"Shelled Parasite and Fungi","ascension_level":3}