{"gold_per_floor":[115,115,126,126,126,126,152,165,165,165,178,178,138,172,172,298,298,319,319,319,332,371,371,396,396,396,13,36,36,36,60,60,60],"floor_reached":33,"playtime":1102,"items_purged":[],"score":380,"play_id":"688b48c8-71e4-4ee5-b40c-be278e6248fc","local_time":"20190605055910","is_ascension_mode":true,"campfire_choices":[{"data":"Corpse Explosion","floor":6.0,"key":"SMITH"},{"data":"Sadistic Nature","floor":10.0,"key":"SMITH"},{"floor":15.0,"key":"REST"},{"floor":23.0,"key":"REST"},{"floor":25.0,"key":"REST"},{"data":"Footwork","floor":29.0,"key":"SMITH"},{"floor":32.0,"key":"REST"}],"neow_cost":"NONE","seed_source_timestamp":89558920019900,"circlet_count":0,"master_deck":["AscendersBane","Defend_G+1","Defend_G+1","Defend_G+1","Defend_G+1","Defend_G+1","Strike_G+1","Strike_G+1","Strike_G+1","Strike_G+1","Strike_G+1","Survivor+1","Neutralize","Cloak And Dagger","Deflect","Neutralize","Corpse Explosion+1","Backflip+1","Sadistic Nature+1","Bane","Backflip","Deadly Poison","Leg Sweep","Deadly Poison","Doubt","Shame","Regret","Blur","Deflect","Dash","Dash+1","Footwork+1","Acrobatics+1","Dagger Throw+1"],"special_seed":0,"relics":["Ring of the Snake","Ancient Tea Set","Shuriken","War Paint","Golden Idol","Boot","Calling Bell","Snake Skull","Mercury Hourglass","Du-Vu Doll","Red Mask","Sundial","The Specimen"],"potions_floor_usage":[33,33],"damage_taken":[{"damage":5.0,"enemies":"Small Slimes","floor":1.0,"turns":5.0},{"damage":4.0,"enemies":"Cultist","floor":3.0,"turns":4.0},{"damage":12.0,"enemies":"3 Sentries","floor":7.0,"turns":3.0},{"damage":4.0,"enemies":"Jaw Worm","floor":8.0,"turns":2.0},{"damage":0.0,"enemies":"2 Fungi Beasts","floor":11.0,"turns":1.0},{"damage":15.0,"enemies":"Lagavulin","floor":14.0,"turns":6.0},{"damage":51.0,"enemies":"Slime Boss","floor":16.0,"turns":13.0},{"damage":4.0,"enemies":"3 Byrds","floor":18.0,"turns":4.0},{"damage":12.0,"enemies":"Shell Parasite","floor":21.0,"turns":5.0},{"damage":8.0,"enemies":"Masked Bandits","floor":22.0,"turns":3.0},{"damage":0.0,"enemies":"Cultist and Chosen","floor":24.0,"turns":4.0},{"damage":29.0,"enemies":"Snecko","floor":28.0,"turns":6.0},{"damage":3.0,"enemies":"Centurion and Healer","floor":31.0,"turns":4.0},{"damage":51,"enemies":"Champ","floor":33,"turns":13}],"seed_played":"-1834077269539098793","potions_obtained":[{"floor":3.0,"key":"Poison Potion"},{"floor":5.0,"key":"Explosive Potion"},{"floor":5.0,"key":"Ancient Potion"},{"floor":8.0,"key":"FairyPotion"},{"floor":22.0,"key":"Swift Potion"},{"floor":24.0,"key":"Dexterity Potion"},{"floor":31.0,"key":"Fire Potion"}],"is_trial":false,"path_per_floor":["M","?","M","?","?","R","E","M","T","R","M","?","$","E","R","B",null,"M","?","?","M","?","R","M","R","T","$","M","R","?","M","R","B"],"character_chosen":"THE_SILENT","items_purchased":["Leg Sweep","The Specimen","Footwork"],"campfire_rested":4,"item_purchase_floors":[13,27,27],"current_hp_per_floor":[58,58,54,54,54,54,42,38,38,38,38,38,38,23,42,6,50,46,35,35,23,15,36,36,57,57,57,28,28,28,25,46,0],"gold":60,"neow_bonus":"RANDOM_COMMON_RELIC","is_prod":false,"is_daily":false,"chose_seed":false,"campfire_upgraded":3,"win_rate":0,"timestamp":1559739550,"path_taken":["M","?","?","?","?","R","E","M","T","R","?","?","?","E","R","BOSS","M","?","?","M","?","R","M","R","T","$","M","R","?","M","R","BOSS"],"build_version":"2019-01-23","purchased_purges":0,"victory":false,"max_hp_per_floor":[70,70,70,70,70,70,70,70,70,70,70,65,65,65,65,65,65,65,70,70,70,70,70,70,70,70,70,70,70,70,70,70,70],"card_choices":[{"not_picked":["Finisher","Distraction"],"picked":"Cloak And Dagger","floor":1.0},{"not_picked":["Dagger Throw","Outmaneuver"],"picked":"Backflip","floor":3.0},{"not_picked":["Dagger Throw","Calculated Gamble"],"picked":"Bane","floor":7.0},{"not_picked":["Reflex","Bane"],"picked":"Backflip","floor":8.0},{"not_picked":["PiercingWail","Backflip"],"picked":"Deadly Poison","floor":11.0},{"not_picked":["Distraction","Dagger Throw"],"picked":"Deadly Poison","floor":14.0},{"not_picked":["Deflect","Cloak And Dagger"],"picked":"Blur","floor":18.0},{"not_picked":["Setup","Dagger Throw"],"picked":"Deflect","floor":21.0},{"not_picked":["Setup","PiercingWail"],"picked":"Dash","floor":22.0},{"not_picked":["Dagger Throw","Dagger Spray+1"],"picked":"Dash+1","floor":24.0},{"not_picked":["Quick Slash","Tactician"],"picked":"Acrobatics+1","floor":28.0},{"not_picked":["Cloak And Dagger","Dodge and Roll"],"picked":"Dagger Throw+1","floor":31.0}],"player_experience":302808,"relics_obtained":[{"floor":7.0,"key":"Shuriken"},{"floor":9.0,"key":"War Paint"},{"floor":14.0,"key":"Boot"},{"floor":17.0,"key":"Snake Skull"},{"floor":17.0,"key":"Mercury Hourglass"},{"floor":17.0,"key":"Du-Vu Doll"},{"floor":22.0,"key":"Red Mask"},{"floor":26.0,"key":"Sundial"}],"event_choices":[{"damage_healed":0.0,"max_hp_gain":0.0,"max_hp_loss":0.0,"gold_gain":0.0,"event_name":"Match and Keep!","player_choice":"4 cards matched","floor":2.0,"gold_loss":0.0,"damage_taken":0.0,"cards_obtained":["Purity","Deflect","Neutralize","Corpse Explosion"]},{"damage_healed":0.0,"max_hp_gain":0.0,"max_hp_loss":0.0,"gold_gain":0.0,"cards_transformed":["Purity"],"event_name":"Living Wall","player_choice":"Change","floor":4.0,"gold_loss":0.0,"damage_taken":0.0,"cards_obtained":["Sadistic Nature"]},{"damage_healed":0.0,"max_hp_gain":0.0,"max_hp_loss":0.0,"gold_gain":0.0,"event_name":"Lab","player_choice":"Got Potions","floor":5.0,"gold_loss":0.0,"damage_taken":0.0},{"damage_healed":0.0,"max_hp_gain":0.0,"max_hp_loss":5.0,"gold_gain":0.0,"event_name":"Golden Idol","player_choice":"Lose Max HP","floor":12.0,"gold_loss":0.0,"damage_taken":0.0,"relics_obtained":["Golden Idol"]},{"damage_healed":0.0,"max_hp_gain":5.0,"max_hp_loss":0.0,"gold_gain":0.0,"event_name":"Forgotten Altar","player_choice":"Shed Blood","floor":19.0,"gold_loss":0.0,"damage_taken":16.0},{"damage_healed":0.0,"max_hp_gain":0.0,"max_hp_loss":0.0,"gold_gain":0.0,"event_name":"Vampires","player_choice":"Ignored","floor":20.0,"gold_loss":0.0,"damage_taken":0.0},{"damage_healed":0.0,"max_hp_gain":0.0,"max_hp_loss":0.0,"gold_gain":0.0,"event_name":"Masked Bandits","player_choice":"Fought Bandits","floor":22.0,"gold_loss":0.0,"damage_taken":0.0},{"damage_healed":0.0,"max_hp_gain":0.0,"max_hp_loss":0.0,"gold_gain":0.0,"event_name":"Back to Basics","player_choice":"Simplicity","floor":30.0,"gold_loss":0.0,"damage_taken":0.0,"cards_upgraded":["Defend_G","Defend_G","Defend_G","Defend_G","Defend_G","Strike_G","Strike_G","Strike_G","Strike_G","Strike_G"]}],"is_beta":false,"boss_relics":[{"not_picked":["Cursed Key","Ectoplasm"],"picked":"Calling Bell"}],"items_purged_floors":[],"is_endless":false,"potions_floor_spawned":[3,8,22,24,31],"killed_by":"Champ","ascension_level":10}