{"gold_per_floor":[366,22,40,60,72,101,101,130,198,198,225,225,244,262,262,364,364,383,383,45,45,60,60,85,85,85,85,116,135,135,152,152,250,250,268,45,58,107,107,107,140,158,158,5,5,5,22,55,55,55,55,55,55,90,90],"floor_reached":56,"playtime":6007,"items_purged":["Shame","Injury"],"score":1441,"play_id":"6a9fb58d-2f6d-4245-8bbf-111165839f78","local_time":"20190109172348","is_ascension_mode":true,"campfire_choices":[{"data":"Neutralize","floor":7,"key":"SMITH"},{"floor":10,"key":"REST"},{"floor":12,"key":"RECALL"},{"data":"Footwork","floor":15,"key":"SMITH"},{"data":"Survivor","floor":23,"key":"SMITH"},{"data":"Defend_G","floor":25,"key":"SMITH"},{"floor":27,"key":"REST"},{"data":"Flying Knee","floor":32,"key":"SMITH"},{"data":"Flying Knee","floor":40,"key":"SMITH"},{"data":"Dagger Throw","floor":45,"key":"SMITH"},{"data":"Defend_G","floor":49,"key":"SMITH"},{"data":"Defend_G","floor":52,"key":"SMITH"}],"neow_cost":"PERCENT_DAMAGE","seed_source_timestamp":172554519045441,"circlet_count":0,"master_deck":["Defend_G","Defend_G","Defend_G+1","Defend_G+1","Defend_G+1","Strike_G+1","Strike_G+1","Strike_G","Strike_G","Strike_G","Survivor+1","Neutralize+1","Dagger Throw+1","Footwork+1","Leg Sweep+1","Cloak And Dagger+1","Deadly Poison+1","Blur+1","Dodge and Roll+1","Flying Knee+1","Crippling Poison+1","PiercingWail+1","Flying Knee+1","Adrenaline+1","Blur+1","Good Instincts+1","Backflip+1","Deadly Poison+1","After Image","Caltrops+1","Cloak And Dagger+1","Venomology+1","Dagger Throw+1","Quick Slash+1","Cloak And Dagger+1","Parasite","Backflip+1","Parasite","Backflip+1"],"relics":["Ring of the Snake","Toxic Egg 2","Calipers","Mummified Hand","Bronze Scales","Cursed Key","Nilry\u0027s Codex","Meat on the Bone","Nloth\u0027s Gift","Molten Egg 2","Paper Crane","Whetstone","Busted Crown","Snake Skull","Tingsha","Darkstone Periapt","Strawberry","Dead Branch","Pantograph","Happy Flower"],"potions_floor_usage":[8,8,29,35,37,38,41,42,48,54,55],"damage_taken":[{"damage":0,"enemies":"2 Louse","floor":1,"turns":3},{"damage":0,"enemies":"Jaw Worm","floor":3,"turns":6},{"damage":0,"enemies":"Cultist","floor":4,"turns":4},{"damage":2,"enemies":"Exordium Thugs","floor":5,"turns":5},{"damage":2,"enemies":"Lagavulin","floor":6,"turns":14},{"damage":12,"enemies":"Gremlin Nob","floor":8,"turns":5},{"damage":3,"enemies":"3 Sentries","floor":11,"turns":13},{"damage":0,"enemies":"3 Louse","floor":13,"turns":2},{"damage":0,"enemies":"2 Fungi Beasts","floor":14,"turns":3},{"damage":20,"enemies":"Slime Boss","floor":16,"turns":15},{"damage":0,"enemies":"Shell Parasite","floor":18,"turns":4},{"damage":0,"enemies":"Spheric Guardian","floor":22,"turns":4},{"damage":2,"enemies":"Gremlin Leader","floor":24,"turns":8},{"damage":2,"enemies":"Book of Stabbing","floor":28,"turns":6},{"damage":0,"enemies":"Chosen and Byrds","floor":29,"turns":6},{"damage":0,"enemies":"3 Cultists","floor":31,"turns":7},{"damage":0,"enemies":"Champ","floor":33,"turns":13},{"damage":0,"enemies":"3 Shapes","floor":35,"turns":5},{"damage":0,"enemies":"Orb Walker","floor":37,"turns":3},{"damage":0,"enemies":"2 Orb Walkers","floor":38,"turns":6},{"damage":0,"enemies":"Giant Head","floor":41,"turns":9},{"damage":0,"enemies":"3 Darklings","floor":42,"turns":4},{"damage":0,"enemies":"Writhing Mass","floor":47,"turns":4},{"damage":0,"enemies":"Reptomancer","floor":48,"turns":4},{"damage":1,"enemies":"Donu and Deca","floor":50,"turns":8},{"damage":0,"enemies":"Shield and Spear","floor":54,"turns":8},{"damage":22,"enemies":"The Heart","floor":55,"turns":9}],"seed_played":"-8833549025132278449","potions_obtained":[{"floor":1,"key":"Ancient Potion"},{"floor":4,"key":"Energy Potion"},{"floor":6,"key":"SkillPotion"},{"floor":13,"key":"Energy Potion"},{"floor":18,"key":"PowerPotion"},{"floor":28,"key":"SkillPotion"},{"floor":29,"key":"Block Potion"},{"floor":37,"key":"GhostInAJar"},{"floor":41,"key":"LiquidBronze"}],"is_trial":false,"path_per_floor":["M","$","M","M","M","E","R","E","T","R","E","R","M","M","R","B",null,"M","?","$","?","M","R","E","R","T","R","E","M","T","M","R","B",null,"M","$","M","?","?","R","E","M","T","$","R","?","M","E","R","B",null,"R","$","E","B",null],"character_chosen":"THE_SILENT","items_purchased":["Toxic Egg 2","Footwork","Leg Sweep+1","Good Instincts+1","Meat on the Bone","Snake Skull","Backflip+1"],"campfire_rested":2,"item_purchase_floors":[2,2,2,20,20,36,44],"current_hp_per_floor":[49,49,49,49,47,45,45,33,33,54,51,51,51,51,51,31,70,70,54,54,54,54,54,52,52,52,70,68,68,68,68,68,68,70,70,70,70,70,66,66,66,66,79,79,79,79,85,85,85,84,85,85,85,85,63],"gold":90,"neow_bonus":"TWO_FIFTY_GOLD","is_prod":false,"is_daily":false,"chose_seed":false,"campfire_upgraded":9,"win_rate":0,"timestamp":1547083428,"path_taken":["M","$","M","M","M","E","R","E","T","R","E","R","M","M","R","BOSS","M","?","$","?","?","R","E","R","T","R","E","M","?","M","R","BOSS","M","$","M","?","?","R","E","M","T","$","R","?","M","E","R","BOSS","R","$","E","BOSS"],"build_version":"2019-01-03v4","purchased_purges":2,"victory":true,"max_hp_per_floor":[70,70,70,70,70,70,70,70,70,70,70,70,70,70,70,70,70,70,70,70,70,70,70,70,70,70,70,70,70,70,70,70,70,70,70,70,70,70,66,66,66,66,79,79,79,79,85,85,85,85,85,85,85,85,85],"card_choices":[{"not_picked":["Setup","Bane"],"picked":"Dagger Throw","floor":1},{"not_picked":["Slice","Calculated Gamble+1"],"picked":"Cloak And Dagger+1","floor":3},{"not_picked":["Slice","Backflip+1"],"picked":"Deadly Poison+1","floor":4},{"not_picked":["Leg Sweep+1","Bullet Time+1"],"picked":"Blur+1","floor":5},{"not_picked":["Skewer","Tactician+1"],"picked":"Dodge and Roll+1","floor":6},{"not_picked":["Dagger Throw","Eviscerate"],"picked":"Flying Knee","floor":8},{"not_picked":["Prepared+1","Dagger Throw"],"picked":"Crippling Poison+1","floor":11},{"not_picked":["A Thousand Cuts","Dagger Spray"],"picked":"PiercingWail+1","floor":13},{"not_picked":["Expertise+1","PiercingWail+1"],"picked":"Flying Knee","floor":14},{"not_picked":["Doppelganger+1","Wraith Form v2"],"picked":"Adrenaline+1","floor":16},{"not_picked":["Heel Hook","Dagger Throw+1"],"picked":"Blur+1","floor":18},{"not_picked":["Underhanded Strike+1","Sucker Punch"],"picked":"Backflip+1","floor":22},{"not_picked":["Malaise+1","Flechettes"],"picked":"Deadly Poison+1","floor":24},{"not_picked":["Flying Knee+1","Underhanded Strike+1"],"picked":"After Image","floor":28},{"not_picked":["Deadly Poison+1","Backflip+1"],"picked":"Caltrops+1","floor":29},{"not_picked":["Quick Slash+1","Underhanded Strike+1"],"picked":"Cloak And Dagger+1","floor":31},{"not_picked":["A Thousand Cuts","Grand Finale+1"],"picked":"Venomology+1","floor":33},{"not_picked":["Bouncing Flask+1"],"picked":"SKIP","floor":35},{"not_picked":["Bouncing Flask+1"],"picked":"SKIP","floor":37},{"not_picked":[],"picked":"Dagger Throw+1","floor":38},{"not_picked":[],"picked":"Quick Slash+1","floor":41},{"not_picked":[],"picked":"Cloak And Dagger+1","floor":42},{"not_picked":["Heel Hook+1"],"picked":"SKIP","floor":47},{"not_picked":[],"picked":"Backflip+1","floor":48},{"not_picked":["Setup+1"],"picked":"SKIP","floor":54}],"player_experience":326848,"relics_obtained":[{"floor":6,"key":"Juzu Bracelet"},{"floor":8,"key":"Calipers"},{"floor":9,"key":"Mummified Hand"},{"floor":11,"key":"Bronze Scales"},{"floor":19,"key":"Nilry\u0027s Codex"},{"floor":24,"key":"Molten Egg 2"},{"floor":28,"key":"Paper Crane"},{"floor":30,"key":"Whetstone"},{"floor":38,"key":"Tingsha"},{"floor":41,"key":"Darkstone Periapt"},{"floor":43,"key":"Strawberry"},{"floor":48,"key":"Pantograph"},{"floor":54,"key":"Happy Flower"}],"event_choices":[{"damage_healed":0,"gold_gain":0,"player_choice":"Obtained Book","damage_taken":16,"max_hp_gain":0,"max_hp_loss":0,"event_name":"Cursed Tome","floor":19,"gold_loss":0},{"damage_healed":0,"gold_gain":0,"player_choice":"Traded Relic","damage_taken":0,"relics_obtained":["Nloth\u0027s Gift"],"max_hp_gain":0,"max_hp_loss":0,"event_name":"N\u0027loth","floor":21,"relics_lost":["Juzu Bracelet"],"gold_loss":0},{"damage_healed":0,"gold_gain":0,"player_choice":"Fight","damage_taken":0,"max_hp_gain":0,"max_hp_loss":0,"event_name":"Mysterious Sphere","floor":38,"gold_loss":0},{"damage_healed":0,"gold_gain":0,"player_choice":"Max HP","damage_taken":0,"max_hp_gain":0,"max_hp_loss":4,"event_name":"Winding Halls","floor":39,"gold_loss":0},{"damage_healed":0,"gold_gain":0,"player_choice":"Gave Potion","damage_taken":0,"relics_obtained":["Dead Branch"],"max_hp_gain":0,"max_hp_loss":0,"event_name":"WeMeetAgain","floor":46,"gold_loss":0}],"is_beta":false,"boss_relics":[{"not_picked":["Runic Dome","Velvet Choker"],"picked":"Cursed Key"},{"not_picked":["Pandora\u0027s Box","Ring of the Serpent"],"picked":"Busted Crown"}],"items_purged_floors":[36,44],"is_endless":false,"potions_floor_spawned":[1,4,6,13,18,28,29,33,37,41,42,54],"ascension_level":1}