{"gold_per_floor":[118,138,138,157,8,35,35,48,48,59,59,234,0,0,0,0],"floor_reached":16,"playtime":996,"items_purged":["Doubt"],"score":100,"play_id":"df335f19-9e1c-4cff-b946-ef4e1603e615","local_time":"20181020215946","is_ascension_mode":false,"campfire_choices":[{"data":"Entrench","floor":7,"key":"SMITH"},{"floor":15,"key":"REST"}],"neow_cost":"NONE","seed_source_timestamp":226971467755835,"circlet_count":0,"master_deck":["Strike_R+1","Strike_R","Strike_R","Strike_R","Strike_R","Defend_R","Defend_R+1","Defend_R","Defend_R","Bash","Entrench+1","Armaments","Infernal Blade+1","Clothesline","Cleave","Metallicize"],"relics":["Burning Blood","NeowsBlessing","Lantern","Matryoshka","Smiling Mask","Letter Opener","PreservedInsect"],"potions_floor_usage":[6,6,6,16],"damage_taken":[{"damage":0,"enemies":"Small Slimes","floor":1,"turns":1},{"damage":0,"enemies":"Cultist","floor":2,"turns":1},{"damage":0,"enemies":"Jaw Worm","floor":4,"turns":1},{"damage":27,"enemies":"3 Sentries","floor":6,"turns":9},{"damage":7,"enemies":"Looter","floor":8,"turns":4},{"damage":9,"enemies":"Large Slime","floor":10,"turns":6},{"damage":70,"enemies":"Slime Boss","floor":16,"turns":12}],"seed_played":"5014025866454296903","potions_obtained":[{"floor":1,"key":"SkillPotion"},{"floor":2,"key":"PowerPotion"},{"floor":3,"key":"LiquidBronze"},{"floor":3,"key":"Explosive Potion"},{"floor":8,"key":"BloodPotion"},{"floor":10,"key":"FearPotion"}],"is_trial":false,"path_per_floor":["M","M","?","M","$","E","R","M","T","M","?","?","$","?","R"],"character_chosen":"IRONCLAD","items_purchased":["Lantern","Metallicize","PreservedInsect"],"campfire_rested":1,"item_purchase_floors":[5,13,13],"current_hp_per_floor":[80,80,80,80,80,59,59,58,58,55,39,39,39,39,63,1],"gold":0,"neow_bonus":"THREE_ENEMY_KILL","is_prod":false,"is_daily":false,"chose_seed":false,"campfire_upgraded":1,"win_rate":0.0,"timestamp":1540065586,"path_taken":["M","M","?","M","$","E","R","M","T","M","?","?","?","?","R","BOSS"],"build_version":"2018-10-18","purchased_purges":1,"victory":false,"max_hp_per_floor":[80,80,80,80,80,80,80,80,80,80,80,80,80,80,80,80],"card_choices":[{"not_picked":["True Grit","Shockwave"],"picked":"Entrench","floor":1},{"not_picked":["Corruption","Pommel Strike"],"picked":"Armaments","floor":2},{"not_picked":["Corruption","Whirlwind","Perfected Strike"],"picked":"SKIP","floor":4},{"not_picked":["Rampage","Flame Barrier"],"picked":"Infernal Blade","floor":6},{"not_picked":["Flex","Armaments"],"picked":"Clothesline","floor":8},{"not_picked":["Fire Breathing","Anger"],"picked":"Cleave","floor":10}],"player_experience":77974,"relics_obtained":[{"floor":6,"key":"Matryoshka"},{"floor":9,"key":"Smiling Mask"},{"floor":9,"key":"Letter Opener"}],"event_choices":[{"damage_healed":0,"gold_gain":0,"player_choice":"Got Potions","damage_taken":0,"max_hp_gain":0,"max_hp_loss":0,"event_name":"The Lab","floor":3,"gold_loss":0},{"damage_healed":0,"gold_gain":0,"player_choice":"Entered Light","damage_taken":16,"max_hp_gain":0,"max_hp_loss":0,"event_name":"Shining Light","floor":11,"gold_loss":0,"cards_upgraded":["Defend_R","Strike_R"]},{"damage_healed":0,"gold_gain":175,"player_choice":"AGREE","damage_taken":0,"max_hp_gain":0,"max_hp_loss":0,"event_name":"Liars Game","floor":12,"gold_loss":0,"cards_obtained":["Doubt"]},{"damage_healed":0,"gold_gain":0,"player_choice":"Upgraded","damage_taken":0,"max_hp_gain":0,"max_hp_loss":0,"event_name":"Upgrade Shrine","floor":14,"gold_loss":0,"cards_upgraded":["Infernal Blade"]}],"is_beta":false,"boss_relics":[],"items_purged_floors":[13],"is_endless":false,"potions_floor_spawned":[1,2,8,10],"killed_by":"Slime Boss","ascension_level":0}