{"gold_per_floor":[111,286,47,67,67,67,94,94,94,94,94,117,117,130,130,256,256,274,274,294,294,309,309,329,329,329,350,449,97,97,97],"floor_reached":31,"playtime":930,"items_purged":[],"score":387,"play_id":"f78636b8-19d4-40ff-8c66-f49f81ef896d","local_time":"20190603071036","is_ascension_mode":true,"campfire_choices":[{"data":"Apotheosis","floor":6.0,"key":"SMITH"},{"data":"Survivor","floor":8.0,"key":"SMITH"},{"data":"Deadly Poison","floor":11.0,"key":"SMITH"},{"floor":15.0,"key":"REST"},{"floor":23.0,"key":"REST"}],"neow_cost":"NONE","seed_source_timestamp":88068291370600,"circlet_count":0,"master_deck":["AscendersBane","Defend_G+1","Defend_G+1","Defend_G","Defend_G","Defend_G","Strike_G","Strike_G+1","Strike_G","Strike_G","Strike_G","Survivor+1","Neutralize","Deadly Poison+1","Apotheosis+1","Deadly Poison","Deadly Poison+1","Well Laid Plans","Caltrops","Burst","Poisoned Stab+1","Dash","Dagger Spray+1","Flying Knee+1","Crippling Poison","Writhe"],"special_seed":0,"relics":["Ring of the Snake","NeowsBlessing","Unceasing Top","Ancient Tea Set","Golden Idol","Lizard Tail","Matryoshka","Regal Pillow","Sundial","Strawberry","War Paint"],"potions_floor_usage":[31,31],"damage_taken":[{"damage":0.0,"enemies":"Small Slimes","floor":1.0,"turns":1.0},{"damage":0.0,"enemies":"Jaw Worm","floor":4.0,"turns":1.0},{"damage":0.0,"enemies":"3 Sentries","floor":7.0,"turns":1.0},{"damage":0.0,"enemies":"Cultist","floor":12.0,"turns":3.0},{"damage":4.0,"enemies":"Large Slime","floor":14.0,"turns":6.0},{"damage":56.0,"enemies":"Slime Boss","floor":16.0,"turns":12.0},{"damage":2.0,"enemies":"Spheric Guardian","floor":18.0,"turns":5.0},{"damage":17.0,"enemies":"3 Byrds","floor":20.0,"turns":5.0},{"damage":16.0,"enemies":"Snake Plant","floor":22.0,"turns":5.0},{"damage":26.0,"enemies":"Snecko","floor":24.0,"turns":8.0},{"damage":62.0,"enemies":"3 Cultists","floor":27.0,"turns":8.0},{"damage":18,"enemies":"Shelled Parasite and Fungi","floor":31,"turns":4}],"seed_played":"-6924565268683916656","potions_obtained":[{"floor":1.0,"key":"Swift Potion"},{"floor":14.0,"key":"Poison Potion"},{"floor":16.0,"key":"SkillPotion"},{"floor":20.0,"key":"EssenceOfSteel"},{"floor":24.0,"key":"EssenceOfSteel"}],"is_trial":false,"path_per_floor":["M","?","$","M","?","R","E","R","T","?","R","M","?","M","R","B",null,"M","$","M","T","M","R","M","?","T","M","?","$","?","M"],"character_chosen":"THE_SILENT","items_purchased":["Apotheosis","Deadly Poison","Strawberry","Crippling Poison","GhostInAJar","SpeedPotion"],"campfire_rested":2,"item_purchase_floors":[3,3,29,29,29,29],"current_hp_per_floor":[63,63,63,63,56,56,56,56,56,56,56,56,43,39,58,2,49,47,47,30,30,14,33,7,28,28,6,6,13,13,0],"gold":97,"neow_bonus":"THREE_ENEMY_KILL","is_prod":false,"is_daily":false,"chose_seed":false,"campfire_upgraded":3,"win_rate":0,"timestamp":1559571036,"path_taken":["M","?","$","M","?","R","E","R","T","?","R","M","?","?","R","BOSS","M","$","M","?","M","R","M","?","T","M","?","$","?","M"],"build_version":"2019-01-23","purchased_purges":0,"victory":false,"max_hp_per_floor":[70,70,70,70,70,70,70,70,70,65,65,65,65,65,65,65,65,65,65,65,65,65,65,65,65,65,65,65,72,72,72],"card_choices":[{"not_picked":["Eviscerate","PiercingWail"],"picked":"Deadly Poison","floor":1.0},{"not_picked":["Dagger Throw","Acrobatics"],"picked":"Deadly Poison","floor":4.0},{"not_picked":["Blade Dance","Choke","Cloak And Dagger"],"picked":"SKIP","floor":7.0},{"not_picked":["Accuracy","Dagger Throw"],"picked":"Well Laid Plans","floor":12.0},{"not_picked":["Flechettes","Slice"],"picked":"Caltrops","floor":14.0},{"not_picked":["Storm of Steel","After Image"],"picked":"Burst","floor":16.0},{"not_picked":["Backstab","Flying Knee"],"picked":"Poisoned Stab+1","floor":18.0},{"not_picked":["Quick Slash","Prepared"],"picked":"Dash","floor":20.0},{"not_picked":["All Out Attack+1","Poisoned Stab"],"picked":"Dagger Spray+1","floor":22.0},{"not_picked":["Prepared","Cloak And Dagger+1","Flying Knee"],"picked":"SKIP","floor":24.0},{"not_picked":["Quick Slash","Acrobatics"],"picked":"Flying Knee+1","floor":27.0}],"player_experience":236724,"relics_obtained":[{"floor":7.0,"key":"Unceasing Top"},{"floor":9.0,"key":"Ancient Tea Set"},{"floor":21.0,"key":"Matryoshka"},{"floor":26.0,"key":"Regal Pillow"},{"floor":26.0,"key":"Sundial"}],"event_choices":[{"damage_healed":0.0,"max_hp_gain":0.0,"max_hp_loss":0.0,"gold_gain":175.0,"event_name":"Liars Game","player_choice":"AGREE","floor":2.0,"gold_loss":0.0,"damage_taken":0.0,"cards_obtained":["Doubt"]},{"cards_removed":["Doubt"],"damage_healed":0.0,"max_hp_gain":0.0,"max_hp_loss":0.0,"gold_gain":0.0,"event_name":"Golden Wing","player_choice":"Card Removal","floor":5.0,"gold_loss":0.0,"damage_taken":7.0},{"damage_healed":0.0,"max_hp_gain":0.0,"max_hp_loss":5.0,"gold_gain":0.0,"event_name":"Golden Idol","player_choice":"Lose Max HP","floor":10.0,"gold_loss":0.0,"damage_taken":0.0,"relics_obtained":["Golden Idol"]},{"damage_healed":0.0,"max_hp_gain":0.0,"max_hp_loss":0.0,"gold_gain":0.0,"event_name":"Shining Light","player_choice":"Entered Light","floor":13.0,"gold_loss":0.0,"damage_taken":13.0,"cards_upgraded":["Defend_G","Strike_G"]},{"damage_healed":21.0,"max_hp_gain":0.0,"max_hp_loss":0.0,"gold_gain":0.0,"event_name":"The Library","player_choice":"Heal","floor":25.0,"gold_loss":0.0,"damage_taken":0.0},{"damage_healed":0.0,"max_hp_gain":0.0,"max_hp_loss":0.0,"gold_gain":99.0,"event_name":"Nest","player_choice":"Stole From Cult","floor":28.0,"gold_loss":0.0,"damage_taken":0.0},{"damage_healed":0.0,"max_hp_gain":0.0,"max_hp_loss":0.0,"gold_gain":0.0,"event_name":"The Mausoleum","player_choice":"Opened","floor":30.0,"gold_loss":0.0,"damage_taken":0.0,"relics_obtained":["War Paint"],"cards_obtained":["Writhe"]}],"is_beta":false,"boss_relics":[{"not_picked":["Velvet Choker","Snecko Eye"],"picked":"Lizard Tail"}],"items_purged_floors":[],"is_endless":false,"potions_floor_spawned":[1,14,16,20,24],"killed_by":"Shelled Parasite and Fungi","ascension_level":10}