{"gold_per_floor":[117,117,117,132,152,178,196,230,253,328,328,389,400,420,420,420],"floor_reached":16,"playtime":685,"items_purged":[],"score":218,"play_id":"32799e4e-989e-4164-bd9b-495f96001c05","local_time":"20190525161423","is_ascension_mode":true,"campfire_choices":[{"floor":11.0,"key":"REST"},{"floor":15.0,"key":"REST"}],"neow_cost":"NONE","seed_source_timestamp":981803356777,"circlet_count":0,"master_deck":["AscendersBane","Strike_R","Strike_R+1","Strike_R","Strike_R","Strike_R","Defend_R","Defend_R","Defend_R","Defend_R","Bash","Impatience+1","Cleave","Clothesline","Iron Wave","Offering","Ghostly Armor","Clothesline","Flex","Headbutt"],"special_seed":0,"relics":["Burning Blood","Dodecahedron","Anchor","Pen Nib","Bag of Preparation"],"potions_floor_usage":[16,16],"damage_taken":[{"damage":1.0,"enemies":"Cultist","floor":1.0,"turns":3.0},{"damage":6.0,"enemies":"2 Louse","floor":4.0,"turns":2.0},{"damage":1.0,"enemies":"Small Slimes","floor":5.0,"turns":4.0},{"damage":20.0,"enemies":"3 Sentries","floor":6.0,"turns":7.0},{"damage":4.0,"enemies":"Exordium Wildlife","floor":7.0,"turns":3.0},{"damage":35.0,"enemies":"Lagavulin","floor":8.0,"turns":10.0},{"damage":12.0,"enemies":"Gremlin Nob","floor":12.0,"turns":3.0},{"damage":0.0,"enemies":"3 Louse","floor":13.0,"turns":2.0},{"damage":6.0,"enemies":"Blue Slaver","floor":14.0,"turns":2.0},{"damage":47,"enemies":"Hexaghost","floor":16,"turns":12}],"seed_played":"5540947743185657996","potions_obtained":[{"floor":4.0,"key":"Fire Potion"},{"floor":5.0,"key":"GamblersBrew"},{"floor":8.0,"key":"Explosive Potion"},{"floor":13.0,"key":"Dexterity Potion"},{"floor":14.0,"key":"SpeedPotion"}],"is_trial":false,"path_per_floor":["M","?","?","M","M","E","M","E","T","?","R","?","M","M","R","B"],"character_chosen":"IRONCLAD","items_purchased":[],"campfire_rested":2,"item_purchase_floors":[],"current_hp_per_floor":[73,50,50,50,55,41,43,14,14,3,25,19,25,25,47,0],"gold":420,"neow_bonus":"RANDOM_COLORLESS","is_prod":false,"is_daily":false,"chose_seed":false,"campfire_upgraded":0,"win_rate":0,"timestamp":1558826063,"path_taken":["M","?","?","M","M","E","M","E","T","?","R","?","?","M","R","BOSS"],"build_version":"2019-01-23","purchased_purges":0,"victory":false,"max_hp_per_floor":[75,75,75,75,75,75,75,75,75,75,75,75,75,75,75,75],"card_choices":[{"not_picked":["Blood for Blood","Entrench"],"picked":"Cleave","floor":1.0},{"not_picked":["Flex","Havoc"],"picked":"Clothesline","floor":4.0},{"not_picked":["Corruption","Bloodletting"],"picked":"Iron Wave","floor":5.0},{"not_picked":["Blood for Blood","Reckless Charge"],"picked":"Offering","floor":6.0},{"not_picked":["Sword Boomerang","Pommel Strike"],"picked":"Ghostly Armor","floor":7.0},{"not_picked":["True Grit","Spot Weakness"],"picked":"Clothesline","floor":8.0},{"not_picked":["Corruption","Wild Strike"],"picked":"Flex","floor":12.0},{"not_picked":["Feel No Pain","True Grit"],"picked":"Headbutt","floor":13.0},{"not_picked":["Combust","Sentinel","Bloodletting"],"picked":"SKIP","floor":14.0}],"player_experience":791351,"relics_obtained":[{"floor":6.0,"key":"Dodecahedron"},{"floor":8.0,"key":"Anchor"},{"floor":9.0,"key":"Pen Nib"},{"floor":12.0,"key":"Bag of Preparation"}],"event_choices":[{"damage_healed":0.0,"max_hp_gain":0.0,"max_hp_loss":0.0,"gold_gain":0.0,"event_name":"Shining Light","player_choice":"Entered Light","floor":2.0,"gold_loss":0.0,"damage_taken":23.0,"cards_upgraded":["Impatience","Strike_R"]},{"damage_healed":0.0,"max_hp_gain":0.0,"max_hp_loss":0.0,"gold_gain":0.0,"event_name":"Liars Game","player_choice":"Ignored","floor":3.0,"gold_loss":0.0,"damage_taken":0.0},{"damage_healed":0.0,"max_hp_gain":0.0,"max_hp_loss":0.0,"gold_gain":75.0,"event_name":"World of Goop","player_choice":"Gather Gold","floor":10.0,"gold_loss":0.0,"damage_taken":11.0},{"damage_healed":0.0,"max_hp_gain":0.0,"max_hp_loss":0.0,"gold_gain":30.0,"event_name":"Dead Adventurer","player_choice":"Searched \u00273\u0027 times","floor":12.0,"gold_loss":0.0,"damage_taken":0.0}],"is_beta":false,"boss_relics":[],"items_purged_floors":[],"is_endless":false,"potions_floor_spawned":[4,5,8,13,14],"killed_by":"Hexaghost","ascension_level":19}