{"gold_per_floor":[110,129,27,39,59,59,89,109,134,39,56,120,131,141,141,236,236,254,254,266,304,121,121,121],"floor_reached":24,"playtime":1832,"items_purged":["Writhe"],"score":228,"play_id":"60ba6c78-8616-4684-bc89-a012fe429024","local_time":"20190414152424","is_ascension_mode":true,"campfire_choices":[{"data":"Zap","floor":6.0,"key":"SMITH"},{"floor":15.0,"key":"REST"},{"data":"Dualcast","floor":23.0,"key":"SMITH"}],"neow_cost":"NONE","seed_source_timestamp":316679865906037,"circlet_count":0,"master_deck":["Strike_B","Strike_B","Strike_B","Strike_B","Defend_B","Defend_B","Defend_B","Defend_B","Zap+1","Dualcast+1","Gash","Turbo","Leap","Defragment","Steam","Cold Snap","Machine Learning","Leap","Conserve Battery","Gash","Melter","Self Repair","Leap","Genetic Algorithm","Seek","Gash","RitualDagger","Defragment","Panacea"],"special_seed":0,"relics":["Cracked Core","Bronze Scales","Juzu Bracelet","Happy Flower","DataDisk","Inserter","MawBank"],"potions_floor_usage":[],"damage_taken":[{"damage":7.0,"enemies":"Jaw Worm","floor":1.0,"turns":3.0},{"damage":6.0,"enemies":"2 Louse","floor":2.0,"turns":2.0},{"damage":0.0,"enemies":"Small Slimes","floor":4.0,"turns":3.0},{"damage":4.0,"enemies":"Blue Slaver","floor":5.0,"turns":3.0},{"damage":25.0,"enemies":"3 Sentries","floor":7.0,"turns":8.0},{"damage":11.0,"enemies":"Looter","floor":8.0,"turns":2.0},{"damage":5.0,"enemies":"Exordium Thugs","floor":11.0,"turns":5.0},{"damage":9.0,"enemies":"Lagavulin Event","floor":12.0,"turns":6.0},{"damage":4.0,"enemies":"3 Louse","floor":13.0,"turns":2.0},{"damage":0.0,"enemies":"Looter","floor":14.0,"turns":3.0},{"damage":2.0,"enemies":"Hexaghost","floor":16.0,"turns":10.0},{"damage":19.0,"enemies":"3 Byrds","floor":18.0,"turns":3.0},{"damage":57,"enemies":"Gremlin Leader","floor":24,"turns":6}],"seed_played":"-8826867764763646584","potions_obtained":[{"floor":5.0,"key":"SpeedPotion"},{"floor":11.0,"key":"EssenceOfSteel"},{"floor":12.0,"key":"EssenceOfSteel"},{"floor":13.0,"key":"PowerPotion"},{"floor":14.0,"key":"FearPotion"}],"is_trial":false,"path_per_floor":["M","M","$","M","M","R","E","M","T","$","M","?","M","M","R","B",null,"M","?","?","T","$","R","E"],"character_chosen":"DEFECT","items_purchased":["Leap","Defragment","Conserve Battery","Gash","Defragment","Panacea"],"campfire_rested":1,"item_purchase_floors":[3,3,10,10,22,22],"current_hp_per_floor":[68,62,62,62,58,58,33,22,22,22,17,8,4,11,33,38,75,63,63,57,57,57,57,0],"gold":121,"neow_bonus":"RANDOM_COMMON_RELIC","is_prod":false,"is_daily":false,"chose_seed":false,"campfire_upgraded":2,"win_rate":0,"timestamp":1555280664,"path_taken":["M","M","$","M","M","R","E","M","T","$","M","?","M","M","R","BOSS","M","?","?","?","$","R","E"],"build_version":"2019-01-23","purchased_purges":1,"victory":false,"max_hp_per_floor":[75,75,75,75,75,75,75,75,75,75,75,75,75,75,75,75,75,75,75,75,75,75,75,75],"card_choices":[{"not_picked":["Stack","Steam"],"picked":"Gash","floor":1.0},{"not_picked":["Heatsinks","Consume"],"picked":"Turbo","floor":2.0},{"not_picked":["Heatsinks","Recycle"],"picked":"Steam","floor":4.0},{"not_picked":["Redo","Tempest"],"picked":"Cold Snap","floor":5.0},{"not_picked":["Fusion","Static Discharge"],"picked":"Machine Learning","floor":7.0},{"not_picked":["Hologram","Gash"],"picked":"Leap","floor":8.0},{"not_picked":["Turbo","Force Field"],"picked":"Melter","floor":11.0},{"not_picked":["Stack","Recycle"],"picked":"Self Repair","floor":12.0},{"not_picked":["Stack","Cold Snap"],"picked":"Leap","floor":13.0},{"not_picked":["Stack","Rebound"],"picked":"Genetic Algorithm","floor":14.0},{"not_picked":["Creative AI","Amplify"],"picked":"Seek","floor":16.0},{"not_picked":["Barrage+1","Steam"],"picked":"Gash","floor":18.0}],"player_experience":422330,"relics_obtained":[{"floor":7.0,"key":"Juzu Bracelet"},{"floor":9.0,"key":"Happy Flower"},{"floor":12.0,"key":"DataDisk"}],"event_choices":[{"damage_healed":0.0,"max_hp_gain":0.0,"max_hp_loss":0.0,"gold_gain":0.0,"event_name":"Dead Adventurer","player_choice":"Searched \u00271\u0027 times","floor":12.0,"gold_loss":0.0,"damage_taken":0.0},{"damage_healed":0.0,"max_hp_gain":0.0,"max_hp_loss":0.0,"gold_gain":0.0,"event_name":"The Mausoleum","player_choice":"Opened","floor":19.0,"gold_loss":0.0,"damage_taken":0.0,"relics_obtained":["MawBank"],"cards_obtained":["Writhe"]},{"damage_healed":0.0,"max_hp_gain":0.0,"max_hp_loss":0.0,"gold_gain":0.0,"event_name":"Nest","player_choice":"Joined the Cult","floor":20.0,"gold_loss":0.0,"damage_taken":6.0,"cards_obtained":["RitualDagger"]}],"is_beta":false,"boss_relics":[{"not_picked":["Busted Crown","Calling Bell"],"picked":"Inserter"}],"items_purged_floors":[22],"is_endless":false,"potions_floor_spawned":[5,11,12,13,14],"killed_by":"Gremlin Leader","ascension_level":3}