{"gold_per_floor":[211,231,231,231,104,131,147,159,204,204,214,164,164,189,189,284,284,298,310,310,159,173,173,173],"floor_reached":24,"playtime":1920,"items_purged":["Strike_R","Strike_R"],"score":367,"play_id":"8e8f88a0-cc5a-46f3-81b5-4794b8ddba2d","local_time":"20190605203635","is_ascension_mode":true,"campfire_choices":[{"floor":10,"key":"REST"},{"data":"True Grit","floor":15,"key":"SMITH"},{"floor":23,"key":"REST"}],"neow_cost":"NONE","seed_source_timestamp":0,"circlet_count":0,"master_deck":["Strike_R","Defend_R","Defend_R","Defend_R","Defend_R","Bash+1","Rampage+1","Cleave","Ghostly Armor+1","Carnage","True Grit+1","Bludgeon","Clothesline","Headbutt","Armaments","True Grit"],"special_seed":0,"relics":["Burning Blood","Ornamental Fan","Regal Pillow","Strawberry","Lizard Tail"],"potions_floor_usage":[6,11,14,16,19],"damage_taken":[{"damage":19,"enemies":"Jaw Worm","floor":1,"turns":5},{"damage":0,"enemies":"Small Slimes","floor":2,"turns":3},{"damage":40,"enemies":"3 Sentries","floor":6,"turns":9},{"damage":2,"enemies":"2 Louse","floor":7,"turns":3},{"damage":5,"enemies":"2 Fungi Beasts","floor":8,"turns":3},{"damage":0,"enemies":"Gremlin Gang","floor":11,"turns":3},{"damage":4,"enemies":"Gremlin Nob","floor":14,"turns":3},{"damage":43,"enemies":"The Guardian","floor":16,"turns":12},{"damage":8,"enemies":"Chosen","floor":18,"turns":6},{"damage":15,"enemies":"Shell Parasite","floor":19,"turns":3},{"damage":73,"enemies":"Shelled Parasite and Fungi","floor":22,"turns":17},{"damage":95,"enemies":"Gremlin Leader","floor":24,"turns":11}],"seed_played":"185196022785150237","potions_obtained":[{"floor":1,"key":"Swift Potion"},{"floor":6,"key":"Weak Potion"},{"floor":7,"key":"Energy Potion"},{"floor":18,"key":"Poison Potion"}],"is_trial":false,"path_per_floor":["M","M","?","?","$","E","M","M","T","R","M","?","?","E","R","B",null,"M","M","?","$","M","R","E"],"character_chosen":"IRONCLAD","items_purchased":["Strength Potion","Armaments"],"campfire_rested":2,"item_purchase_floors":[5,21],"current_hp_per_floor":[67,73,66,66,66,32,36,37,37,76,80,80,64,73,73,36,87,85,76,76,76,9,50,0],"gold":173,"neow_bonus":"HUNDRED_GOLD","is_prod":false,"is_daily":false,"chose_seed":false,"campfire_upgraded":1,"win_rate":0,"timestamp":1559759795,"path_taken":["M","M","?","?","$","E","M","M","T","R","M","?","?","E","R","BOSS","M","M","?","$","M","R","E"],"build_version":"2019-01-23","purchased_purges":2,"victory":false,"max_hp_per_floor":[80,80,80,80,80,80,80,80,80,80,80,80,80,87,87,87,87,87,87,87,87,87,87,87],"card_choices":[{"not_picked":["Corruption","Entrench"],"picked":"Rampage","floor":1},{"not_picked":["Feel No Pain","Corruption"],"picked":"Cleave","floor":2},{"not_picked":["Rampage","True Grit"],"picked":"Ghostly Armor","floor":6},{"not_picked":["Pommel Strike","Havoc","Burning Pact"],"picked":"SKIP","floor":7},{"not_picked":["Feel No Pain","Body Slam","Barricade"],"picked":"SKIP","floor":8},{"not_picked":["Perfected Strike","Heavy Blade"],"picked":"Carnage","floor":11},{"not_picked":["Thunderclap","Havoc"],"picked":"True Grit","floor":14},{"not_picked":["Juggernaut","Offering"],"picked":"Bludgeon","floor":16},{"not_picked":["Flex","Fire Breathing"],"picked":"Clothesline","floor":18},{"not_picked":["Wild Strike","Flex"],"picked":"Headbutt","floor":19},{"not_picked":["Barricade","Flex+1"],"picked":"True Grit","floor":22}],"player_experience":371346,"relics_obtained":[{"floor":6,"key":"Ornamental Fan"},{"floor":9,"key":"Regal Pillow"},{"floor":14,"key":"Strawberry"}],"event_choices":[{"cards_removed":["Strike_R"],"damage_healed":0,"gold_gain":0,"player_choice":"Card Removal","damage_taken":7,"max_hp_gain":0,"max_hp_loss":0,"event_name":"Golden Wing","floor":3,"gold_loss":0},{"damage_healed":0,"gold_gain":0,"player_choice":"Grow","damage_taken":0,"max_hp_gain":0,"max_hp_loss":0,"event_name":"Living Wall","floor":4,"gold_loss":0,"cards_upgraded":["Bash"]},{"cards_removed":["Strike_R"],"damage_healed":0,"gold_gain":0,"player_choice":"Card Removal","damage_taken":0,"max_hp_gain":0,"max_hp_loss":0,"event_name":"The Cleric","floor":12,"gold_loss":50},{"damage_healed":0,"gold_gain":0,"player_choice":"Entered Light","damage_taken":16,"max_hp_gain":0,"max_hp_loss":0,"event_name":"Shining Light","floor":13,"gold_loss":0,"cards_upgraded":["Ghostly Armor","Rampage"]},{"damage_healed":0,"gold_gain":0,"player_choice":"Ignored","damage_taken":0,"max_hp_gain":0,"max_hp_loss":0,"event_name":"Ghosts","floor":20,"gold_loss":0}],"is_beta":false,"boss_relics":[{"not_picked":["Runic Pyramid","Eternal Feather"],"picked":"Lizard Tail"}],"items_purged_floors":[5,21],"is_endless":false,"potions_floor_spawned":[1,6,7,18],"killed_by":"Gremlin Leader","ascension_level":4}