{"gold_per_floor":[214,129,34,34,44,44,62,93,166,191,210,229,245,20,20,118,118,132,151,182,199,71,71,104,104,104,130,142,64,93,134,146,158],"floor_reached":33,"playtime":4500,"items_purged":[],"score":338,"play_id":"c797a117-3145-4b5c-809b-db399b337b7f","local_time":"20190506211936","is_ascension_mode":true,"campfire_choices":[{"floor":6.0,"key":"RECALL"},{"data":"Neutralize","floor":15.0,"key":"SMITH"},{"floor":23,"key":"REST"},{"floor":25,"key":"REST"},{"floor":28,"key":"REST"},{"floor":32,"key":"REST"}],"neow_cost":"NONE","seed_source_timestamp":0,"circlet_count":0,"master_deck":["Defend_G","Defend_G","Defend_G","Defend_G","Defend_G+1","Strike_G","Strike_G","Strike_G","Strike_G","Strike_G","Survivor","Neutralize+1","Deadly Poison","Well Laid Plans","Flying Knee","Crippling Poison","Bane","Glass Knife","Dodge and Roll","Dash","Bane","Deadly Poison","Malaise","Leg Sweep","Outmaneuver","Dagger Spray+1","Footwork","Bouncing Flask","Footwork"],"special_seed":0,"relics":["Ring of the Snake","Boot","PreservedInsect","Bag of Preparation","Bag of Marbles","Black Star","Red Mask","Matryoshka","Art of War","Ninja Scroll","MawBank","Letter Opener","Nunchaku"],"potions_floor_usage":[20,20,20,27,27,30],"damage_taken":[{"damage":2.0,"enemies":"Jaw Worm","floor":1.0,"turns":5.0},{"damage":0.0,"enemies":"Cultist","floor":5.0,"turns":3.0},{"damage":5.0,"enemies":"Small Slimes","floor":7.0,"turns":3.0},{"damage":14.0,"enemies":"3 Sentries","floor":8.0,"turns":8.0},{"damage":0.0,"enemies":"Lagavulin","floor":10.0,"turns":5.0},{"damage":0.0,"enemies":"Exordium Wildlife","floor":11.0,"turns":4.0},{"damage":0.0,"enemies":"Looter","floor":12.0,"turns":3.0},{"damage":13.0,"enemies":"Large Slime","floor":13.0,"turns":5.0},{"damage":31.0,"enemies":"The Guardian","floor":16.0,"turns":9.0},{"damage":25.0,"enemies":"Shell Parasite","floor":18.0,"turns":6.0},{"damage":6.0,"enemies":"3 Byrds","floor":19.0,"turns":4.0},{"damage":16,"enemies":"Masked Bandits","floor":20,"turns":6},{"damage":14,"enemies":"Shelled Parasite and Fungi","floor":21,"turns":7},{"damage":22,"enemies":"Slavers","floor":24,"turns":5},{"damage":7,"enemies":"3 Cultists","floor":27,"turns":8},{"damage":10,"enemies":"Centurion and Healer","floor":30,"turns":4},{"damage":17,"enemies":"Book of Stabbing","floor":31,"turns":8},{"damage":49,"enemies":"Automaton","floor":33,"turns":6}],"seed_played":"-2135137723638033855","potions_obtained":[{"floor":1.0,"key":"AttackPotion"},{"floor":8.0,"key":"SmokeBomb"},{"floor":10.0,"key":"Ancient Potion"},{"floor":11.0,"key":"Block Potion"},{"floor":13.0,"key":"GamblersBrew"},{"floor":19,"key":"Energy Potion"},{"floor":24,"key":"Poison Potion"},{"floor":27,"key":"Explosive Potion"}],"is_trial":false,"path_per_floor":["M","$","?","$","M","R","M","E","T","E","M","M","M","$","R","B",null,"M","M","?","M","$","R","E","R","T","M","R","?","M","E","R","B"],"character_chosen":"THE_SILENT","items_purchased":["Well Laid Plans","Flying Knee","Bag of Marbles","Wraith Form v2","Footwork","Swift Potion"],"campfire_rested":4,"item_purchase_floors":[2,2,14,14,22,22],"current_hp_per_floor":[68,68,68,68,68,68,63,49,49,49,49,49,36,36,36,5,70,45,39,23,9,9,30,8,29,29,22,43,43,33,16,37,0],"gold":158,"neow_bonus":"HUNDRED_GOLD","is_prod":false,"is_daily":false,"chose_seed":false,"campfire_upgraded":1,"win_rate":0,"timestamp":1557170376,"path_taken":["M","$","?","?","?","R","M","E","T","E","M","M","M","$","R","BOSS","M","M","?","M","$","R","E","R","T","M","R","?","M","E","R","BOSS"],"build_version":"2019-01-23","purchased_purges":0,"victory":false,"max_hp_per_floor":[70,70,70,70,70,70,70,70,70,70,70,70,70,70,70,70,70,70,70,70,70,70,70,70,70,70,70,70,70,70,70,70,70],"card_choices":[{"not_picked":["Dodge and Roll","Dagger Throw"],"picked":"Deadly Poison","floor":1.0},{"not_picked":["Setup","Blur"],"picked":"Crippling Poison","floor":5.0},{"not_picked":["Dagger Throw","Deflect"],"picked":"Bane","floor":7.0},{"not_picked":["Riddle With Holes","Quick Slash"],"picked":"Glass Knife","floor":8.0},{"not_picked":["Poisoned Stab","Doppelganger"],"picked":"Dodge and Roll","floor":10.0},{"not_picked":["Outmaneuver","Blade Dance"],"picked":"Dash","floor":11.0},{"not_picked":["Sucker Punch","Choke"],"picked":"Bane","floor":12.0},{"not_picked":["Backflip","Flying Knee"],"picked":"Deadly Poison","floor":13.0},{"not_picked":["Phantasmal Killer","Burst"],"picked":"Malaise","floor":16.0},{"not_picked":["Dagger Throw","Escape Plan"],"picked":"Leg Sweep","floor":18.0},{"not_picked":["Dash","Sucker Punch","Dodge and Roll"],"picked":"SKIP","floor":19},{"not_picked":["Sucker Punch","Underhanded Strike+1"],"picked":"Outmaneuver","floor":20},{"not_picked":["Eviscerate","Underhanded Strike+1"],"picked":"Dagger Spray+1","floor":21},{"not_picked":["Slice","Predator"],"picked":"Bouncing Flask","floor":24},{"not_picked":["Dagger Spray+1","Reflex"],"picked":"Footwork","floor":27},{"not_picked":["Deflect","Outmaneuver","Crippling Poison+1"],"picked":"SKIP","floor":30},{"not_picked":["Underhanded Strike","Glass Knife","Blade Dance"],"picked":"SKIP","floor":31}],"player_experience":255649,"relics_obtained":[{"floor":8.0,"key":"PreservedInsect"},{"floor":10.0,"key":"Bag of Preparation"},{"floor":20,"key":"Red Mask"},{"floor":24,"key":"Matryoshka"},{"floor":24,"key":"Art of War"},{"floor":26,"key":"Ninja Scroll"},{"floor":26,"key":"MawBank"},{"floor":31,"key":"Letter Opener"},{"floor":31,"key":"Nunchaku"}],"event_choices":[{"damage_healed":0.0,"max_hp_gain":0.0,"max_hp_loss":0.0,"gold_gain":0.0,"event_name":"WeMeetAgain","player_choice":"Paid Gold","floor":3.0,"gold_loss":95.0,"damage_taken":0.0,"relics_obtained":["Boot"]},{"damage_healed":0,"gold_gain":0,"player_choice":"Fought Bandits","damage_taken":0,"max_hp_gain":0,"max_hp_loss":0,"event_name":"Masked Bandits","floor":20,"gold_loss":0},{"cards_removed":["Wraith Form v2"],"damage_healed":0,"gold_gain":0,"player_choice":"Upgrade and Remove","damage_taken":0,"max_hp_gain":0,"max_hp_loss":0,"event_name":"Designer","floor":29,"gold_loss":90,"cards_upgraded":["Defend_G"]}],"is_beta":false,"boss_relics":[{"not_picked":["Pandora\u0027s Box","Runic Dome"],"picked":"Black Star"}],"items_purged_floors":[],"is_endless":false,"potions_floor_spawned":[1,8,10,11,13,19,24,27],"killed_by":"Automaton","ascension_level":1}