{"gold_per_floor":[213,21,21,37,37,37,37,47,71,71,90,90,124,140,140,235,235,252,252,56,56,68,68,97,108,180,195,195,213,213,227,227,322,322,335,335,41,54,67,67,81,108,135,145,158,158,15,29,29,29],"floor_reached":50,"playtime":5479,"items_purged":["Strike_G"],"score":521,"play_id":"c612db49-af33-441c-b31b-3007874df877","local_time":"20181030100621","is_ascension_mode":false,"campfire_choices":[{"data":"Neutralize","floor":6.0,"key":"SMITH"},{"data":"Blur","floor":12,"key":"SMITH"},{"data":"Accuracy","floor":15,"key":"SMITH"},{"floor":23,"key":"REST"},{"floor":28,"key":"REST"},{"floor":32,"key":"REST"},{"floor":40,"key":"REST"},{"data":"Apotheosis","floor":46,"key":"SMITH"},{"floor":49,"key":"REST"}],"neow_cost":"NONE","seed_source_timestamp":0,"circlet_count":0,"master_deck":["Defend_G","Defend_G","Defend_G","Defend_G","Strike_G","Strike_G","Survivor","Neutralize+1","Crippling Poison","Infinite Blades","PiercingWail","Blur+1","Backflip","Bane","Terror","Poisoned Stab","Accuracy+1","Envenom","Riddle With Holes","Dodge and Roll","Well Laid Plans","Choke","Heel Hook+1","Backstab+1","All Out Attack+1","Die Die Die+1","Predator+1","Glass Knife+1","Bullet Time+1","Backflip+1","Apotheosis+1","Blade Dance","Noxious Fumes+1"],"special_seed":0,"relics":["Ring of the Snake","Vajra","Anchor","Pocketwatch","Sozu","TwistedFunnel","MutagenicStrength","Dead Branch","Molten Egg 2","Astrolabe","Sling","Paper Crane","Centennial Puzzle","Bronze Scales"],"potions_floor_usage":[16,33,33,33],"damage_taken":[{"damage":3.0,"enemies":"Jaw Worm","floor":1.0,"turns":6.0},{"damage":1.0,"enemies":"Cultist","floor":4.0,"turns":4.0},{"damage":0.0,"enemies":"Small Slimes","floor":8.0,"turns":4.0},{"damage":0,"enemies":"3 Louse","floor":11,"turns":6},{"damage":16,"enemies":"Gremlin Nob","floor":13,"turns":5},{"damage":2,"enemies":"Exordium Thugs","floor":14,"turns":6},{"damage":5,"enemies":"Hexaghost","floor":16,"turns":9},{"damage":18,"enemies":"2 Thieves","floor":18,"turns":5},{"damage":12,"enemies":"Colosseum Slavers","floor":19,"turns":5},{"damage":2,"enemies":"3 Byrds","floor":22,"turns":4},{"damage":35,"enemies":"Gremlin Leader","floor":24,"turns":5},{"damage":0,"enemies":"Cultist and Chosen","floor":25,"turns":6},{"damage":3,"enemies":"Shelled Parasite and Fungi","floor":27,"turns":4},{"damage":2,"enemies":"3 Cultists","floor":29,"turns":5},{"damage":13,"enemies":"Sentry and Sphere","floor":31,"turns":7},{"damage":23,"enemies":"Automaton","floor":33,"turns":9},{"damage":17,"enemies":"3 Shapes","floor":35,"turns":3},{"damage":0,"enemies":"Orb Walker","floor":38,"turns":1},{"damage":10,"enemies":"3 Darklings","floor":39,"turns":5},{"damage":6,"enemies":"4 Shapes","floor":41,"turns":4},{"damage":24,"enemies":"Reptomancer","floor":42,"turns":3},{"damage":0,"enemies":"Jaw Worm Horde","floor":44,"turns":2},{"damage":0,"enemies":"3 Darklings","floor":45,"turns":4},{"damage":0,"enemies":"Transient","floor":48,"turns":5},{"damage":59,"enemies":"Donu and Deca","floor":50,"turns":6}],"seed_played":"-7487115642890589490","potions_obtained":[{"floor":1.0,"key":"EntropicBrew"},{"floor":3.0,"key":"Block Potion"},{"floor":3.0,"key":"SteroidPotion"},{"floor":16,"key":"LiquidBronze"}],"is_trial":false,"path_per_floor":["M","$","?","M","?","R","$","M","T","$","M","R","E","M","R","B",null,"M","?","$","?","M","R","E","M","T","M","R","M","?","M","R","B",null,"M","?","$","M","M","R","M","E","T","M","M","R","$","M","R"],"character_chosen":"THE_SILENT","items_purchased":["Infinite Blades","Vajra","TwistedFunnel","Blade Dance","Sling","Bronze Scales"],"campfire_rested":5,"item_purchase_floors":[2,2,20,37,37,47],"current_hp_per_floor":[67,67,67,66,66,66,66,66,66,66,66,66,50,48,48,43,70,52,40,40,40,38,59,24,24,24,21,42,40,40,27,48,25,70,53,53,53,53,43,64,58,34,34,34,34,34,34,34,55,0],"gold":29,"neow_bonus":"HUNDRED_GOLD","is_prod":false,"is_daily":false,"chose_seed":false,"campfire_upgraded":4,"win_rate":0,"timestamp":1540890381,"path_taken":["M","$","?","M","?","R","$","?","T","?","M","R","E","M","R","BOSS","M","?","$","?","M","R","E","M","T","M","R","M","?","M","R","BOSS","M","?","$","M","M","R","M","E","T","M","M","R","?","M","R","BOSS"],"build_version":"2018-10-29v2","purchased_purges":1,"victory":false,"max_hp_per_floor":[70,70,70,70,70,70,70,70,70,70,70,70,70,70,70,70,70,70,70,70,70,70,70,70,70,70,70,70,70,70,70,70,70,70,70,70,70,70,70,70,70,70,70,70,70,70,70,70,70,70],"card_choices":[{"not_picked":["Heel Hook","Bane"],"picked":"Crippling Poison","floor":1.0},{"not_picked":["Quick Slash","Acrobatics"],"picked":"PiercingWail","floor":4.0},{"not_picked":["Venomology","Quick Slash"],"picked":"Bane","floor":8.0},{"not_picked":["Cloak And Dagger","Reflex"],"picked":"Terror","floor":11},{"not_picked":["Dodge and Roll","Flying Knee"],"picked":"Poisoned Stab","floor":13},{"not_picked":["Venomology","Bane"],"picked":"Accuracy","floor":14},{"not_picked":["Phantasmal Killer","Grand Finale"],"picked":"Envenom","floor":16},{"not_picked":["Outmaneuver","Endless Agony"],"picked":"Riddle With Holes","floor":18},{"not_picked":["Expertise","Riddle With Holes+1"],"picked":"Dodge and Roll","floor":22},{"not_picked":["Setup","PiercingWail"],"picked":"Well Laid Plans","floor":24},{"not_picked":["Underhanded Strike+1","Endless Agony"],"picked":"Choke","floor":25},{"not_picked":["Quick Slash+1","Well Laid Plans"],"picked":"Heel Hook+1","floor":27},{"not_picked":["Underhanded Strike+1","Expertise"],"picked":"Backstab+1","floor":29},{"not_picked":["Terror","Wraith Form v2"],"picked":"All Out Attack+1","floor":31},{"not_picked":["After Image","Phantasmal Killer"],"picked":"Die Die Die+1","floor":33},{"not_picked":["Sucker Punch+1","Escape Plan"],"picked":"Backflip+1","floor":35},{"not_picked":["Swift Strike+1","Purity"],"picked":"Apotheosis","floor":36},{"not_picked":["All Out Attack+1","Catalyst","Setup+1"],"picked":"SKIP","floor":38},{"not_picked":["Quick Slash+1","Concentrate","Outmaneuver+1"],"picked":"SKIP","floor":39},{"not_picked":["Riddle With Holes+1","Caltrops","Blade Dance+1"],"picked":"SKIP","floor":41},{"not_picked":["Eviscerate+1","Expertise","Venomology"],"picked":"SKIP","floor":42},{"not_picked":["Setup","Dodge and Roll+1","Flying Knee+1"],"picked":"SKIP","floor":44},{"not_picked":["Dagger Throw+1","Quick Slash+1"],"picked":"Noxious Fumes+1","floor":45},{"not_picked":["Quick Slash+1","Masterful Stab+1","Flying Knee+1"],"picked":"SKIP","floor":48}],"player_experience":172159,"relics_obtained":[{"floor":9,"key":"Anchor"},{"floor":13,"key":"Pocketwatch"},{"floor":24,"key":"Dead Branch"},{"floor":26,"key":"Molten Egg 2"},{"floor":42,"key":"Paper Crane"},{"floor":43,"key":"Centennial Puzzle"}],"event_choices":[{"damage_healed":0.0,"max_hp_gain":0.0,"max_hp_loss":0.0,"gold_gain":0.0,"event_name":"The Lab","player_choice":"Got Potions","floor":3.0,"gold_loss":0.0,"damage_taken":0.0},{"damage_healed":0.0,"max_hp_gain":0.0,"max_hp_loss":0.0,"gold_gain":0.0,"event_name":"Match and Keep!","player_choice":"2 cards matched","floor":5.0,"gold_loss":0.0,"damage_taken":0.0,"cards_obtained":["Blur","Backflip"]},{"damage_healed":0,"gold_gain":0,"player_choice":"Fight","damage_taken":0,"max_hp_gain":0,"max_hp_loss":0,"event_name":"Colosseum","floor":19,"gold_loss":0},{"damage_healed":0,"gold_gain":0,"player_choice":"Fled From Nobs","damage_taken":0,"max_hp_gain":0,"max_hp_loss":0,"event_name":"Colosseum","floor":19,"gold_loss":0},{"damage_healed":0,"gold_gain":0,"player_choice":"Inject Mutagens","damage_taken":0,"relics_obtained":["MutagenicStrength"],"max_hp_gain":0,"max_hp_loss":0,"event_name":"Drug Dealer","floor":21,"gold_loss":0},{"damage_healed":0,"gold_gain":0,"player_choice":"Ignored","damage_taken":0,"max_hp_gain":0,"max_hp_loss":0,"event_name":"Ghosts","floor":30,"gold_loss":0},{"damage_healed":0,"gold_gain":0,"player_choice":"Memory 1","damage_taken":0,"max_hp_gain":0,"max_hp_loss":0,"event_name":"SensoryStone","floor":36,"gold_loss":0}],"is_beta":true,"boss_relics":[{"not_picked":["Ring of the Serpent","Runic Dome"],"picked":"Sozu"},{"not_picked":["Fusion Hammer","White Beast Statue"],"picked":"Astrolabe"}],"items_purged_floors":[37],"is_endless":false,"potions_floor_spawned":[1,4,13,16,19,25,27,29,31,35,41,42],"killed_by":"Donu and Deca","ascension_level":0}