{"gold_per_floor":[110,120,120,70,70,70,85,105,105,117,150,178,178,246,246,342,342,362,181,96,110,60,60,77,77,102,112,112,128,128,143,143,143],"floor_reached":33,"playtime":3431,"items_purged":[],"score":272,"play_id":"7c362ca1-7678-4205-b033-7c1cbfa8544d","local_time":"20190602193938","is_ascension_mode":false,"campfire_choices":[{"floor":6,"key":"REST"},{"floor":13,"key":"REST"},{"floor":15,"key":"RECALL"},{"floor":23,"key":"REST"},{"floor":28,"key":"REST"},{"floor":32,"key":"REST"}],"neow_cost":"CURSE","seed_source_timestamp":61355696531610,"circlet_count":0,"master_deck":["Defend_G","Defend_G","Defend_G","Defend_G","Defend_G","Strike_G","Strike_G","Strike_G","Strike_G","Strike_G+1","Survivor","Neutralize","Tools of the Trade","Deflect","Bouncing Flask+1","Noxious Fumes","Backstab","Catalyst","Accuracy","Cloak And Dagger","After Image","Cloak And Dagger","Apotheosis","Blade Dance+1","Cloak And Dagger","Dagger Spray","Corpse Explosion","Cloak And Dagger","Footwork","Dagger Throw+1"],"relics":["Ring of the Snake","NlothsMask","Pantograph","Odd Mushroom","Eternal Feather","Nunchaku"],"potions_floor_usage":[16],"damage_taken":[{"damage":0,"enemies":"2 Louse","floor":1,"turns":4},{"damage":4,"enemies":"Jaw Worm","floor":2,"turns":8},{"damage":0,"enemies":"Cultist","floor":7,"turns":3},{"damage":0,"enemies":"3 Louse","floor":8,"turns":5},{"damage":0,"enemies":"2 Fungi Beasts","floor":10,"turns":2},{"damage":22,"enemies":"3 Sentries","floor":11,"turns":7},{"damage":13,"enemies":"The Mushroom Lair","floor":12,"turns":5},{"damage":59,"enemies":"Slime Boss","floor":16,"turns":14},{"damage":16,"enemies":"Spheric Guardian","floor":18,"turns":5},{"damage":45,"enemies":"2 Thieves","floor":21,"turns":5},{"damage":8,"enemies":"Snake Plant","floor":24,"turns":4},{"damage":15,"enemies":"Centurion and Healer","floor":27,"turns":6},{"damage":5,"enemies":"3 Cultists","floor":29,"turns":3},{"damage":38,"enemies":"Shelled Parasite and Fungi","floor":31,"turns":7},{"damage":68,"enemies":"Automaton","floor":33,"turns":8}],"seed_played":"-4459202352863044648","potions_obtained":[{"floor":1,"key":"GamblersBrew"},{"floor":10,"key":"SpeedPotion"},{"floor":11,"key":"PowerPotion"},{"floor":16,"key":"GhostInAJar"}],"is_trial":false,"path_per_floor":["M","M","?","?","?","R","M","M","T","M","E","?","R","?","R","B",null,"M","$","?","M","$","R","M","?","T","M","R","M","?","M","R","B"],"character_chosen":"THE_SILENT","items_purchased":["Apotheosis","Cloak And Dagger"],"campfire_rested":5,"item_purchase_floors":[19,22],"current_hp_per_floor":[70,66,52,52,52,70,70,70,70,70,48,35,56,56,56,11,70,54,54,54,9,9,45,37,37,37,22,58,53,40,2,42,0],"gold":143,"neow_bonus":"THREE_RARE_CARDS","is_prod":false,"is_daily":false,"chose_seed":false,"campfire_upgraded":0,"win_rate":0,"timestamp":1559518778,"path_taken":["M","M","?","?","?","R","?","M","T","M","E","?","R","?","R","BOSS","M","$","?","M","$","R","M","?","T","M","R","?","?","M","R","BOSS"],"build_version":"2019-01-23","purchased_purges":0,"victory":false,"max_hp_per_floor":[70,70,70,70,70,70,70,70,70,70,70,70,70,70,70,70,70,70,70,70,70,70,70,70,70,70,70,70,70,75,75,75,75],"card_choices":[{"not_picked":["Wraith Form v2","A Thousand Cuts"],"picked":"Tools of the Trade","floor":0},{"not_picked":["Caltrops","Prepared"],"picked":"Deflect","floor":1},{"not_picked":["Tactician","Blade Dance"],"picked":"Bouncing Flask","floor":2},{"not_picked":["Poisoned Stab","Acrobatics"],"picked":"Noxious Fumes","floor":7},{"not_picked":["Dagger Spray","Prepared"],"picked":"Backstab","floor":8},{"not_picked":["Sucker Punch","Envenom"],"picked":"Catalyst","floor":10},{"not_picked":["Infinite Blades","Blade Dance"],"picked":"Accuracy","floor":11},{"not_picked":["PiercingWail","Poisoned Stab"],"picked":"Cloak And Dagger","floor":12},{"not_picked":["Unload","Burst"],"picked":"After Image","floor":16},{"not_picked":["Bane","Backflip"],"picked":"Cloak And Dagger","floor":18},{"not_picked":["Sucker Punch","Deadly Poison"],"picked":"Blade Dance+1","floor":21},{"not_picked":["Dodge and Roll","Tactician+1"],"picked":"Dagger Spray","floor":24},{"not_picked":["Quick Slash","Deflect"],"picked":"Cloak And Dagger","floor":27},{"not_picked":["Quick Slash","Dodge and Roll"],"picked":"Footwork","floor":29},{"not_picked":["PiercingWail","Slice"],"picked":"Dagger Throw+1","floor":31}],"player_experience":44025,"relics_obtained":[{"floor":11,"key":"Pantograph"},{"floor":12,"key":"Odd Mushroom"}],"event_choices":[{"damage_healed":0,"gold_gain":0,"player_choice":"Entered Light","damage_taken":14,"max_hp_gain":0,"max_hp_loss":0,"event_name":"Shining Light","floor":3,"gold_loss":0,"cards_upgraded":["Strike_G","Bouncing Flask"]},{"cards_removed":["Regret"],"damage_healed":0,"gold_gain":0,"player_choice":"Card Removal","damage_taken":0,"max_hp_gain":0,"max_hp_loss":0,"event_name":"The Cleric","floor":4,"gold_loss":50},{"damage_healed":0,"gold_gain":0,"player_choice":"Trade","damage_taken":0,"relics_obtained":["NlothsMask"],"max_hp_gain":0,"max_hp_loss":0,"event_name":"FaceTrader","floor":5,"gold_loss":0},{"damage_healed":0,"gold_gain":0,"player_choice":"Fought Mushrooms","damage_taken":0,"max_hp_gain":0,"max_hp_loss":0,"event_name":"Mushrooms","floor":12,"gold_loss":0},{"damage_healed":0,"gold_gain":68,"player_choice":"Gained Gold","damage_taken":0,"max_hp_gain":0,"max_hp_loss":0,"event_name":"Golden Wing","floor":14,"gold_loss":0},{"damage_healed":0,"gold_gain":0,"player_choice":"Obtained Relic","damage_taken":0,"relics_obtained":["Nunchaku"],"max_hp_gain":0,"max_hp_loss":0,"event_name":"Addict","floor":20,"gold_loss":85},{"damage_healed":0,"gold_gain":0,"player_choice":"Read","damage_taken":0,"max_hp_gain":0,"max_hp_loss":0,"event_name":"The Library","floor":25,"gold_loss":0,"cards_obtained":["Corpse Explosion"]},{"damage_healed":0,"gold_gain":0,"player_choice":"Shed Blood","damage_taken":18,"max_hp_gain":5,"max_hp_loss":0,"event_name":"Forgotten Altar","floor":30,"gold_loss":0}],"is_beta":false,"boss_relics":[{"not_picked":["Lizard Tail","Snecko Eye"],"picked":"Eternal Feather"}],"items_purged_floors":[],"is_endless":false,"potions_floor_spawned":[1,10,11,16,21,27,29,31],"killed_by":"Automaton","ascension_level":0}