{"gold_per_floor":[113,113,133,150,167,167,193,193,193,212,246,226,243,268,268,344,344,361,371,383,100,112,112,112,112,165,176,189,207,240,340,340,417,417,430,430,330,341,56,83,95,107,119,163,190,220,286,315,327,339],"floor_reached":51,"playtime":3033,"items_purged":["Strike_R","Pain"],"score":1429,"play_id":"31554200-bcbe-40dc-ad19-1480f20822d2","local_time":"20190514130540","is_ascension_mode":true,"campfire_choices":[{"data":"Whirlwind","floor":6.0,"key":"SMITH"},{"floor":8.0,"key":"REST"},{"data":"Defend_R","floor":15.0,"key":"SMITH"},{"floor":23.0,"key":"REST"},{"data":"Strike_R","floor":25.0,"key":"PURGE"},{"floor":32.0,"key":"REST"},{"data":"Strike_R","floor":41.0,"key":"PURGE"},{"floor":49,"key":"REST"}],"neow_cost":"PERCENT_DAMAGE","seed_source_timestamp":17168644768022,"circlet_count":0,"master_deck":["AscendersBane","Strike_R","Defend_R","Defend_R","Defend_R","Defend_R+1","Bash","Whirlwind+1","Inflame","Pummel","Fiend Fire+1","Spot Weakness","Shrug It Off+1","Battle Trance+1","Shrug It Off","Reaper+1","Inflame","Pummel+1"],"special_seed":0,"relics":["Burning Blood","Peace Pipe","Strawberry","Bronze Scales","Paper Frog","Molten Egg 2","Sozu","Pen Nib","Regal Pillow","Letter Opener","Mango","Mummified Hand","Snecko Eye","WarpedTongs","Shuriken","MawBank","Bottled Flame","Girya","Bird Faced Urn"],"potions_floor_usage":[],"damage_taken":[{"damage":9.0,"enemies":"Small Slimes","floor":1.0,"turns":4.0},{"damage":6.0,"enemies":"Cultist","floor":3.0,"turns":3.0},{"damage":7.0,"enemies":"Jaw Worm","floor":4.0,"turns":3.0},{"damage":9.0,"enemies":"3 Louse","floor":5.0,"turns":3.0},{"damage":30.0,"enemies":"Lagavulin","floor":7.0,"turns":7.0},{"damage":2.0,"enemies":"2 Fungi Beasts","floor":10.0,"turns":3.0},{"damage":20.0,"enemies":"3 Sentries","floor":11.0,"turns":3.0},{"damage":2.0,"enemies":"Looter","floor":13.0,"turns":4.0},{"damage":8.0,"enemies":"Gremlin Nob","floor":14.0,"turns":3.0},{"damage":39.0,"enemies":"Hexaghost","floor":16.0,"turns":9.0},{"damage":28.0,"enemies":"Shell Parasite","floor":18.0,"turns":4.0},{"damage":0.0,"enemies":"3 Byrds","floor":19.0,"turns":3.0},{"damage":27.0,"enemies":"Shelled Parasite and Fungi","floor":20.0,"turns":2.0},{"damage":9.0,"enemies":"Centurion and Healer","floor":22.0,"turns":5.0},{"damage":13.0,"enemies":"3 Cultists","floor":27.0,"turns":3.0},{"damage":6.0,"enemies":"Sentry and Sphere","floor":28.0,"turns":3.0},{"damage":12.0,"enemies":"Snecko","floor":29.0,"turns":4.0},{"damage":0.0,"enemies":"Gremlin Leader","floor":30.0,"turns":3.0},{"damage":31.0,"enemies":"Colosseum Slavers","floor":31.0,"turns":4.0},{"damage":6.0,"enemies":"Colosseum Nobs","floor":31.0,"turns":3.0},{"damage":39.0,"enemies":"Collector","floor":33.0,"turns":8.0},{"damage":0.0,"enemies":"Orb Walker","floor":35.0,"turns":2.0},{"damage":6.0,"enemies":"3 Darklings","floor":38.0,"turns":4.0},{"damage":13.0,"enemies":"Nemesis","floor":40.0,"turns":3.0},{"damage":79.0,"enemies":"Giant Head","floor":44.0,"turns":6.0},{"damage":0.0,"enemies":"Sphere and 2 Shapes","floor":45.0,"turns":2.0},{"damage":0.0,"enemies":"Maw","floor":46.0,"turns":4.0},{"damage":15,"enemies":"2 Orb Walkers","floor":47,"turns":3},{"damage":25,"enemies":"Jaw Worm Horde","floor":48,"turns":3},{"damage":67,"enemies":"Time Eater","floor":50,"turns":7}],"seed_played":"2514494293916909875","potions_obtained":[{"floor":4.0,"key":"BloodPotion"},{"floor":5.0,"key":"LiquidBronze"},{"floor":7.0,"key":"GamblersBrew"},{"floor":12.0,"key":"PowerPotion"},{"floor":16.0,"key":"Ancient Potion"}],"is_trial":false,"path_per_floor":["M","?","M","M","M","R","E","R","T","M","E","?","M","E","R","B",null,"M","M","M","$","M","R","?","R","T","M","M","M","E","?","R","B",null,"M","?","$","M","$","E","R","?","T","E","M","M","?","M","R","B",null],"character_chosen":"IRONCLAD","items_purchased":["Pen Nib","Spot Weakness","Shuriken"],"campfire_rested":4,"item_purchase_floors":[21,21,39],"current_hp_per_floor":[47,40,40,39,43,43,26,50,50,54,40,40,44,42,42,9,64,42,48,27,27,24,48,48,48,48,41,41,35,41,30,73,40,82,96,96,96,96,96,89,89,79,79,24,30,53,44,34,77,30],"gold":351,"neow_bonus":"ONE_RARE_RELIC","is_prod":false,"is_daily":false,"chose_seed":false,"campfire_upgraded":2,"win_rate":0,"timestamp":1557831940,"path_taken":["M","?","M","M","M","R","E","R","T","M","E","?","M","E","R","BOSS","M","M","?","$","M","R","?","R","T","M","M","M","E","?","R","BOSS","M","?","$","?","$","E","R","?","T","E","M","M","?","M","R","BOSS"],"build_version":"2019-01-23","purchased_purges":2,"victory":true,"max_hp_per_floor":[75,75,75,75,75,75,82,82,82,82,82,82,82,82,82,82,82,82,82,82,82,82,82,82,82,82,82,82,82,82,96,96,96,96,96,96,96,96,96,96,96,96,96,96,96,96,96,96,96,96],"card_choices":[{"not_picked":["Body Slam","Shrug It Off"],"picked":"Whirlwind","floor":1.0},{"not_picked":["Ghostly Armor","Pummel"],"picked":"Inflame","floor":3.0},{"not_picked":["Blood for Blood","Power Through","Flame Barrier"],"picked":"SKIP","floor":4.0},{"not_picked":["Burning Pact","Wild Strike","Thunderclap"],"picked":"SKIP","floor":5.0},{"not_picked":["Carnage","Combust"],"picked":"Pummel","floor":7.0},{"not_picked":["Infernal Blade","Anger","Clothesline"],"picked":"SKIP","floor":10.0},{"not_picked":["Infernal Blade","True Grit","Armaments"],"picked":"SKIP","floor":11.0},{"not_picked":["Double Tap","Thunderclap","Sword Boomerang"],"picked":"SKIP","floor":13.0},{"not_picked":["Thunderclap","Armaments","Headbutt"],"picked":"SKIP","floor":14.0},{"not_picked":["Exhume","Double Tap"],"picked":"Fiend Fire+1","floor":16.0},{"not_picked":["Cleave+1","Hemokinesis+1","Combust"],"picked":"SKIP","floor":18.0},{"not_picked":["Second Wind","Body Slam+1","Headbutt+1"],"picked":"SKIP","floor":19.0},{"not_picked":["Dual Wield","Feel No Pain+1","Sever Soul+1"],"picked":"SKIP","floor":20.0},{"not_picked":["Metallicize","Burning Pact","Twin Strike+1"],"picked":"SKIP","floor":22.0},{"not_picked":["Cleave+1","Carnage+1"],"picked":"Shrug It Off+1","floor":27.0},{"not_picked":["Clothesline+1","Flex"],"picked":"Battle Trance+1","floor":28.0},{"not_picked":["Pommel Strike+1","Wild Strike+1","Warcry"],"picked":"SKIP","floor":29.0},{"not_picked":["Sword Boomerang+1","Pommel Strike+1","Clash+1"],"picked":"SKIP","floor":30.0},{"not_picked":["Sentinel","Reckless Charge+1"],"picked":"Shrug It Off","floor":31.0},{"not_picked":["Limit Break","Demon Form"],"picked":"Reaper+1","floor":33.0},{"not_picked":["Wild Strike+1","Armaments","Cleave+1"],"picked":"SKIP","floor":35.0},{"not_picked":["Shrug It Off","True Grit","Warcry+1"],"picked":"SKIP","floor":38.0},{"not_picked":["Twin Strike+1","Headbutt+1","Rupture"],"picked":"SKIP","floor":40.0},{"not_picked":["Reckless Charge+1","Battle Trance+1"],"picked":"Inflame","floor":44.0},{"not_picked":["Shrug It Off","Armaments","Spot Weakness"],"picked":"SKIP","floor":45.0},{"not_picked":["Warcry","Whirlwind+1","Twin Strike+1"],"picked":"SKIP","floor":46.0},{"not_picked":["Warcry","Whirlwind+1","Twin Strike+1"],"picked":"SKIP","floor":46.0},{"not_picked":["Perfected Strike+1","Body Slam+1"],"picked":"Pummel+1","floor":47},{"not_picked":["Wild Strike+1","Perfected Strike+1","Inflame"],"picked":"SKIP","floor":48}],"player_experience":179388,"relics_obtained":[{"floor":7.0,"key":"Strawberry"},{"floor":9.0,"key":"Bronze Scales"},{"floor":11.0,"key":"Paper Frog"},{"floor":14.0,"key":"Molten Egg 2"},{"floor":26.0,"key":"Regal Pillow"},{"floor":30.0,"key":"Letter Opener"},{"floor":31.0,"key":"Mango"},{"floor":31.0,"key":"Mummified Hand"},{"floor":40.0,"key":"MawBank"},{"floor":43.0,"key":"Bottled Flame"},{"floor":44.0,"key":"Girya"},{"floor":47,"key":"Bird Faced Urn"}],"event_choices":[{"cards_removed":["Strike_R"],"damage_healed":0.0,"max_hp_gain":0.0,"max_hp_loss":0.0,"gold_gain":0.0,"event_name":"Golden Wing","player_choice":"Card Removal","floor":2.0,"gold_loss":0.0,"damage_taken":7.0},{"damage_healed":0.0,"max_hp_gain":0.0,"max_hp_loss":0.0,"gold_gain":0.0,"event_name":"The Woman in Blue","player_choice":"Bought 1 Potion","floor":12.0,"gold_loss":0.0,"damage_taken":0.0},{"damage_healed":0.0,"max_hp_gain":0.0,"max_hp_loss":0.0,"gold_gain":0.0,"event_name":"The Mausoleum","player_choice":"Ignored","floor":24.0,"gold_loss":0.0,"damage_taken":0.0},{"damage_healed":0.0,"max_hp_gain":0.0,"max_hp_loss":0.0,"gold_gain":0.0,"event_name":"Colosseum","player_choice":"Fight","floor":31.0,"gold_loss":0.0,"damage_taken":0.0},{"damage_healed":0.0,"max_hp_gain":0.0,"max_hp_loss":0.0,"gold_gain":0.0,"event_name":"Colosseum","player_choice":"Fought Nobs","floor":31.0,"gold_loss":0.0,"damage_taken":0.0},{"damage_healed":0.0,"max_hp_gain":0.0,"max_hp_loss":0.0,"gold_gain":0.0,"event_name":"Accursed Blacksmith","player_choice":"Rummage","floor":36.0,"gold_loss":0.0,"damage_taken":0.0,"relics_obtained":["WarpedTongs"],"cards_obtained":["Pain"]},{"damage_healed":0.0,"max_hp_gain":0.0,"max_hp_loss":0.0,"gold_gain":0.0,"event_name":"SensoryStone","player_choice":"Memory 3","floor":42.0,"gold_loss":0.0,"damage_taken":10.0},{"damage_healed":0,"gold_gain":0,"player_choice":"Fight","damage_taken":0,"max_hp_gain":0,"max_hp_loss":0,"event_name":"Mysterious Sphere","floor":47,"gold_loss":0}],"is_beta":false,"boss_relics":[{"not_picked":["Mark of Pain","White Beast Statue"],"picked":"Sozu"},{"not_picked":["Runic Pyramid","Coffee Dripper"],"picked":"Snecko Eye"}],"items_purged_floors":[21,37],"is_endless":false,"potions_floor_spawned":[4,5,7,13,16,19,20,30,31,35,38,45,48],"ascension_level":18}