{"gold_per_floor":[114,129,129,129,47,47,77,92,117,147,162,177,177,192,192,292,292,307,7,22,22,22,52,52,67,67,82,97,112,127,142,142,142],"floor_reached":33,"playtime":2480,"items_purged":["Strike_R"],"score":308,"play_id":"9cc0b923-12b1-457d-88ba-b47cf1079f50","local_time":"20181023151401","daily_mods":["Specialized","Time Dilation","Night Terrors"],"is_ascension_mode":false,"campfire_choices":[{"data":"Fiend Fire","floor":6,"key":"SMITH"},{"data":"Armaments","floor":13,"key":"SMITH"},{"data":"Spot Weakness","floor":15,"key":"SMITH"},{"floor":24,"key":"REST"},{"data":"Heavy Blade","floor":32,"key":"SMITH"}],"neow_cost":"","seed_source_timestamp":0,"circlet_count":0,"master_deck":["Strike_R","Strike_R","Defend_R","Defend_R","Defend_R","Defend_R","Bash","Fiend Fire","Fiend Fire","Fiend Fire","Fiend Fire","Fiend Fire+1","Shrug It Off","Sword Boomerang","Spot Weakness+1","Twin Strike","Feel No Pain","Clothesline","Armaments+1","Heavy Blade+1","Demon Form","Entrench","Shockwave","Battle Trance","Pain","Whirlwind","Disarm","Sword Boomerang+1","Battle Trance+1","Power Through"],"special_seed":17827,"relics":["Burning Blood","PreservedInsect","Lantern","Self Forming Clay","Mark of Pain","Anchor","WarpedTongs","Strawberry","Dodecahedron"],"potions_floor_usage":[14,14,14,27,28,33,33],"damage_taken":[{"damage":8,"enemies":"Jaw Worm","floor":1,"turns":3},{"damage":3,"enemies":"2 Louse","floor":2,"turns":3},{"damage":14,"enemies":"Gremlin Nob","floor":7,"turns":3},{"damage":0,"enemies":"Small Slimes","floor":8,"turns":2},{"damage":10,"enemies":"3 Sentries","floor":10,"turns":6},{"damage":1,"enemies":"2 Fungi Beasts","floor":11,"turns":3},{"damage":0,"enemies":"Large Slime","floor":12,"turns":4},{"damage":0,"enemies":"Lots of Slimes","floor":14,"turns":4},{"damage":23,"enemies":"Hexaghost","floor":16,"turns":9},{"damage":11,"enemies":"2 Thieves","floor":18,"turns":4},{"damage":23,"enemies":"Spheric Guardian","floor":20,"turns":5},{"damage":10,"enemies":"Book of Stabbing","floor":23,"turns":4},{"damage":30,"enemies":"Centurion and Healer","floor":25,"turns":4},{"damage":5,"enemies":"Snake Plant","floor":27,"turns":2},{"damage":0,"enemies":"Snecko","floor":28,"turns":3},{"damage":12,"enemies":"Centurion and Healer","floor":29,"turns":6},{"damage":19,"enemies":"Chosen and Byrds","floor":30,"turns":6},{"damage":9,"enemies":"Snecko","floor":31,"turns":4},{"damage":54,"enemies":"Collector","floor":33,"turns":5}],"seed_played":"6411126748383649417","potions_obtained":[{"floor":1,"key":"Dexterity Potion"},{"floor":7,"key":"Fire Potion"},{"floor":10,"key":"SpeedPotion"},{"floor":14,"key":"BloodPotion"},{"floor":23,"key":"SpeedPotion"},{"floor":25,"key":"Poison Potion"},{"floor":27,"key":"Poison Potion"}],"is_trial":false,"path_per_floor":["M","M","?","?","$","R","E","M","T","E","M","M","R","M","R","B",null,"M","$","M","?","?","E","R","M","T","M","M","M","M","M","R"],"character_chosen":"IRONCLAD","items_purchased":["Spot Weakness","Anchor","Shockwave"],"campfire_rested":1,"item_purchase_floors":[5,19,19],"current_hp_per_floor":[78,80,80,73,73,73,65,71,71,67,72,78,78,80,80,63,80,75,75,58,58,42,45,82,58,58,67,73,67,54,51,51,0],"gold":142,"neow_bonus":"","is_prod":false,"is_daily":true,"chose_seed":false,"campfire_upgraded":4,"win_rate":0.0,"timestamp":1540300441,"path_taken":["M","M","?","?","$","R","E","M","T","E","?","M","R","M","R","BOSS","M","$","M","?","?","E","R","M","T","M","M","M","M","M","R","BOSS"],"build_version":"2018-10-18","purchased_purges":1,"victory":false,"max_hp_per_floor":[80,80,80,80,80,80,80,80,80,80,80,80,80,80,80,80,80,80,80,80,80,80,87,82,82,82,82,82,82,82,82,82,82],"card_choices":[{"not_picked":["Body Slam","Flex"],"picked":"Shrug It Off","floor":1},{"not_picked":["Evolve","Rupture"],"picked":"Sword Boomerang","floor":2},{"not_picked":["Intimidate","True Grit"],"picked":"Twin Strike","floor":7},{"not_picked":["Searing Blow","Iron Wave"],"picked":"Feel No Pain","floor":8},{"not_picked":["Pummel","Offering"],"picked":"Clothesline","floor":10},{"not_picked":["Iron Wave","Searing Blow","Warcry"],"picked":"SKIP","floor":11},{"not_picked":["Flame Barrier","Disarm"],"picked":"Armaments","floor":12},{"not_picked":["Cleave","Metallicize"],"picked":"Heavy Blade","floor":14},{"not_picked":["Double Tap","Immolate"],"picked":"Demon Form","floor":16},{"not_picked":["Metallicize+1","Anger"],"picked":"Entrench","floor":18},{"not_picked":["Perfected Strike","Infernal Blade"],"picked":"Battle Trance","floor":20},{"not_picked":["Clash","Ghostly Armor"],"picked":"Whirlwind","floor":23},{"not_picked":["Body Slam","Headbutt"],"picked":"Disarm","floor":25},{"not_picked":["Pommel Strike","Cleave"],"picked":"Sword Boomerang+1","floor":27},{"not_picked":["Battle Trance+1","Iron Wave","Sword Boomerang"],"picked":"SKIP","floor":28},{"not_picked":["Body Slam","Warcry"],"picked":"Battle Trance+1","floor":29},{"not_picked":["Metallicize","Wild Strike+1"],"picked":"Power Through","floor":30},{"not_picked":["Rampage+1","Twin Strike","Searing Blow"],"picked":"SKIP","floor":31}],"player_experience":96621,"relics_obtained":[{"floor":7,"key":"PreservedInsect"},{"floor":9,"key":"Lantern"},{"floor":10,"key":"Self Forming Clay"},{"floor":23,"key":"Strawberry"},{"floor":26,"key":"Dodecahedron"}],"event_choices":[{"cards_removed":["Strike_R"],"damage_healed":0,"gold_gain":0,"player_choice":"Forget","damage_taken":0,"max_hp_gain":0,"max_hp_loss":0,"event_name":"Living Wall","floor":3,"gold_loss":0},{"cards_removed":["Strike_R"],"damage_healed":0,"gold_gain":0,"player_choice":"Card Removal","damage_taken":7,"max_hp_gain":0,"max_hp_loss":0,"event_name":"Golden Wing","floor":4,"gold_loss":0},{"damage_healed":0,"gold_gain":0,"player_choice":"Rummage","damage_taken":0,"relics_obtained":["WarpedTongs"],"max_hp_gain":0,"max_hp_loss":0,"event_name":"Accursed Blacksmith","floor":21,"gold_loss":0,"cards_obtained":["Pain"]},{"damage_healed":0,"gold_gain":0,"player_choice":"Obtained Book","damage_taken":16,"max_hp_gain":0,"max_hp_loss":0,"event_name":"Cursed Tome","floor":22,"gold_loss":0}],"is_beta":false,"boss_relics":[{"not_picked":["Tiny House","Sozu"],"picked":"Mark of Pain"}],"items_purged_floors":[19],"is_endless":false,"potions_floor_spawned":[1,7,10,11,14,23,25,27],"killed_by":"Collector","ascension_level":0}