{"gold_per_floor":[113,124,124,138,138,164,184,184,211,223,235,278,309,336,348,461,473,497,528,540,567,589,601],"floor_reached":23,"playtime":2409,"items_purged":[],"score":205,"play_id":"0ef36b6d-7487-416a-9059-375172028408","local_time":"20190604161341","is_ascension_mode":false,"campfire_choices":[{"data":"Catalyst","floor":8,"key":"SMITH"},{"floor":11,"key":"REST"},{"floor":15,"key":"REST"}],"neow_cost":"NONE","seed_source_timestamp":107708252466265,"circlet_count":0,"master_deck":["Defend_G","Defend_G","Defend_G","Defend_G","Defend_G","Strike_G","Strike_G","Strike_G","Strike_G","Strike_G","Survivor","Neutralize+1","Backflip","Bouncing Flask","Bane","Bullet Time","Catalyst+1","Deflect","Bane","Deflect","Burst","Dagger Throw","Envenom","Leg Sweep+1","Acrobatics+1"],"relics":["Ring of the Snake","PreservedInsect","MawBank","Centennial Puzzle","Eternal Feather"],"potions_floor_usage":[],"damage_taken":[{"damage":6,"enemies":"Jaw Worm","floor":1,"turns":6},{"damage":2,"enemies":"Cultist","floor":2,"turns":4},{"damage":0,"enemies":"2 Louse","floor":4,"turns":4},{"damage":29,"enemies":"3 Sentries","floor":6,"turns":13},{"damage":0,"enemies":"Blue Slaver","floor":7,"turns":2},{"damage":18,"enemies":"Lagavulin","floor":12,"turns":3},{"damage":8,"enemies":"Red Slaver","floor":13,"turns":2},{"damage":3,"enemies":"Looter","floor":14,"turns":3},{"damage":17,"enemies":"Hexaghost","floor":16,"turns":9},{"damage":0,"enemies":"3 Byrds","floor":18,"turns":8},{"damage":31,"enemies":"Spheric Guardian","floor":19,"turns":8},{"damage":9,"enemies":"Centurion and Healer","floor":21,"turns":9},{"damage":34,"enemies":"Cultist and Chosen","floor":22,"turns":8},{"damage":6,"enemies":"Snecko","floor":23,"turns":3}],"seed_played":"2814941147638317988","potions_obtained":[{"floor":2,"key":"Weak Potion"},{"floor":7,"key":"Dexterity Potion"},{"floor":12,"key":"Ancient Potion"}],"is_trial":false,"path_per_floor":["M","M","$","M","?","E","M","R","T","?","R","E","M","M","R","B",null,"M","M","$","M","M","M"],"character_chosen":"THE_SILENT","items_purchased":[],"campfire_rested":2,"item_purchase_floors":[],"current_hp_per_floor":[71,69,69,69,69,40,40,40,40,40,63,45,37,34,57,40,77,77,46,46,37,3,0],"gold":601,"neow_bonus":"TEN_PERCENT_HP_BONUS","is_prod":false,"is_daily":false,"chose_seed":false,"campfire_upgraded":1,"win_rate":0,"timestamp":1559679221,"path_taken":["M","M","$","M","?","E","?","R","T","?","R","E","M","M","R","BOSS","M","M","$","M","M","M"],"build_version":"2019-01-23","purchased_purges":0,"victory":false,"max_hp_per_floor":[77,77,77,77,77,77,77,77,77,77,77,77,77,77,77,77,77,77,77,77,77,77,77],"card_choices":[{"not_picked":["Bane","Poisoned Stab"],"picked":"Backflip","floor":1},{"not_picked":["Deflect","Dagger Spray"],"picked":"Bouncing Flask","floor":2},{"not_picked":["Sucker Punch","Quick Slash"],"picked":"Bane","floor":4},{"not_picked":["Quick Slash","Cloak And Dagger"],"picked":"Bullet Time","floor":6},{"not_picked":["Choke","Reflex"],"picked":"Catalyst","floor":7},{"not_picked":["Quick Slash","Acrobatics"],"picked":"Deflect","floor":12},{"not_picked":["Masterful Stab","Distraction"],"picked":"Bane","floor":13},{"not_picked":["Tactician","Heel Hook"],"picked":"Deflect","floor":14},{"not_picked":["Glass Knife","Venomology"],"picked":"Burst","floor":16},{"not_picked":["Cloak And Dagger","Prepared"],"picked":"Dagger Throw","floor":18},{"not_picked":["Dagger Throw","Acrobatics"],"picked":"Envenom","floor":19},{"not_picked":["Dagger Spray","Flying Knee+1"],"picked":"Leg Sweep+1","floor":21},{"not_picked":["Sucker Punch","Dagger Throw"],"picked":"Acrobatics+1","floor":22}],"player_experience":62805,"relics_obtained":[{"floor":6,"key":"PreservedInsect"},{"floor":9,"key":"MawBank"},{"floor":12,"key":"Centennial Puzzle"}],"event_choices":[{"damage_healed":0,"gold_gain":0,"player_choice":"Forge","damage_taken":0,"max_hp_gain":0,"max_hp_loss":0,"event_name":"Accursed Blacksmith","floor":5,"gold_loss":0,"cards_upgraded":["Neutralize"]},{"damage_healed":0,"gold_gain":0,"player_choice":"Ignored","damage_taken":0,"max_hp_gain":0,"max_hp_loss":0,"event_name":"Shining Light","floor":10,"gold_loss":0}],"is_beta":false,"boss_relics":[{"not_picked":["Empty Cage","Cursed Key"],"picked":"Eternal Feather"}],"items_purged_floors":[],"is_endless":false,"potions_floor_spawned":[2,7,12,13,22],"killed_by":"Snecko","ascension_level":0}