{"gold_per_floor":[114,114,114,189,203,235,235,262,340,340,356,376,376,402,402,506,506,517,535,6,22,0,0,0,30,30,46,46,63,63,73,73,73],"floor_reached":33,"playtime":1198,"items_purged":["Regret"],"score":434,"play_id":"fc9bcd7d-3c87-46ba-b145-b20611ca36f6","local_time":"20190603040636","is_ascension_mode":true,"campfire_choices":[{"data":"Survivor","floor":7.0,"key":"SMITH"},{"data":"Well Laid Plans","floor":10.0,"key":"SMITH"},{"floor":15.0,"key":"REST"},{"floor":23.0,"key":"REST"},{"floor":28.0,"key":"REST"},{"floor":30.0,"key":"REST"},{"floor":32.0,"key":"REST"}],"neow_cost":"NONE","seed_source_timestamp":76828948613600,"circlet_count":0,"master_deck":["Defend_G","Defend_G","Defend_G","Defend_G","Defend_G","Strike_G","Strike_G","Strike_G","Strike_G","Survivor+1","Neutralize","Well Laid Plans+1","Quick Slash","Flying Knee","Bane","Backflip","Deadly Poison","Sucker Punch","Glass Knife","Injury","Parasite","Parasite","Noxious Fumes","Dagger Spray","Deadly Poison","Dash","Backstab+1","Catalyst"],"special_seed":0,"relics":["Ring of the Snake","NeowsBlessing","Vajra","Mummified Hand","Gambling Chip","Question Card","Kunai","Calling Bell","Juzu Bracelet","Mercury Hourglass","Girya","Bottled Lightning","Bag of Marbles","Bottled Tornado","Meat on the Bone"],"potions_floor_usage":[33],"damage_taken":[{"damage":0.0,"enemies":"2 Louse","floor":1.0,"turns":1.0},{"damage":0.0,"enemies":"Jaw Worm","floor":5.0,"turns":1.0},{"damage":0.0,"enemies":"Gremlin Nob","floor":6.0,"turns":1.0},{"damage":22.0,"enemies":"3 Sentries","floor":8.0,"turns":11.0},{"damage":5.0,"enemies":"Cultist","floor":11.0,"turns":4.0},{"damage":0.0,"enemies":"Looter","floor":12.0,"turns":3.0},{"damage":16.0,"enemies":"Gremlin Nob","floor":14.0,"turns":4.0},{"damage":31.0,"enemies":"Slime Boss","floor":16.0,"turns":10.0},{"damage":8.0,"enemies":"3 Byrds","floor":18.0,"turns":4.0},{"damage":18.0,"enemies":"Chosen","floor":19.0,"turns":6.0},{"damage":8.0,"enemies":"Sentry and Sphere","floor":21.0,"turns":3.0},{"damage":40.0,"enemies":"Gremlin Leader","floor":25.0,"turns":7.0},{"damage":0.0,"enemies":"Snecko","floor":27.0,"turns":2.0},{"damage":13.0,"enemies":"Snake Plant","floor":29.0,"turns":4.0},{"damage":16.0,"enemies":"Centurion and Healer","floor":31.0,"turns":4.0},{"damage":63,"enemies":"Collector","floor":33,"turns":7}],"seed_played":"5448136675374249365","potions_obtained":[{"floor":1.0,"key":"Regen Potion"},{"floor":13.0,"key":"GamblersBrew"},{"floor":13.0,"key":"AttackPotion"},{"floor":13.0,"key":"GhostInAJar"},{"floor":14.0,"key":"SteroidPotion"},{"floor":25.0,"key":"Explosive Potion"},{"floor":27.0,"key":"Explosive Potion"},{"floor":29.0,"key":"Weak Potion"},{"floor":31.0,"key":"Fire Potion"}],"is_trial":false,"path_per_floor":["M","?","?","?","M","E","R","E","T","R","M","M","?","E","R","B",null,"M","M","$","M","?","R","?","E","T","M","R","M","R","M","R","B"],"character_chosen":"THE_SILENT","items_purchased":["Bottled Lightning","Bag of Marbles","SkillPotion"],"campfire_rested":5,"item_purchase_floors":[20,20,20],"current_hp_per_floor":[63,56,56,49,49,49,49,42,42,42,37,37,37,21,42,11,55,47,29,29,21,21,42,42,2,2,14,35,34,55,39,60,0],"gold":73,"neow_bonus":"THREE_ENEMY_KILL","is_prod":false,"is_daily":false,"chose_seed":false,"campfire_upgraded":2,"win_rate":0,"timestamp":1559559996,"path_taken":["M","?","?","?","?","E","R","E","T","R","M","M","?","E","R","BOSS","M","M","$","M","?","R","?","E","T","M","R","M","R","M","R","BOSS"],"build_version":"2019-01-23","purchased_purges":1,"victory":false,"max_hp_per_floor":[70,70,70,70,70,70,70,70,70,70,70,70,70,70,70,70,70,70,70,70,70,70,70,70,70,70,70,70,70,70,70,70,70],"card_choices":[{"not_picked":["Flying Knee","Outmaneuver"],"picked":"Well Laid Plans","floor":1.0},{"not_picked":["Slice","Prepared"],"picked":"Quick Slash","floor":5.0},{"not_picked":["Calculated Gamble","Bane"],"picked":"Flying Knee","floor":6.0},{"not_picked":["Distraction","Blade Dance"],"picked":"Bane","floor":8.0},{"not_picked":["Night Terror","Heel Hook","Terror"],"picked":"Backflip","floor":11.0},{"not_picked":["Dodge and Roll","Dagger Spray","Heel Hook"],"picked":"Deadly Poison","floor":12.0},{"not_picked":["Die Die Die","Acrobatics","Reflex"],"picked":"Sucker Punch","floor":14.0},{"not_picked":["Doppelganger","Phantasmal Killer","Wraith Form v2"],"picked":"Glass Knife","floor":16.0},{"not_picked":["Dodge and Roll","Predator","Sucker Punch"],"picked":"Noxious Fumes","floor":18.0},{"not_picked":["Terror","Flechettes","Quick Slash+1"],"picked":"Dagger Spray","floor":19.0},{"not_picked":["Malaise","Tactician+1","Eviscerate","Acrobatics"],"picked":"SKIP","floor":21.0},{"not_picked":["Poisoned Stab","Flechettes","Flying Knee+1"],"picked":"Deadly Poison","floor":25.0},{"not_picked":["Underhanded Strike","Bane","Envenom"],"picked":"Dash","floor":27.0},{"not_picked":["Prepared+1","Backflip","Slice"],"picked":"Backstab+1","floor":29.0},{"not_picked":["PiercingWail","Outmaneuver","Deflect"],"picked":"Catalyst","floor":31.0}],"player_experience":227505,"relics_obtained":[{"floor":6.0,"key":"Mummified Hand"},{"floor":8.0,"key":"Gambling Chip"},{"floor":9.0,"key":"Question Card"},{"floor":14.0,"key":"Kunai"},{"floor":17.0,"key":"Juzu Bracelet"},{"floor":17.0,"key":"Mercury Hourglass"},{"floor":17.0,"key":"Girya"},{"floor":25.0,"key":"Bottled Tornado"},{"floor":26.0,"key":"Meat on the Bone"}],"event_choices":[{"cards_removed":["Strike_G"],"damage_healed":0.0,"max_hp_gain":0.0,"max_hp_loss":0.0,"gold_gain":0.0,"event_name":"Golden Wing","player_choice":"Card Removal","floor":2.0,"gold_loss":0.0,"damage_taken":7.0},{"damage_healed":0.0,"max_hp_gain":0.0,"max_hp_loss":0.0,"gold_gain":0.0,"event_name":"Big Fish","player_choice":"Box","floor":3.0,"gold_loss":0.0,"damage_taken":0.0,"relics_obtained":["Vajra"],"cards_obtained":["Regret"]},{"damage_healed":0.0,"max_hp_gain":0.0,"max_hp_loss":0.0,"gold_gain":75.0,"event_name":"FaceTrader","player_choice":"Touch","floor":4.0,"gold_loss":0.0,"damage_taken":7.0},{"damage_healed":0.0,"max_hp_gain":0.0,"max_hp_loss":0.0,"gold_gain":0.0,"event_name":"Lab","player_choice":"Got Potions","floor":13.0,"gold_loss":0.0,"damage_taken":0.0},{"damage_healed":0.0,"max_hp_gain":0.0,"max_hp_loss":0.0,"gold_gain":0.0,"event_name":"Masked Bandits","player_choice":"Paid Fearfully","floor":22.0,"gold_loss":22.0,"damage_taken":0.0},{"damage_healed":0.0,"max_hp_gain":0.0,"max_hp_loss":0.0,"gold_gain":0.0,"event_name":"Beggar","player_choice":"Ignored","floor":24.0,"gold_loss":0.0,"damage_taken":0.0}],"is_beta":false,"boss_relics":[{"not_picked":["HoveringKite","Lizard Tail"],"picked":"Calling Bell"}],"items_purged_floors":[20],"is_endless":false,"potions_floor_spawned":[1,14,25,27,29,31],"killed_by":"Collector","ascension_level":8}