{"gold_per_floor":[112,127,138,138,155,155,305,336,336,349,29,45,57,88,88,165,165,185,8,24,24,36,36,54,54,78,113,113,213,213,231,231,231],"floor_reached":33,"playtime":1830,"items_purged":["Doubt"],"score":541,"play_id":"fb0ef43c-be4b-4902-a6c8-83ac7bfc057a","local_time":"20190605115309","is_ascension_mode":true,"campfire_choices":[{"data":"Clothesline","floor":6.0,"key":"SMITH"},{"data":"Flame Barrier","floor":15.0,"key":"SMITH"},{"floor":23.0,"key":"REST"},{"floor":28,"key":"REST"},{"floor":30,"key":"REST"},{"data":"Inflame","floor":32,"key":"SMITH"}],"neow_cost":"NONE","seed_source_timestamp":1187712549054461,"circlet_count":0,"master_deck":["AscendersBane","Defend_R","Defend_R","Defend_R","Defend_R","Bash","Body Slam","True Grit+1","Feel No Pain","Clothesline+1","Double Tap","Battle Trance","Juggernaut","Disarm","Flame Barrier+1","Heavy Blade","Limit Break","Uppercut","Inflame+1","Shockwave","Metallicize","Necronomicurse","Shrug It Off","Shrug It Off","Bite","Bite","Bite","Bite","Bite","Feel No Pain","Flame Barrier"],"special_seed":0,"relics":["Velvet Choker","Mango","Gambling Chip","Pear","Runic Cube","Necronomicon","PreservedInsect","Bird Faced Urn","Paper Frog"],"potions_floor_usage":[27,31],"damage_taken":[{"damage":4.0,"enemies":"Jaw Worm","floor":1.0,"turns":4.0},{"damage":0.0,"enemies":"Cultist","floor":2.0,"turns":3.0},{"damage":1.0,"enemies":"2 Louse","floor":3.0,"turns":2.0},{"damage":7.0,"enemies":"Looter","floor":5.0,"turns":3.0},{"damage":6.0,"enemies":"3 Sentries","floor":8.0,"turns":10.0},{"damage":8.0,"enemies":"Exordium Wildlife","floor":10.0,"turns":7.0},{"damage":0.0,"enemies":"3 Louse","floor":12.0,"turns":5.0},{"damage":16.0,"enemies":"Blue Slaver","floor":13.0,"turns":3.0},{"damage":3.0,"enemies":"Gremlin Nob","floor":14.0,"turns":4.0},{"damage":46.0,"enemies":"Slime Boss","floor":16.0,"turns":11.0},{"damage":32.0,"enemies":"Spheric Guardian","floor":18.0,"turns":6.0},{"damage":10.0,"enemies":"3 Byrds","floor":20.0,"turns":6.0},{"damage":1.0,"enemies":"Snake Plant","floor":22.0,"turns":3.0},{"damage":9.0,"enemies":"Centurion and Healer","floor":24.0,"turns":5.0},{"damage":29,"enemies":"Gremlin Leader","floor":27,"turns":7},{"damage":25,"enemies":"Colosseum Slavers","floor":29,"turns":5},{"damage":0,"enemies":"Colosseum Nobs","floor":29,"turns":5},{"damage":21,"enemies":"Shelled Parasite and Fungi","floor":31,"turns":5},{"damage":70,"enemies":"Collector","floor":33,"turns":7}],"seed_played":"-2361639654795574607","potions_obtained":[{"floor":3.0,"key":"Block Potion"},{"floor":10.0,"key":"Poison Potion"},{"floor":12.0,"key":"Swift Potion"},{"floor":13.0,"key":"PowerPotion"},{"floor":27,"key":"Block Potion"},{"floor":29,"key":"BloodPotion"},{"floor":31,"key":"Explosive Potion"}],"is_trial":false,"path_per_floor":["M","M","M","?","M","R","?","E","T","M","$","M","M","E","R","B",null,"M","$","M","?","M","R","M","?","T","E","R","?","R","M","R","B"],"character_chosen":"IRONCLAD","items_purchased":["Juggernaut","Disarm","Inflame","Shockwave"],"campfire_rested":3,"item_purchase_floors":[11,11,19,19],"current_hp_per_floor":[64,64,63,63,56,56,56,64,64,56,56,56,40,47,47,1,75,43,43,33,12,11,40,31,31,31,10,30,25,45,40,40,0],"gold":231,"neow_bonus":"BOSS_RELIC","is_prod":false,"is_daily":false,"chose_seed":false,"campfire_upgraded":3,"win_rate":0,"timestamp":1559760789,"path_taken":["M","M","M","?","?","R","?","E","T","M","$","M","M","E","R","BOSS","M","$","M","?","M","R","M","?","T","E","R","?","R","M","R","BOSS"],"build_version":"2019-01-23","purchased_purges":1,"victory":false,"max_hp_per_floor":[75,75,75,75,75,75,75,89,89,89,89,89,89,99,99,99,99,99,99,99,99,99,99,99,69,69,69,69,69,69,69,69,69],"card_choices":[{"not_picked":["Anger","Iron Wave"],"picked":"Body Slam","floor":1.0},{"not_picked":["Warcry","Sentinel"],"picked":"True Grit","floor":2.0},{"not_picked":["Fire Breathing","Pommel Strike"],"picked":"Feel No Pain","floor":3.0},{"not_picked":["Heavy Blade","Twin Strike"],"picked":"Clothesline","floor":5.0},{"not_picked":["Dropkick","Iron Wave"],"picked":"Double Tap","floor":8.0},{"not_picked":["Clash","Fire Breathing"],"picked":"Battle Trance","floor":10.0},{"not_picked":["Metallicize","Rage"],"picked":"Flame Barrier","floor":12.0},{"not_picked":["Body Slam","Anger"],"picked":"Heavy Blade","floor":13.0},{"not_picked":["Dual Wield","Anger","Blood for Blood"],"picked":"SKIP","floor":14.0},{"not_picked":["Dark Embrace","Brutality"],"picked":"Limit Break","floor":16.0},{"not_picked":["Entrench","Second Wind"],"picked":"Uppercut","floor":18.0},{"not_picked":["Ghostly Armor","Bloodletting"],"picked":"Metallicize","floor":20.0},{"not_picked":["Blood for Blood","Flex+1"],"picked":"Shrug It Off","floor":22.0},{"not_picked":["Havoc","True Grit"],"picked":"Shrug It Off","floor":24.0},{"not_picked":["Sword Boomerang","Fire Breathing","Rampage"],"picked":"SKIP","floor":27},{"not_picked":["Heavy Blade","Dual Wield"],"picked":"Feel No Pain","floor":29},{"not_picked":["Body Slam+1","Uppercut"],"picked":"Flame Barrier","floor":31}],"player_experience":804254,"relics_obtained":[{"floor":8.0,"key":"Mango"},{"floor":9.0,"key":"Gambling Chip"},{"floor":14.0,"key":"Pear"},{"floor":21.0,"key":"Necronomicon"},{"floor":27,"key":"PreservedInsect"},{"floor":29,"key":"Bird Faced Urn"},{"floor":29,"key":"Paper Frog"}],"event_choices":[{"damage_healed":0.0,"max_hp_gain":0.0,"max_hp_loss":0.0,"gold_gain":0.0,"event_name":"Upgrade Shrine","player_choice":"Upgraded","floor":4.0,"gold_loss":0.0,"damage_taken":0.0,"cards_upgraded":["True Grit"]},{"damage_healed":0.0,"max_hp_gain":0.0,"max_hp_loss":0.0,"gold_gain":150.0,"event_name":"Liars Game","player_choice":"AGREE","floor":7.0,"gold_loss":0.0,"damage_taken":0.0,"cards_obtained":["Doubt"]},{"damage_healed":0.0,"max_hp_gain":0.0,"max_hp_loss":0.0,"gold_gain":0.0,"event_name":"Cursed Tome","player_choice":"Obtained Book","floor":21.0,"gold_loss":0.0,"damage_taken":21.0},{"damage_healed":0.0,"max_hp_gain":0.0,"max_hp_loss":30.0,"gold_gain":0.0,"event_name":"Vampires","player_choice":"Became a vampire","floor":25.0,"gold_loss":0.0,"damage_taken":0.0,"cards_obtained":["Bite","Bite","Bite","Bite","Bite"]},{"damage_healed":0,"gold_gain":0,"player_choice":"Fight","damage_taken":0,"max_hp_gain":0,"max_hp_loss":0,"event_name":"Colosseum","floor":29,"gold_loss":0},{"damage_healed":0,"gold_gain":0,"player_choice":"Fought Nobs","damage_taken":0,"max_hp_gain":0,"max_hp_loss":0,"event_name":"Colosseum","floor":29,"gold_loss":0}],"is_beta":false,"boss_relics":[{"not_picked":["Coffee Dripper","Philosopher\u0027s Stone"],"picked":"Runic Cube"}],"items_purged_floors":[11],"is_endless":false,"potions_floor_spawned":[3,10,12,13,14,18,27,29,29,31],"killed_by":"Collector","ascension_level":17}