{"gold_per_floor":[117,117,117,117,128,128,143,143,143,143,0,15,15,35,35,133,133,150,23,40,40,0,28,28,127,127,127,141,158,37,52,52,156,156,170,170,189,209,26,87,87,1,28,41,41,41,41,55,55,55],"floor_reached":51,"playtime":1873,"items_purged":["Strike_R"],"score":1063,"play_id":"ecad2dd2-b582-4f21-b1f6-46bc11314642","local_time":"20190323013132","is_ascension_mode":true,"campfire_choices":[{"data":"Bash","floor":6,"key":"SMITH"},{"data":"Carnage","floor":10,"key":"SMITH"},{"data":"Battle Trance","floor":13,"key":"SMITH"},{"data":"Shrug It Off","floor":15,"key":"SMITH"},{"data":"Barricade","floor":24,"key":"SMITH"},{"data":"Defend_R","floor":32,"key":"SMITH"},{"data":"Defend_R","floor":41,"key":"SMITH"}],"neow_cost":"NONE","seed_source_timestamp":5461087915444,"circlet_count":0,"master_deck":["Defend_R+1","Defend_R+1","Bash+1","Shrug It Off+1","Carnage+1","Battle Trance+1","Shockwave+1","Intimidate+1","Shrug It Off+1","Shrug It Off+1","Barricade+1","Havoc+1","Armaments+1","Power Through+1","Flame Barrier+1","True Grit+1","Body Slam+1","Sentinel+1","True Grit+1","Shrug It Off+1","Impervious+1","Spot Weakness+1","Twin Strike+1","Pommel Strike+1","Flame Barrier+1","Entrench+1","Impervious+1","Armaments+1","Warcry+1","Dark Shackles+1","Disarm+1","Barricade+1","Spot Weakness+1"],"relics":["Coffee Dripper","Toxic Egg 2","Centennial Puzzle","Empty Cage","Anchor","Bag of Preparation","Astrolabe","Dodecahedron","Tiny Chest","Bag of Marbles"],"potions_floor_usage":[20,23,33,38,50,50,50],"damage_taken":[{"damage":0,"enemies":"Cultist","floor":1,"turns":2},{"damage":4,"enemies":"Jaw Worm","floor":5,"turns":2},{"damage":1,"enemies":"Small Slimes","floor":7,"turns":2},{"damage":0,"enemies":"3 Louse","floor":12,"turns":3},{"damage":0,"enemies":"Large Slime","floor":14,"turns":5},{"damage":7,"enemies":"Slime Boss","floor":16,"turns":9},{"damage":0,"enemies":"Chosen","floor":18,"turns":6},{"damage":0,"enemies":"2 Thieves","floor":20,"turns":3},{"damage":8,"enemies":"Gremlin Leader","floor":23,"turns":10},{"damage":0,"enemies":"Snake Plant","floor":28,"turns":3},{"damage":2,"enemies":"Snecko","floor":29,"turns":10},{"damage":0,"enemies":"Centurion and Healer","floor":31,"turns":6},{"damage":0,"enemies":"Automaton","floor":33,"turns":8},{"damage":0,"enemies":"Orb Walker","floor":35,"turns":4},{"damage":0,"enemies":"3 Darklings","floor":37,"turns":7},{"damage":20,"enemies":"Transient","floor":38,"turns":5},{"damage":8,"enemies":"Reptomancer","floor":40,"turns":8},{"damage":0,"enemies":"Writhing Mass","floor":44,"turns":5},{"damage":0,"enemies":"Spire Growth","floor":48,"turns":5},{"damage":0,"enemies":"Time Eater","floor":50,"turns":10}],"seed_played":"-422539450046690323","potions_obtained":[{"floor":14,"key":"SkillPotion"},{"floor":16,"key":"EssenceOfSteel"},{"floor":18,"key":"Explosive Potion"},{"floor":29,"key":"EssenceOfSteel"},{"floor":31,"key":"Strength Potion"},{"floor":33,"key":"EssenceOfSteel"},{"floor":40,"key":"Energy Potion"}],"is_trial":false,"path_per_floor":["M","$","$","?","M","R","M","T","T","R","$","M","R","M","R","B",null,"M","$","M","?","?","E","R","?","T","?","M","M","$","M","R","B",null,"M","?","M","M","$","E","R","$","T","M","R","$","?","M","R","B",null],"character_chosen":"IRONCLAD","items_purchased":["Shockwave+1","Intimidate+1","Armaments+1","Sentinel+1","True Grit+1","Impervious+1","Armaments+1","Dark Shackles+1"],"campfire_rested":0,"item_purchase_floors":[11,11,19,30,30,39,39,42],"current_hp_per_floor":[72,72,72,72,68,68,67,67,67,67,67,67,67,67,67,60,75,75,75,75,60,60,52,52,52,52,52,52,50,50,50,50,50,76,76,76,76,56,56,48,48,48,48,48,48,48,48,48,48,48],"gold":55,"neow_bonus":"BOSS_RELIC","is_prod":false,"is_daily":false,"chose_seed":false,"campfire_upgraded":7,"win_rate":0,"timestamp":1553301092,"path_taken":["M","?","$","?","?","R","M","?","T","R","$","M","R","?","R","BOSS","M","$","M","?","?","E","R","?","T","?","M","M","?","M","R","BOSS","M","?","M","M","$","E","R","?","T","?","R","$","?","M","R","BOSS"],"build_version":"2019-01-23","purchased_purges":1,"victory":true,"max_hp_per_floor":[80,80,80,80,80,80,80,80,80,80,80,80,80,80,80,80,80,80,80,80,85,85,85,85,85,85,85,85,85,85,85,85,85,85,85,85,85,85,85,85,85,85,85,85,85,85,85,85,85,85],"card_choices":[{"not_picked":["Headbutt","Armaments"],"picked":"Shrug It Off","floor":1},{"not_picked":["Wild Strike","Heavy Blade"],"picked":"Carnage","floor":5},{"not_picked":["Sentinel","Metallicize"],"picked":"Battle Trance","floor":7},{"not_picked":["Sentinel+1","Warcry+1"],"picked":"Shrug It Off+1","floor":12},{"not_picked":["Wild Strike","Iron Wave"],"picked":"Shrug It Off+1","floor":14},{"not_picked":["Bludgeon","Brutality"],"picked":"Barricade","floor":16},{"not_picked":["Anger","Warcry+1"],"picked":"Havoc+1","floor":18},{"not_picked":["Wild Strike","Flex+1"],"picked":"Power Through+1","floor":20},{"not_picked":["Havoc+1","Anger"],"picked":"Flame Barrier+1","floor":23},{"not_picked":["Warcry+1","Metallicize"],"picked":"True Grit+1","floor":28},{"not_picked":["Searing Blow","Flame Barrier+1"],"picked":"Body Slam+1","floor":29},{"not_picked":["Sentinel+1","Combust+1"],"picked":"Shrug It Off+1","floor":31},{"not_picked":["Barricade","Offering+1"],"picked":"Impervious+1","floor":33},{"not_picked":["Body Slam","Hemokinesis+1"],"picked":"Pommel Strike+1","floor":35},{"not_picked":["Pommel Strike","Seeing Red+1"],"picked":"Flame Barrier+1","floor":37},{"not_picked":["Rage+1","Clash"],"picked":"Entrench+1","floor":38},{"not_picked":["Clash+1","Reckless Charge"],"picked":"Warcry+1","floor":40},{"not_picked":["Corruption+1","Pummel+1"],"picked":"Disarm+1","floor":44},{"not_picked":["Hemokinesis+1","Perfected Strike+1"],"picked":"Spot Weakness+1","floor":48}],"player_experience":73432,"relics_obtained":[{"floor":8,"key":"Toxic Egg 2"},{"floor":9,"key":"Centennial Puzzle"},{"floor":23,"key":"Anchor"},{"floor":26,"key":"Bag of Preparation"},{"floor":40,"key":"Tiny Chest"},{"floor":43,"key":"Bag of Marbles"}],"event_choices":[{"cards_removed":["Strike_R"],"damage_healed":0,"gold_gain":0,"player_choice":"Offered Basic","damage_taken":0,"max_hp_gain":0,"max_hp_loss":0,"event_name":"Bonfire Elementals","floor":4,"gold_loss":0},{"damage_healed":0,"gold_gain":0,"player_choice":"Shed Blood","damage_taken":20,"max_hp_gain":5,"max_hp_loss":0,"event_name":"Forgotten Altar","floor":21,"gold_loss":0},{"damage_healed":0,"gold_gain":0,"player_choice":"Paid Fearfully","damage_taken":0,"max_hp_gain":0,"max_hp_loss":0,"event_name":"Masked Bandits","floor":22,"gold_loss":40},{"damage_healed":0,"gold_gain":99,"player_choice":"Stole From Cult","damage_taken":0,"max_hp_gain":0,"max_hp_loss":0,"event_name":"Nest","floor":25,"gold_loss":0},{"damage_healed":0,"gold_gain":0,"player_choice":"Ignored","damage_taken":0,"max_hp_gain":0,"max_hp_loss":0,"event_name":"Ghosts","floor":27,"gold_loss":0},{"cards_removed":["Sword Boomerang"],"damage_healed":0,"gold_gain":0,"player_choice":"Gave Card","damage_taken":0,"relics_obtained":["Dodecahedron"],"max_hp_gain":0,"max_hp_loss":0,"event_name":"WeMeetAgain","floor":36,"gold_loss":0},{"damage_healed":0,"gold_gain":0,"player_choice":"Copied","damage_taken":0,"max_hp_gain":0,"max_hp_loss":0,"event_name":"Duplicator","floor":47,"gold_loss":0,"cards_obtained":["Barricade"]}],"is_beta":false,"boss_relics":[{"not_picked":["Runic Cube","Tiny House"],"picked":"Empty Cage"},{"not_picked":["Pandora\u0027s Box","Mark of Pain"],"picked":"Astrolabe"}],"items_purged_floors":[19],"is_endless":false,"potions_floor_spawned":[14,16,18,29,31,33,40,44],"ascension_level":6}