{"gold_per_floor":[111,10,10,10,160,160,173,173,220,220,255,8,33,45,45,118,118,134,152,167,167,86,86,121,121,196,215,241,254,179,211,211,285,285,296,296,315,93,112,112,334,334,383,415,433,433,463,473,473,473,473,473,56,81,81],"floor_reached":55,"playtime":3582,"items_purged":["Doubt","Parasite"],"score":1490,"play_id":"9408a5cd-9a83-4ff5-af88-ce654b6f130a","local_time":"20190521150842","is_ascension_mode":true,"campfire_choices":[{"data":"Survivor","floor":6.0,"key":"SMITH"},{"data":"Cloak And Dagger","floor":10.0,"key":"SMITH"},{"data":"Caltrops","floor":15.0,"key":"SMITH"},{"data":"Noxious Fumes","floor":23.0,"key":"SMITH"},{"data":"Bullet Time","floor":25.0,"key":"SMITH"},{"floor":32.0,"key":"REST"},{"floor":40,"key":"RECALL"},{"data":"After Image","floor":42,"key":"SMITH"},{"data":"Malaise","floor":46,"key":"SMITH"},{"data":"Backflip","floor":49,"key":"SMITH"},{"data":"Leg Sweep","floor":52,"key":"SMITH"}],"neow_cost":"NONE","seed_source_timestamp":3510797949431696,"circlet_count":0,"master_deck":["AscendersBane","Survivor+1","Neutralize","Bane","Infinite Blades","Sucker Punch","Cloak And Dagger+1","Predator","Caltrops+1","Prepared","Die Die Die","Escape Plan","Malaise+1","Poisoned Stab","Infinite Blades","Bullet Time+1","After Image+1","Masterful Stab","Backflip+1","Blade Dance+1","Noxious Fumes+1","Well Laid Plans","Outmaneuver+1","Dodge and Roll+1","Bouncing Flask","Cloak And Dagger","After Image","Leg Sweep+1","Metamorphosis","PiercingWail","Blade Dance+1","Leg Sweep+1","Footwork","Well Laid Plans"],"special_seed":0,"relics":["Ring of the Snake","NeowsBlessing","Bottled Lightning","Bag of Marbles","Lantern","Vajra","Pen Nib","Pandora\u0027s Box","Centennial Puzzle","Mummified Hand","Ancient Tea Set","Red Mask","Eternal Feather","HandDrill","Molten Egg 2","Happy Flower","Ornamental Fan","Dodecahedron"],"potions_floor_usage":[39,39,44,50],"damage_taken":[{"damage":0.0,"enemies":"Jaw Worm","floor":1.0,"turns":1.0},{"damage":0.0,"enemies":"2 Louse","floor":7.0,"turns":1.0},{"damage":0.0,"enemies":"Gremlin Nob","floor":11.0,"turns":1.0},{"damage":15.0,"enemies":"Lagavulin","floor":13.0,"turns":9.0},{"damage":0.0,"enemies":"Cultist","floor":14.0,"turns":2.0},{"damage":10.0,"enemies":"The Guardian","floor":16.0,"turns":13.0},{"damage":9.0,"enemies":"Spheric Guardian","floor":18.0,"turns":4.0},{"damage":0.0,"enemies":"Shell Parasite","floor":19.0,"turns":2.0},{"damage":4.0,"enemies":"3 Cultists","floor":20.0,"turns":4.0},{"damage":15.0,"enemies":"Slavers","floor":24.0,"turns":5.0},{"damage":4.0,"enemies":"Snake Plant","floor":27.0,"turns":3.0},{"damage":0.0,"enemies":"Gremlin Leader","floor":28.0,"turns":5.0},{"damage":19.0,"enemies":"Shelled Parasite and Fungi","floor":29.0,"turns":3.0},{"damage":0.0,"enemies":"Masked Bandits","floor":31.0,"turns":3.0},{"damage":23.0,"enemies":"Automaton","floor":33.0,"turns":7.0},{"damage":0.0,"enemies":"3 Shapes","floor":35.0,"turns":6.0},{"damage":7.0,"enemies":"Orb Walker","floor":37.0,"turns":3.0},{"damage":22,"enemies":"Writhing Mass","floor":39,"turns":6},{"damage":6,"enemies":"Giant Head","floor":44,"turns":7},{"damage":0,"enemies":"4 Shapes","floor":45,"turns":6},{"damage":10,"enemies":"Nemesis","floor":47,"turns":6},{"damage":0,"enemies":"Jaw Worm Horde","floor":48,"turns":4},{"damage":26,"enemies":"Donu and Deca","floor":50,"turns":10},{"damage":23,"enemies":"Shield and Spear","floor":54,"turns":8},{"damage":47,"enemies":"The Heart","floor":55,"turns":3}],"seed_played":"8028453663197724945","potions_obtained":[{"floor":1.0,"key":"Explosive Potion"},{"floor":11.0,"key":"Weak Potion"},{"floor":14.0,"key":"Block Potion"},{"floor":19.0,"key":"Weak Potion"},{"floor":24.0,"key":"GamblersBrew"},{"floor":35.0,"key":"Fire Potion"},{"floor":39,"key":"Regen Potion"},{"floor":44,"key":"PowerPotion"}],"is_trial":false,"path_per_floor":["M","$","?","?","?","R","M","T","T","R","E","$","E","M","R","B",null,"M","M","M","?","$","R","E","R","T","M","E","M","?","?","R","B",null,"M","?","M","$","M","R","?","R","T","E","M","R","E","M","R","B",null,"R","$","E","B"],"character_chosen":"THE_SILENT","items_purchased":["Infinite Blades","Sucker Punch","Vajra","Well Laid Plans","HandDrill","Footwork","Ornamental Fan"],"campfire_rested":1,"item_purchase_floors":[2,2,12,22,38,53,53],"current_hp_per_floor":[59,59,52,32,32,32,32,32,32,32,32,32,17,17,17,7,51,42,42,38,66,66,66,51,51,51,47,47,28,28,28,47,24,56,56,56,49,49,27,45,45,63,63,66,66,66,56,56,66,40,60,66,63,40,0],"gold":81,"neow_bonus":"THREE_ENEMY_KILL","is_prod":false,"is_daily":false,"chose_seed":false,"campfire_upgraded":9,"win_rate":0,"timestamp":1558476522,"path_taken":["M","$","?","?","?","R","M","?","T","R","E","$","E","M","R","BOSS","M","?","M","?","?","R","E","R","T","M","E","?","?","?","R","BOSS","M","?","M","$","M","R","?","R","T","E","M","R","E","M","R","BOSS","R","$","E","BOSS"],"build_version":"2019-01-23","purchased_purges":2,"victory":false,"max_hp_per_floor":[66,66,66,66,66,66,66,66,66,66,66,66,66,66,66,66,66,66,66,66,66,66,66,66,66,66,66,66,66,66,66,66,66,66,66,66,66,66,66,66,66,66,66,66,66,66,66,66,66,66,66,66,63,63,63],"card_choices":[{"not_picked":["Concentrate","Dagger Spray"],"picked":"Bane","floor":1.0},{"not_picked":["Bane","Dagger Throw"],"picked":"Cloak And Dagger","floor":7.0},{"not_picked":["Tactician","Dagger Throw"],"picked":"Predator","floor":11.0},{"not_picked":["Escape Plan","Catalyst"],"picked":"Caltrops","floor":13.0},{"not_picked":["Sucker Punch","Dagger Spray"],"picked":"Prepared","floor":14.0},{"not_picked":["Tools of the Trade","Storm of Steel"],"picked":"Die Die Die","floor":16.0},{"not_picked":["Blade Dance","Acrobatics"],"picked":"Backflip","floor":18.0},{"not_picked":["Accuracy","Flying Knee"],"picked":"Blade Dance+1","floor":19.0},{"not_picked":["Dodge and Roll","Deadly Poison"],"picked":"Noxious Fumes","floor":20.0},{"not_picked":["Die Die Die","Deadly Poison"],"picked":"Outmaneuver+1","floor":24.0},{"not_picked":["Catalyst","Riddle With Holes"],"picked":"Dodge and Roll+1","floor":27.0},{"not_picked":["Flying Knee","Deflect"],"picked":"Bouncing Flask","floor":28.0},{"not_picked":["Concentrate","Deflect"],"picked":"Cloak And Dagger","floor":29.0},{"not_picked":["Burst","Bullet Time"],"picked":"After Image","floor":33.0},{"not_picked":["Footwork","Distraction"],"picked":"Leg Sweep+1","floor":35.0},{"not_picked":["Swift Strike","Mind Blast"],"picked":"Metamorphosis","floor":36.0},{"not_picked":["Underhanded Strike","Tactician"],"picked":"PiercingWail","floor":37.0},{"not_picked":["Endless Agony","Slice","Outmaneuver+1"],"picked":"SKIP","floor":39},{"not_picked":["Prepared+1","Dodge and Roll","Sucker Punch"],"picked":"SKIP","floor":44},{"not_picked":["Terror","Accuracy"],"picked":"Blade Dance+1","floor":45},{"not_picked":["Deflect","Flying Knee+1","Phantasmal Killer"],"picked":"SKIP","floor":47},{"not_picked":["Distraction","Concentrate"],"picked":"Leg Sweep","floor":48},{"not_picked":["Dodge and Roll","Terror+1"],"picked":"Well Laid Plans","floor":54}],"player_experience":691372,"relics_obtained":[{"floor":8.0,"key":"Bottled Lightning"},{"floor":9.0,"key":"Bag of Marbles"},{"floor":11.0,"key":"Lantern"},{"floor":13.0,"key":"Pen Nib"},{"floor":24.0,"key":"Centennial Puzzle"},{"floor":26.0,"key":"Mummified Hand"},{"floor":28.0,"key":"Ancient Tea Set"},{"floor":31.0,"key":"Red Mask"},{"floor":44,"key":"Molten Egg 2"},{"floor":47,"key":"Happy Flower"},{"floor":54,"key":"Dodecahedron"}],"event_choices":[{"cards_removed":["Strike_G"],"damage_healed":0.0,"max_hp_gain":0.0,"max_hp_loss":0.0,"gold_gain":0.0,"event_name":"Golden Wing","player_choice":"Card Removal","floor":3.0,"gold_loss":0.0,"damage_taken":7.0},{"damage_healed":0.0,"max_hp_gain":0.0,"max_hp_loss":0.0,"gold_gain":0.0,"event_name":"Shining Light","player_choice":"Entered Light","floor":4.0,"gold_loss":0.0,"damage_taken":20.0,"cards_upgraded":["Strike_G","Defend_G"]},{"damage_healed":0.0,"max_hp_gain":0.0,"max_hp_loss":0.0,"gold_gain":150.0,"event_name":"Liars Game","player_choice":"AGREE","floor":5.0,"gold_loss":0.0,"damage_taken":0.0,"cards_obtained":["Doubt"]},{"cards_removed":["Flechettes"],"damage_healed":28.0,"max_hp_gain":0.0,"max_hp_loss":0.0,"gold_gain":0.0,"event_name":"Bonfire Elementals","player_choice":"Offered Uncommon","floor":21.0,"gold_loss":0.0,"damage_taken":0.0},{"cards_removed":["Underhanded Strike"],"damage_healed":0.0,"max_hp_gain":0.0,"max_hp_loss":0.0,"gold_gain":0.0,"event_name":"Beggar","player_choice":"Gave Gold","floor":30.0,"gold_loss":75.0,"damage_taken":0.0},{"damage_healed":0.0,"max_hp_gain":0.0,"max_hp_loss":0.0,"gold_gain":0.0,"event_name":"Masked Bandits","player_choice":"Fought Bandits","floor":31.0,"gold_loss":0.0,"damage_taken":0.0},{"damage_healed":0.0,"max_hp_gain":0.0,"max_hp_loss":0.0,"gold_gain":0.0,"event_name":"SensoryStone","player_choice":"Memory 1","floor":36.0,"gold_loss":0.0,"damage_taken":0.0},{"damage_healed":0,"gold_gain":222,"player_choice":"Wore Mask","damage_taken":0,"max_hp_gain":0,"max_hp_loss":0,"event_name":"Tomb of Lord Red Mask","floor":41,"gold_loss":0}],"is_beta":false,"boss_relics":[{"not_picked":["WristBlade","Coffee Dripper"],"picked":"Pandora\u0027s Box"},{"not_picked":["Velvet Choker","Astrolabe"],"picked":"Eternal Feather"}],"items_purged_floors":[12,53],"is_endless":false,"potions_floor_spawned":[1,11,14,19,24,35,37,39,44],"killed_by":"The Heart","ascension_level":18}