{"gold_per_floor":[117,67,86,86,11,11,45,45,45,45],"floor_reached":10,"playtime":525,"items_purged":["Strike_R"],"score":86,"play_id":"a7301d4e-b31c-4249-95ce-4e86d7acff3a","local_time":"20190324013258","is_ascension_mode":true,"campfire_choices":[{"data":"Searing Blow","floor":6.0,"key":"SMITH"}],"neow_cost":"NONE","seed_source_timestamp":53977079854334,"circlet_count":0,"master_deck":["Strike_R","Defend_R","Defend_R","Defend_R","Defend_R","Bash","Searing Blow+1","Ghostly Armor","Rampage"],"special_seed":0,"relics":["Burning Blood","Frozen Egg 2","Ornamental Fan","Unceasing Top"],"potions_floor_usage":[],"damage_taken":[{"damage":7.0,"enemies":"Small Slimes","floor":1.0,"turns":3.0},{"damage":2.0,"enemies":"2 Louse","floor":3.0,"turns":3.0},{"damage":44.0,"enemies":"Lagavulin","floor":7.0,"turns":8.0},{"damage":30,"enemies":"3 Sentries","floor":10,"turns":7}],"seed_played":"-493783757804367","potions_obtained":[{"floor":1.0,"key":"AttackPotion"},{"floor":7.0,"key":"FearPotion"}],"is_trial":false,"path_per_floor":["M","?","M","?","$","R","E","T","T","E"],"character_chosen":"IRONCLAD","items_purchased":[],"campfire_rested":0,"item_purchase_floors":[],"current_hp_per_floor":[71,71,75,68,68,68,30,30,30,0],"gold":45,"neow_bonus":"TRANSFORM_CARD","is_prod":false,"is_daily":false,"chose_seed":false,"campfire_upgraded":1,"win_rate":0,"timestamp":1553387578,"path_taken":["M","?","M","?","?","R","E","?","T","E"],"build_version":"2019-01-23","purchased_purges":1,"victory":false,"max_hp_per_floor":[80,80,80,80,80,80,80,80,80,80],"card_choices":[{"not_picked":["Pommel Strike","Cleave"],"picked":"Ghostly Armor","floor":1.0},{"not_picked":["Sword Boomerang","Twin Strike","Reckless Charge"],"picked":"SKIP","floor":3.0},{"not_picked":["Bludgeon","Pommel Strike"],"picked":"Rampage","floor":7.0}],"player_experience":77833,"relics_obtained":[{"floor":7.0,"key":"Frozen Egg 2"},{"floor":8.0,"key":"Ornamental Fan"},{"floor":9.0,"key":"Unceasing Top"}],"event_choices":[{"cards_removed":["Strike_R"],"damage_healed":0.0,"max_hp_gain":0.0,"max_hp_loss":0.0,"gold_gain":0.0,"event_name":"The Cleric","player_choice":"Card Removal","floor":2.0,"gold_loss":50.0,"damage_taken":0.0},{"cards_removed":["Strike_R"],"damage_healed":0.0,"max_hp_gain":0.0,"max_hp_loss":0.0,"gold_gain":0.0,"event_name":"Golden Wing","player_choice":"Card Removal","floor":4.0,"gold_loss":0.0,"damage_taken":7.0}],"is_beta":false,"boss_relics":[],"items_purged_floors":[5],"is_endless":false,"potions_floor_spawned":[1,7],"killed_by":"3 Sentries","ascension_level":7}