{"gold_per_floor":[117,128,140,155,169,197,197,226,226,242,258,275,287,319,319,420,420,435,435,446,14,33,33],"floor_reached":23,"playtime":1770,"items_purged":[],"score":288,"play_id":"4db3c3d8-7857-4ab7-b8d6-84e23986a714","local_time":"20190606233917","is_ascension_mode":true,"campfire_choices":[{"data":"Armaments","floor":7,"key":"SMITH"},{"data":"Cleave","floor":15,"key":"SMITH"}],"neow_cost":"NONE","seed_source_timestamp":13969125412600,"circlet_count":0,"master_deck":["Defend_R","Defend_R","Defend_R","Defend_R","Bash","Armaments+1","Cleave+1","Clothesline","Carnage","Pommel Strike","Brutality","Disarm","Bludgeon","Juggernaut","Flame Barrier","Bite","Bite","Bite","Bite","Bite","Heavy Blade+1"],"relics":["Black Blood","Happy Flower","Ancient Tea Set","Anchor","Dead Branch"],"potions_floor_usage":[6,8,8,14,18,22,23,23],"damage_taken":[{"damage":6,"enemies":"Cultist","floor":1,"turns":4},{"damage":2,"enemies":"2 Louse","floor":2,"turns":3},{"damage":6,"enemies":"Small Slimes","floor":3,"turns":5},{"damage":6,"enemies":"2 Fungi Beasts","floor":4,"turns":5},{"damage":12,"enemies":"Looter","floor":5,"turns":3},{"damage":17,"enemies":"Gremlin Nob","floor":6,"turns":4},{"damage":33,"enemies":"Lagavulin","floor":8,"turns":8},{"damage":8,"enemies":"Large Slime","floor":10,"turns":5},{"damage":11,"enemies":"2 Fungi Beasts","floor":11,"turns":4},{"damage":3,"enemies":"3 Louse","floor":12,"turns":2},{"damage":18,"enemies":"Exordium Thugs","floor":13,"turns":4},{"damage":21,"enemies":"Gremlin Nob","floor":14,"turns":4},{"damage":17,"enemies":"Slime Boss","floor":16,"turns":8},{"damage":0,"enemies":"Spheric Guardian","floor":18,"turns":1},{"damage":12,"enemies":"Chosen","floor":20,"turns":5},{"damage":14,"enemies":"Snake Plant","floor":22,"turns":4},{"damage":73,"enemies":"Slavers","floor":23,"turns":4}],"seed_played":"-4891770551914860678","potions_obtained":[{"floor":1,"key":"Block Potion"},{"floor":2,"key":"SkillPotion"},{"floor":6,"key":"Regen Potion"},{"floor":11,"key":"Fire Potion"},{"floor":14,"key":"Fruit Juice"},{"floor":16,"key":"LiquidBronze"},{"floor":22,"key":"GamblersBrew"}],"is_trial":false,"path_per_floor":["M","M","M","M","M","E","R","E","T","M","M","M","M","E","R","B",null,"M","?","M","$","M","E"],"character_chosen":"IRONCLAD","items_purchased":["Dead Branch","Energy Potion","LiquidBronze"],"campfire_rested":0,"item_purchase_floors":[21,21,21],"current_hp_per_floor":[88,88,88,88,82,71,71,59,59,57,52,55,43,33,33,22,93,93,65,65,65,61,0],"gold":33,"neow_bonus":"TEN_PERCENT_HP_BONUS","is_prod":false,"is_daily":false,"chose_seed":false,"campfire_upgraded":2,"win_rate":0,"timestamp":1559857157,"path_taken":["M","M","M","M","?","E","R","E","T","M","M","M","M","E","R","BOSS","M","?","M","$","M","E"],"build_version":"2019-01-23","purchased_purges":0,"victory":false,"max_hp_per_floor":[88,88,88,88,88,88,88,88,88,88,88,88,88,93,93,93,93,93,65,65,65,65,65],"card_choices":[{"not_picked":["Pummel","Bloodletting","Headbutt"],"picked":"SKIP","floor":1},{"not_picked":["Shrug It Off","Cleave"],"picked":"Armaments","floor":2},{"not_picked":["Sever Soul","Sword Boomerang","Heavy Blade"],"picked":"SKIP","floor":3},{"not_picked":["Headbutt","Warcry"],"picked":"Cleave","floor":4},{"not_picked":["Rupture","Headbutt","Perfected Strike"],"picked":"SKIP","floor":5},{"not_picked":["Pommel Strike","Wild Strike"],"picked":"Clothesline","floor":6},{"not_picked":["Fire Breathing","Reckless Charge"],"picked":"Carnage","floor":8},{"not_picked":["Cleave","Twin Strike"],"picked":"Pommel Strike","floor":10},{"not_picked":["Sword Boomerang","Twin Strike"],"picked":"Brutality","floor":11},{"not_picked":["Armaments","Rage","Anger"],"picked":"SKIP","floor":12},{"not_picked":["Perfected Strike","Havoc"],"picked":"Disarm","floor":13},{"not_picked":["Dropkick","Armaments"],"picked":"Bludgeon","floor":14},{"not_picked":["Impervious","Dark Embrace"],"picked":"Juggernaut","floor":16},{"not_picked":["Corruption","Fire Breathing"],"picked":"Flame Barrier","floor":18},{"not_picked":["Cleave","Flex","Intimidate"],"picked":"SKIP","floor":20},{"not_picked":["Clothesline","Body Slam"],"picked":"Heavy Blade+1","floor":22}],"player_experience":378424,"relics_obtained":[{"floor":6,"key":"Happy Flower"},{"floor":8,"key":"Ancient Tea Set"},{"floor":14,"key":"Anchor"}],"event_choices":[{"damage_healed":0,"gold_gain":0,"player_choice":"Became a vampire","damage_taken":0,"max_hp_gain":0,"max_hp_loss":28,"event_name":"Vampires","floor":19,"gold_loss":0,"cards_obtained":["Bite","Bite","Bite","Bite","Bite"]}],"is_beta":false,"boss_relics":[{"not_picked":["Pandora\u0027s Box","Philosopher\u0027s Stone"],"picked":"Black Blood"}],"items_purged_floors":[],"is_endless":false,"potions_floor_spawned":[1,2,6,11,14,16,22],"killed_by":"Slavers","ascension_level":4}