{"gold_per_floor":[114,129,146,156,166,198,198,209,209,226,226,256,256,256,256,256],"floor_reached":16,"playtime":1314,"items_purged":[],"score":200,"play_id":"2747d0ef-89b3-40c9-b88a-137b948bf525","local_time":"20190517180829","is_ascension_mode":true,"campfire_choices":[{"floor":7.0,"key":"REST"},{"floor":15,"key":"REST"}],"neow_cost":"NONE","seed_source_timestamp":3178269233359064,"circlet_count":0,"master_deck":["AscendersBane","Defend_G","Defend_G","Defend_G","Defend_G","Defend_G","Strike_G","Strike_G","Strike_G","Strike_G","Strike_G","Survivor","Neutralize","Footwork+1","Backflip","Acrobatics","Acrobatics","Dodge and Roll","Leg Sweep","Storm of Steel","PiercingWail","Infinite Blades"],"special_seed":0,"relics":["Philosopher\u0027s Stone","Omamori","Peace Pipe","Tough Bandages","The Specimen"],"potions_floor_usage":[],"damage_taken":[{"damage":0.0,"enemies":"2 Louse","floor":1.0,"turns":3.0},{"damage":3.0,"enemies":"Jaw Worm","floor":2.0,"turns":5.0},{"damage":0.0,"enemies":"Small Slimes","floor":3.0,"turns":5.0},{"damage":4.0,"enemies":"Red Slaver","floor":4.0,"turns":6.0},{"damage":0.0,"enemies":"Exordium Wildlife","floor":5.0,"turns":4.0},{"damage":31.0,"enemies":"3 Sentries","floor":6.0,"turns":15.0},{"damage":4.0,"enemies":"Large Slime","floor":8.0,"turns":9.0},{"damage":0.0,"enemies":"Red Slaver","floor":10.0,"turns":7.0},{"damage":25,"enemies":"Lagavulin","floor":12,"turns":17},{"damage":32,"enemies":"Hexaghost","floor":16,"turns":16}],"seed_played":"-4542691892181880932","potions_obtained":[{"floor":1.0,"key":"GamblersBrew"},{"floor":2.0,"key":"Explosive Potion"},{"floor":12,"key":"GamblersBrew"}],"is_trial":false,"path_per_floor":["M","M","M","M","M","E","R","M","T","M","?","E","?","?","R","B"],"character_chosen":"THE_SILENT","items_purchased":[],"campfire_rested":2,"item_purchase_floors":[],"current_hp_per_floor":[59,56,56,52,52,21,40,36,36,36,36,11,11,11,30,0],"gold":256,"neow_bonus":"BOSS_RELIC","is_prod":false,"is_daily":false,"chose_seed":false,"campfire_upgraded":0,"win_rate":0,"timestamp":1558141709,"path_taken":["M","M","M","M","M","E","R","M","T","M","?","E","?","?","R","BOSS"],"build_version":"2019-01-23","purchased_purges":0,"victory":false,"max_hp_per_floor":[66,66,66,66,66,66,66,66,66,66,66,66,66,66,66,66],"card_choices":[{"not_picked":["Choke","Crippling Poison"],"picked":"Footwork","floor":1.0},{"not_picked":["Outmaneuver","Cloak And Dagger"],"picked":"Backflip","floor":2.0},{"not_picked":["Calculated Gamble","Blade Dance"],"picked":"Acrobatics","floor":3.0},{"not_picked":["Quick Slash","Dagger Spray"],"picked":"Acrobatics","floor":4.0},{"not_picked":["Sucker Punch","Bane"],"picked":"Dodge and Roll","floor":5.0},{"not_picked":["Dagger Spray","Riddle With Holes"],"picked":"Leg Sweep","floor":6.0},{"not_picked":["Flying Knee","Dagger Spray"],"picked":"Storm of Steel","floor":8.0},{"not_picked":["Predator","Distraction"],"picked":"PiercingWail","floor":10.0},{"not_picked":["Heel Hook","Bane"],"picked":"Infinite Blades","floor":12}],"player_experience":635031,"relics_obtained":[{"floor":6.0,"key":"Omamori"},{"floor":9.0,"key":"Peace Pipe"},{"floor":12,"key":"Tough Bandages"}],"event_choices":[{"damage_healed":0.0,"max_hp_gain":0.0,"max_hp_loss":0.0,"gold_gain":0.0,"event_name":"Living Wall","player_choice":"Grow","floor":11.0,"gold_loss":0.0,"damage_taken":0.0,"cards_upgraded":["Footwork"]},{"damage_healed":0,"gold_gain":0,"player_choice":"Ignored","damage_taken":0,"max_hp_gain":0,"max_hp_loss":0,"event_name":"Golden Wing","floor":13,"gold_loss":0},{"damage_healed":0,"gold_gain":0,"player_choice":"Gave Potion","damage_taken":0,"relics_obtained":["The Specimen"],"max_hp_gain":0,"max_hp_loss":0,"event_name":"WeMeetAgain","floor":14,"gold_loss":0}],"is_beta":false,"boss_relics":[],"items_purged_floors":[],"is_endless":false,"potions_floor_spawned":[1,2,12],"killed_by":"Hexaghost","ascension_level":15}