{"gold_per_floor":[119,119,132,152,102,135,146,164,164,176,176,176,190,210,210,338,338,358,374,289,289,310,378,378,401,401,421,721,243,264,304,304,425,425,444,463,463,28,52,52,76,76,102,102,116,116,29,67,67,67],"floor_reached":51,"playtime":6381,"items_purged":["Injury"],"score":798,"play_id":"2025567a-4718-453e-af4b-8470c60e3663","local_time":"20180824001857","is_ascension_mode":true,"campfire_choices":[{"data":"Neutralize","floor":11.0,"key":"SMITH"},{"data":"Bouncing Flask","floor":15.0,"key":"SMITH"},{"data":"Bane","floor":24.0,"key":"SMITH"},{"data":"Catalyst","floor":32.0,"key":"SMITH"},{"data":"Venomology","floor":40,"key":"SMITH"},{"data":"Catalyst","floor":42,"key":"SMITH"},{"data":"Catalyst","floor":44,"key":"SMITH"},{"data":"Poisoned Stab","floor":46,"key":"SMITH"},{"data":"Leg Sweep","floor":49,"key":"SMITH"}],"neow_cost":"NONE","seed_source_timestamp":50089839587104,"circlet_count":0,"master_deck":["Defend_G","Defend_G","Defend_G","Defend_G","Defend_G","Survivor","Neutralize+1","Bane+1","Die Die Die","Poisoned Stab+1","Venomology+1","Footwork+1","Catalyst+1","Bouncing Flask+1","Adrenaline+1","Bouncing Flask+1","Blade Dance+1","Catalyst+1","Catalyst+1","Infinite Blades+1","Bullet Time","PiercingWail+1","After Image+1","Blur+1","Choke+1","Burst+1","Backflip+1","Acrobatics","Footwork+1","Well Laid Plans+1","Leg Sweep+1"],"special_seed":0,"relics":["Coffee Dripper","Snake Skull","Frozen Egg 2","Letter Opener","Golden Idol","White Beast Statue","Pantograph","Tiny Chest","Mummified Hand","Old Coin","Potion Belt","Ancient Tea Set","Red Mask","Astrolabe","Toy Ornithopter","Pen Nib","Boot","Ornamental Fan"],"potions_floor_usage":[39,39,39,41,45,45,45,45,45,48,50,50,50],"damage_taken":[{"damage":1.0,"enemies":"Jaw Worm","floor":1.0,"turns":4.0},{"damage":0.0,"enemies":"Cultist","floor":3.0,"turns":5.0},{"damage":4.0,"enemies":"Small Slimes","floor":4.0,"turns":4.0},{"damage":31.0,"enemies":"Gremlin Nob","floor":6.0,"turns":6.0},{"damage":0.0,"enemies":"Blue Slaver","floor":7.0,"turns":3.0},{"damage":0.0,"enemies":"Lots of Slimes","floor":8.0,"turns":1.0},{"damage":6.0,"enemies":"Looter","floor":10.0,"turns":3.0},{"damage":0.0,"enemies":"Blue Slaver","floor":13.0,"turns":3.0},{"damage":0.0,"enemies":"Large Slime","floor":14.0,"turns":4.0},{"damage":4.0,"enemies":"Hexaghost","floor":16.0,"turns":7.0},{"damage":0.0,"enemies":"3 Byrds","floor":18.0,"turns":3.0},{"damage":0.0,"enemies":"Spheric Guardian","floor":19.0,"turns":2.0},{"damage":5.0,"enemies":"Centurion and Healer","floor":22.0,"turns":5.0},{"damage":4.0,"enemies":"Book of Stabbing","floor":23.0,"turns":3.0},{"damage":0.0,"enemies":"Snecko","floor":25.0,"turns":2.0},{"damage":3.0,"enemies":"Cultist and Chosen","floor":27.0,"turns":4.0},{"damage":6.0,"enemies":"3 Cultists","floor":30.0,"turns":3.0},{"damage":12.0,"floor":31.0,"turns":3.0},{"damage":2.0,"enemies":"Automaton","floor":33.0,"turns":8.0},{"damage":11.0,"enemies":"Flame Bruiser 1 Orb","floor":35.0,"turns":5.0},{"damage":0,"enemies":"Orb Walker","floor":36,"turns":4},{"damage":6,"enemies":"Flame Bruiser 2 Orb","floor":39,"turns":4},{"damage":1,"enemies":"Transient","floor":41,"turns":5},{"damage":0,"enemies":"Sphere and 2 Shapes","floor":45,"turns":3},{"damage":0,"enemies":"Giant Head","floor":48,"turns":3},{"damage":1,"enemies":"Time Eater","floor":50,"turns":4}],"seed_played":"7683235080524866932","potions_obtained":[{"floor":3.0,"key":"Explosive Potion"},{"floor":7.0,"key":"Swift Potion"},{"floor":10.0,"key":"Regen Potion"},{"floor":13.0,"key":"Strength Potion"},{"floor":14.0,"key":"Dexterity Potion"},{"floor":18.0,"key":"SteroidPotion"},{"floor":19.0,"key":"Energy Potion"},{"floor":22.0,"key":"PowerPotion"},{"floor":23.0,"key":"Strength Potion"},{"floor":25.0,"key":"PowerPotion"},{"floor":27.0,"key":"Energy Potion"},{"floor":30.0,"key":"FearPotion"},{"floor":31.0,"key":"Poison Potion"},{"floor":33.0,"key":"Strength Potion"},{"floor":35.0,"key":"EntropicBrew"},{"floor":36,"key":"Weak Potion"},{"floor":39,"key":"AttackPotion"},{"floor":41,"key":"Strength Potion"},{"floor":45,"key":"SpeedPotion"}],"is_trial":false,"path_per_floor":["M","?","M","M","?","E","M","M","T","M","R","?","M","M","R","B",null,"M","M","?","?","M","E","R","M","T","M","T","$","M","?","R","B",null,"M","M","?","$","M","R","M","R","T","R","M","R","$","E","R","B"],"character_chosen":"THE_SILENT","items_purchased":["Infinite Blades+1","Potion Belt","Ancient Tea Set","Regen Potion","Toy Ornithopter","Footwork+1","Pen Nib","Leg Sweep","Poison Potion"],"campfire_rested":0,"item_purchase_floors":[29,29,29,29,38,38,38,47,47],"current_hp_per_floor":[69,69,69,65,65,34,34,34,34,28,28,28,28,40,40,36,70,70,70,70,70,65,61,61,61,61,58,58,58,52,52,52,68,70,59,59,59,59,62,62,64,64,64,64,70,70,70,70,70,70],"gold":67,"neow_bonus":"BOSS_RELIC","is_prod":false,"is_daily":false,"chose_seed":false,"campfire_upgraded":9,"win_rate":0,"timestamp":1535062737,"path_taken":["M","?","M","M","?","E","M","M","T","M","R","?","M","?","R","BOSS","M","M","?","?","M","E","R","M","T","M","?","$","?","?","R","BOSS","M","M","?","$","M","R","M","R","T","R","M","R","?","E","R","BOSS"],"build_version":"2018-08-16","purchased_purges":1,"victory":true,"max_hp_per_floor":[70,70,70,70,70,70,70,70,70,70,70,70,70,70,70,70,70,70,70,70,70,70,70,70,70,70,70,70,70,70,70,70,70,70,70,70,70,70,70,70,70,70,70,70,70,70,70,70,70,70],"card_choices":[{"not_picked":["Poisoned Stab","Slice"],"picked":"Dodge and Roll","floor":1.0},{"not_picked":["Dagger Throw","Underhanded Strike","Acrobatics"],"picked":"SKIP","floor":3.0},{"not_picked":["Deflect","Blade Dance"],"picked":"Bane","floor":4.0},{"not_picked":["Choke","Blade Dance"],"picked":"Die Die Die","floor":6.0},{"not_picked":["Dodge and Roll","Deadly Poison"],"picked":"Poisoned Stab","floor":7.0},{"not_picked":["Outmaneuver","Prepared"],"picked":"Venomology","floor":8.0},{"not_picked":["Choke","Endless Agony"],"picked":"Footwork+1","floor":10.0},{"not_picked":["All Out Attack","Outmaneuver"],"picked":"Catalyst","floor":13.0},{"not_picked":["Blur","Flying Knee"],"picked":"Bouncing Flask","floor":14.0},{"not_picked":["Wraith Form v2+1","Burst"],"picked":"Adrenaline","floor":16.0},{"not_picked":["Acrobatics","Dagger Spray+1","Prepared"],"picked":"SKIP","floor":18.0},{"not_picked":["Heel Hook","Bane+1"],"picked":"Bouncing Flask+1","floor":19.0},{"not_picked":["Sucker Punch","Deflect+1"],"picked":"Blade Dance+1","floor":22.0},{"not_picked":["Deadly Poison","Dagger Spray"],"picked":"Catalyst","floor":23.0},{"not_picked":["Tactician","Dagger Spray","Dagger Throw"],"picked":"SKIP","floor":25.0},{"not_picked":["Riddle With Holes","Heel Hook"],"picked":"Catalyst","floor":27.0},{"not_picked":["Dagger Throw","Caltrops+1"],"picked":"Bullet Time","floor":30.0},{"not_picked":["Flechettes","Skewer"],"picked":"PiercingWail+1","floor":31.0},{"not_picked":["Bullet Time","Venomology"],"picked":"After Image+1","floor":33.0},{"not_picked":["Escape Plan","Prepared+1"],"picked":"Backflip+1","floor":35.0},{"not_picked":["Quick Slash","Escape Plan"],"picked":"Acrobatics","floor":36},{"not_picked":["Deadly Poison","Riddle With Holes+1","Prepared+1"],"picked":"SKIP","floor":39},{"not_picked":["Reflex","Flying Knee","Slice+1"],"picked":"SKIP","floor":41},{"not_picked":["Slice","Prepared+1"],"picked":"Well Laid Plans+1","floor":45},{"not_picked":["Blade Dance","Acrobatics","Tools of the Trade+1"],"picked":"SKIP","floor":48}],"player_experience":26664,"relics_obtained":[{"floor":6.0,"key":"Frozen Egg 2"},{"floor":9.0,"key":"Letter Opener"},{"floor":23.0,"key":"Tiny Chest"},{"floor":26.0,"key":"Mummified Hand"},{"floor":28.0,"key":"Old Coin"},{"floor":31.0,"key":"Red Mask"},{"floor":43,"key":"Boot"},{"floor":48,"key":"Ornamental Fan"}],"event_choices":[{"event_name":"WeMeetAgain","player_choice":"Card","floor":2.0,"damage_taken":0.0},{"event_name":"The Cleric","player_choice":"Card Removal","floor":5.0,"damage_taken":0.0},{"event_name":"Golden Idol","player_choice":"Take Wound","floor":12.0,"damage_taken":0.0},{"event_name":"Addict","player_choice":"Obtained Relic","floor":20.0,"damage_taken":0.0},{"event_name":"Upgrade Shrine","player_choice":"Upgraded","floor":21.0,"damage_taken":0.0},{"event_name":"Masked Bandits","player_choice":"Fought Bandits","floor":31.0,"damage_taken":0.0},{"event_name":"Purifier","player_choice":"One Purge","floor":37,"damage_taken":0}],"is_beta":false,"boss_relics":[{"not_picked":["Calling Bell","Fusion Hammer"],"picked":"White Beast Statue"},{"not_picked":["Tiny House","Orrery"],"picked":"Astrolabe"}],"items_purged_floors":[29],"is_endless":false,"potions_floor_spawned":[3,7,10,13,14,18,19,22,23,25,27,30,31,33,35,36,39,41,45,48],"ascension_level":2}