{"gold_per_floor":[113,133,153,153,171,211,211,236,288,288,327,327,362,32,32,128,128,148,148,106,126,31,31,71,83,95,120,132,144,156],"floor_reached":30,"playtime":1421,"items_purged":["Strike_B"],"score":517,"play_id":"3f235578-56f9-4a78-a970-17f79e51eb6c","local_time":"20190526134601","is_ascension_mode":true,"campfire_choices":[{"floor":7.0,"key":"REST"},{"floor":10.0,"key":"REST"},{"data":"Capacitor","floor":15,"key":"SMITH"},{"floor":23,"key":"REST"},{"data":"White Noise","floor":25,"key":"SMITH"},{"floor":28,"key":"REST"}],"neow_cost":"NONE","seed_source_timestamp":330994148383142,"circlet_count":0,"master_deck":["AscendersBane","Strike_B","Strike_B","Strike_B","Defend_B","Defend_B","Defend_B","Defend_B","Zap","Dualcast","Go for the Eyes","Gash","Cold Snap","Ball Lightning","Cold Snap","Consume","White Noise+1","Capacitor+1","The Bomb","Seek","Gash","Loop","Gash","Consume","Cold Snap","Cold Snap","Decay","Loop","Panacea","Flash of Steel","Impatience"],"special_seed":0,"relics":["Runic Pyramid","Golden Idol","Ice Cream","Regal Pillow","Matryoshka","Juzu Bracelet","Cursed Key","MawBank","Lantern","Bottled Lightning"],"potions_floor_usage":[24,24],"damage_taken":[{"damage":4.0,"enemies":"Jaw Worm","floor":1.0,"turns":4.0},{"damage":5.0,"enemies":"2 Louse","floor":2.0,"turns":3.0},{"damage":1.0,"enemies":"Cultist","floor":3.0,"turns":4.0},{"damage":27.0,"enemies":"Lots of Slimes","floor":5.0,"turns":6.0},{"damage":18.0,"enemies":"Lagavulin","floor":6.0,"turns":7.0},{"damage":3.0,"enemies":"Gremlin Gang","floor":8.0,"turns":4.0},{"damage":16.0,"enemies":"3 Sentries","floor":11.0,"turns":7.0},{"damage":1,"enemies":"Lagavulin","floor":13,"turns":6},{"damage":9,"enemies":"Hexaghost","floor":16,"turns":9},{"damage":12,"enemies":"3 Byrds","floor":18,"turns":3},{"damage":35,"enemies":"Shell Parasite","floor":21,"turns":5},{"damage":28,"enemies":"Book of Stabbing","floor":24,"turns":7},{"damage":21,"enemies":"Centurion and Healer","floor":27,"turns":6},{"damage":35,"enemies":"Gremlin Leader","floor":30,"turns":1}],"seed_played":"-3245653853238621459","potions_obtained":[{"floor":6.0,"key":"EntropicBrew"},{"floor":8.0,"key":"FocusPotion"},{"floor":13,"key":"Fire Potion"},{"floor":21,"key":"Weak Potion"},{"floor":24,"key":"Dexterity Potion"}],"is_trial":false,"path_per_floor":["M","M","M","?","M","E","R","M","T","R","E","?","E","$","R","B",null,"M","?","$","M","$","R","E","R","T","M","R","?","E"],"character_chosen":"DEFECT","items_purchased":["Capacitor","The Bomb","Loop","Consume","Cold Snap"],"campfire_rested":4,"item_purchase_floors":[14,14,20,22,22],"current_hp_per_floor":[60,55,54,54,27,9,28,25,25,59,43,43,42,42,42,33,56,44,74,74,39,39,74,46,46,46,25,62,34,0],"gold":156,"neow_bonus":"BOSS_RELIC","is_prod":false,"is_daily":false,"chose_seed":false,"campfire_upgraded":2,"win_rate":0,"timestamp":1558903561,"path_taken":["M","M","M","?","M","E","R","M","T","R","E","?","E","?","R","BOSS","M","?","?","M","$","R","E","R","T","M","R","?","E"],"build_version":"2019-01-23","purchased_purges":1,"victory":false,"max_hp_per_floor":[71,71,71,64,64,64,64,64,64,64,64,64,64,64,64,64,64,64,74,74,74,74,74,74,74,74,74,74,74,74],"card_choices":[{"not_picked":["Rebound","Beam Cell"],"picked":"Go for the Eyes","floor":1.0},{"not_picked":["Rip and Tear","Stack"],"picked":"Gash","floor":2.0},{"not_picked":["Steam","Streamline"],"picked":"Cold Snap","floor":3.0},{"not_picked":["Leap","Lockon"],"picked":"Ball Lightning","floor":5.0},{"not_picked":["Beam Cell","Blizzard"],"picked":"Cold Snap","floor":6.0},{"not_picked":["Hologram","Self Repair"],"picked":"Consume","floor":8.0},{"not_picked":["Undo","Stack"],"picked":"Rainbow","floor":11.0},{"not_picked":["Ball Lightning","Chill"],"picked":"White Noise","floor":13},{"not_picked":["Meteor Strike","All For One"],"picked":"Seek","floor":16},{"not_picked":["Steam Power","Rebound"],"picked":"Gash","floor":18},{"not_picked":["Redo","Melter"],"picked":"Gash","floor":21},{"not_picked":["Hyperbeam","Gash"],"picked":"Cold Snap","floor":24},{"not_picked":["Consume","Turbo"],"picked":"Loop","floor":27}],"player_experience":734204,"relics_obtained":[{"floor":6.0,"key":"Ice Cream"},{"floor":9.0,"key":"Regal Pillow"},{"floor":11.0,"key":"Matryoshka"},{"floor":13,"key":"Juzu Bracelet"},{"floor":24,"key":"MawBank"},{"floor":26,"key":"Lantern"},{"floor":26,"key":"Bottled Lightning"}],"event_choices":[{"damage_healed":0.0,"max_hp_gain":0.0,"max_hp_loss":7.0,"gold_gain":0.0,"event_name":"Golden Idol","player_choice":"Lose Max HP","floor":4.0,"gold_loss":0.0,"damage_taken":0.0,"relics_obtained":["Golden Idol"]},{"damage_healed":0,"gold_gain":0,"player_choice":"Fled","damage_taken":0,"max_hp_gain":0,"max_hp_loss":0,"event_name":"Scrap Ooze","floor":12,"gold_loss":0},{"cards_removed":["Rainbow"],"damage_healed":20,"gold_gain":0,"player_choice":"Offered Rare","damage_taken":0,"max_hp_gain":10,"max_hp_loss":0,"event_name":"Bonfire Elementals","floor":19,"gold_loss":0},{"damage_healed":0,"gold_gain":0,"player_choice":"CARD CARD CARD ","damage_taken":28,"max_hp_gain":0,"max_hp_loss":0,"event_name":"Knowing Skull","floor":29,"potions_obtained":[],"gold_loss":0,"cards_obtained":["Panacea","Flash of Steel","Impatience"]}],"is_beta":false,"boss_relics":[{"not_picked":["Lizard Tail","Coffee Dripper"],"picked":"Cursed Key"}],"items_purged_floors":[14],"is_endless":false,"potions_floor_spawned":[6,8,13,16,21,24],"killed_by":"Gremlin Leader","ascension_level":17}