{"gold_per_floor":[117,129,2,2,13,40,40,65,134,153,153,182,182,2,2,98,98,114,214,214,229,246,279,279,4,4,4,4,4,21,32,32,136,136,155,167,11,11],"floor_reached":38,"playtime":3371,"items_purged":["Strike_B","Strike_B"],"score":443,"play_id":"bc834b4e-1bd4-4d74-8d2b-1151ef66680b","local_time":"20181026003706","is_ascension_mode":true,"campfire_choices":[{"data":"Zap","floor":7,"key":"SMITH"},{"floor":11,"key":"REST"},{"floor":15,"key":"REST"},{"floor":24,"key":"REST"},{"floor":29,"key":"REST"},{"floor":32,"key":"REST"}],"neow_cost":"NONE","seed_source_timestamp":0,"circlet_count":0,"master_deck":["Defend_B","Defend_B","Defend_B","Zap+1","Dualcast","Double Energy+1","FTL","Conserve Battery+1","Static Discharge","Ball Lightning","Sweeping Beam","Cold Snap","Sunder","Capacitor","Electrodynamics","Barrage","Tempest","White Noise","Force Field","Auto Shields","Sweeping Beam+1","Core Surge","Conserve Battery+1","Chaos+1","Defragment","Coolheaded+1","Sunder+1","Darkness+1","Reprogram+1"],"special_seed":0,"relics":["Cracked Core","Happy Flower","Calipers","War Paint","The Courier","Odd Mushroom","Orrery","Gremlin Horn","Bottled Flame","Pantograph","Astrolabe","Bag of Preparation"],"potions_floor_usage":[8,22,22,27,38,38],"damage_taken":[{"damage":1,"enemies":"Jaw Worm","floor":1,"turns":3},{"damage":0,"enemies":"2 Louse","floor":2,"turns":2},{"damage":3,"enemies":"Small Slimes","floor":5,"turns":2},{"damage":19,"enemies":"Gremlin Nob","floor":6,"turns":4},{"damage":26,"enemies":"3 Sentries","floor":8,"turns":5},{"damage":16,"enemies":"Exordium Thugs","floor":10,"turns":3},{"damage":8,"enemies":"The Mushroom Lair","floor":12,"turns":3},{"damage":31,"enemies":"The Guardian","floor":16,"turns":10},{"damage":14,"enemies":"Spheric Guardian","floor":18,"turns":5},{"damage":5,"enemies":"Chosen","floor":21,"turns":3},{"damage":9,"enemies":"Snake Plant","floor":22,"turns":3},{"damage":28,"enemies":"Slavers","floor":23,"turns":3},{"damage":16,"enemies":"Book of Stabbing","floor":27,"turns":2},{"damage":10,"enemies":"Shelled Parasite and Fungi","floor":30,"turns":4},{"damage":11,"enemies":"Sentry and Sphere","floor":31,"turns":6},{"damage":45,"enemies":"Champ","floor":33,"turns":11},{"damage":17,"enemies":"Orb Walker","floor":35,"turns":4},{"damage":54,"enemies":"3 Darklings","floor":36,"turns":6},{"damage":15,"enemies":"Transient","floor":38,"turns":5}],"seed_played":"7032832751357563623","potions_obtained":[{"floor":6,"key":"Dexterity Potion"},{"floor":12,"key":"SteroidPotion"},{"floor":20,"key":"Energy Potion"},{"floor":20,"key":"SmokeBomb"},{"floor":20,"key":"Fire Potion"},{"floor":36,"key":"Swift Potion"}],"is_trial":false,"path_per_floor":["M","M","$","?","M","E","R","E","T","M","R","?","?","$","R","B",null,"M","?","?","M","M","E","R","$","T","E","$","R","M","M","R","B",null,"M","M","$"],"character_chosen":"DEFECT","items_purchased":["FTL","Conserve Battery","Sunder","Capacitor","Bottled Flame","Bag of Preparation","SkillPotion"],"campfire_rested":5,"item_purchase_floors":[3,3,14,14,25,37,37],"current_hp_per_floor":[74,74,74,67,64,45,45,19,19,3,25,17,17,17,39,8,75,61,61,61,56,47,19,41,41,41,25,25,47,37,26,48,28,75,58,4,4,0],"gold":11,"neow_bonus":"RANDOM_COMMON_RELIC","is_prod":false,"is_daily":false,"chose_seed":false,"campfire_upgraded":1,"win_rate":0,"timestamp":1540507026,"path_taken":["M","M","$","?","M","E","R","E","T","?","R","?","?","$","R","BOSS","M","?","?","M","?","E","R","$","T","E","?","R","M","M","R","BOSS","M","M","$","M"],"build_version":"2018-10-18","purchased_purges":2,"victory":false,"max_hp_per_floor":[75,75,75,75,75,75,75,75,75,75,75,75,75,75,75,75,75,75,75,75,75,75,75,75,75,75,75,75,75,75,75,75,75,75,75,75,75,75],"card_choices":[{"not_picked":["Compile Driver","Consume"],"picked":"Double Energy","floor":1},{"not_picked":["Hologram","Stack"],"picked":"Streamline","floor":2},{"not_picked":["Storm","Rebound"],"picked":"Static Discharge","floor":5},{"not_picked":["Rebound","Streamline"],"picked":"Ball Lightning","floor":6},{"not_picked":["Streamline","Reboot"],"picked":"Chaos","floor":8},{"not_picked":["Cold Snap","Turbo"],"picked":"Sweeping Beam","floor":10},{"not_picked":["Scrape","Stack"],"picked":"Cold Snap","floor":12},{"not_picked":["Reboot","Amplify"],"picked":"Electrodynamics","floor":16},{"not_picked":["Lockon","FTL"],"picked":"Barrage","floor":17},{"not_picked":["Capacitor","Cold Snap"],"picked":"Tempest","floor":17},{"not_picked":["Conserve Battery","Streamline"],"picked":"White Noise","floor":17},{"not_picked":["Chaos","Rebound"],"picked":"Force Field","floor":17},{"not_picked":["Hologram","Glacier"],"picked":"Auto Shields","floor":17},{"not_picked":["Hologram+1","Aggregate"],"picked":"Sweeping Beam+1","floor":18},{"not_picked":["Cold Snap","Redo"],"picked":"Core Surge","floor":21},{"not_picked":["Sunder","Undo"],"picked":"Conserve Battery+1","floor":22},{"not_picked":["Rip and Tear","Force Field+1","Biased Cognition"],"picked":"SKIP","floor":23},{"not_picked":["Ball Lightning","Glacier"],"picked":"Chaos+1","floor":30},{"not_picked":["Hologram","Storm+1"],"picked":"Defragment","floor":31},{"not_picked":["Sweeping Beam","Storm+1"],"picked":"Reprogram+1","floor":35},{"not_picked":["Ball Lightning","Conserve Battery","Reinforced Body"],"picked":"SKIP","floor":36}],"player_experience":155235,"relics_obtained":[{"floor":6,"key":"Calipers"},{"floor":8,"key":"War Paint"},{"floor":9,"key":"The Courier"},{"floor":12,"key":"Odd Mushroom"},{"floor":23,"key":"Gremlin Horn"},{"floor":26,"key":"Pantograph"}],"event_choices":[{"cards_removed":["Strike_B"],"damage_healed":0,"gold_gain":0,"player_choice":"Card Removal","damage_taken":7,"max_hp_gain":0,"max_hp_loss":0,"event_name":"Golden Wing","floor":4,"gold_loss":0},{"damage_healed":0,"gold_gain":0,"player_choice":"Fought Mushrooms","damage_taken":0,"max_hp_gain":0,"max_hp_loss":0,"event_name":"Mushrooms","floor":12,"gold_loss":0},{"cards_removed":["Strike_B"],"damage_healed":0,"gold_gain":0,"player_choice":"Offered Basic","damage_taken":0,"max_hp_gain":0,"max_hp_loss":0,"event_name":"Bonfire Elementals","floor":13,"gold_loss":0},{"damage_healed":0,"gold_gain":100,"player_choice":"Pray","damage_taken":0,"max_hp_gain":0,"max_hp_loss":0,"event_name":"Golden Shrine","floor":19,"gold_loss":0},{"damage_healed":0,"gold_gain":0,"player_choice":"Got Potions","damage_taken":0,"max_hp_gain":0,"max_hp_loss":0,"event_name":"The Lab","floor":20,"gold_loss":0}],"is_beta":false,"boss_relics":[{"not_picked":["Pandora\u0027s Box","Velvet Choker"],"picked":"Orrery"},{"not_picked":["Coffee Dripper","Cursed Key"],"picked":"Astrolabe"}],"items_purged_floors":[14,25],"is_endless":false,"potions_floor_spawned":[6,12,21,27,36],"killed_by":"Transient","ascension_level":1}