{"gold_per_floor":[361,57,72,87,87,87,113,288,288,34,44,44,55,66,66,170,220,230,249,164,164,179,179,196,196,196,196,226,243,243],"floor_reached":30,"playtime":2334,"items_purged":["Doubt"],"score":302,"play_id":"1dee156d-3d35-41cc-bf0a-55d742bda5e5","local_time":"20190408144712","is_ascension_mode":true,"campfire_choices":[{"floor":6.0,"key":"RECALL"},{"floor":15.0,"key":"REST"},{"floor":23.0,"key":"REST"},{"floor":25.0,"key":"REST"},{"data":"Armaments","floor":27.0,"key":"SMITH"}],"neow_cost":"PERCENT_DAMAGE","seed_source_timestamp":3868597146244764,"circlet_count":0,"master_deck":["Strike_R","Strike_R","Strike_R","Strike_R","Strike_R","Defend_R+1","Defend_R","Defend_R","Defend_R","Bash","Infernal Blade","Rage+1","Cleave","Anger","Metallicize","Armaments+1","Anger","Inflame","Perfected Strike+1","Feed","Shrug It Off","Heavy Blade","Rampage+1","Iron Wave","Fire Breathing","RitualDagger","Heavy Blade+1","Iron Wave","Corruption+1","True Grit","Fire Breathing+1"],"special_seed":0,"relics":["Burning Blood","Unceasing Top","Kunai","Dream Catcher","Tiny House","Bottled Flame","Sundial"],"potions_floor_usage":[29,29],"damage_taken":[{"damage":0.0,"enemies":"Small Slimes","floor":1.0,"turns":3.0},{"damage":4.0,"enemies":"Jaw Worm","floor":3.0,"turns":4.0},{"damage":0.0,"enemies":"Cultist","floor":4.0,"turns":3.0},{"damage":57.0,"enemies":"3 Sentries","floor":7.0,"turns":13.0},{"damage":7.0,"enemies":"Exordium Wildlife","floor":11.0,"turns":5.0},{"damage":0.0,"enemies":"Blue Slaver","floor":13.0,"turns":2.0},{"damage":0.0,"enemies":"Looter","floor":14.0,"turns":3.0},{"damage":35.0,"enemies":"Hexaghost","floor":16.0,"turns":10.0},{"damage":19.0,"enemies":"Spheric Guardian","floor":18.0,"turns":5.0},{"damage":18.0,"enemies":"Chosen","floor":19.0,"turns":5.0},{"damage":28.0,"enemies":"Snecko","floor":22.0,"turns":7.0},{"damage":24.0,"enemies":"Snake Plant","floor":24.0,"turns":3.0},{"damage":32.0,"enemies":"Book of Stabbing","floor":28.0,"turns":6.0},{"damage":20,"enemies":"Cultist and Chosen","floor":29,"turns":8},{"damage":42,"enemies":"Slavers","floor":30,"turns":3}],"seed_played":"8160617772899664729","potions_obtained":[{"floor":1.0,"key":"SpeedPotion"},{"floor":7.0,"key":"Ancient Potion"},{"floor":11.0,"key":"Energy Potion"},{"floor":13.0,"key":"Weak Potion"},{"floor":17.0,"key":"Dexterity Potion"},{"floor":18.0,"key":"Ancient Potion"},{"floor":28.0,"key":"EssenceOfSteel"}],"is_trial":false,"path_per_floor":["M","$","M","M","?","R","E","?","T","$","M","?","M","M","R","B",null,"M","M","$","?","M","R","M","R","T","R","E","M","E"],"character_chosen":"IRONCLAD","items_purchased":["Unceasing Top","Metallicize","Dream Catcher","Iron Wave","Fire Breathing"],"campfire_rested":3,"item_purchase_floors":[2,10,10,20,20],"current_hp_per_floor":[62,62,64,70,75,75,24,24,24,24,23,6,12,18,43,14,90,77,65,65,59,37,64,46,73,73,73,47,33,0],"gold":243,"neow_bonus":"TWO_FIFTY_GOLD","is_prod":false,"is_daily":false,"chose_seed":false,"campfire_upgraded":1,"win_rate":0,"timestamp":1554760032,"path_taken":["M","$","M","M","?","R","E","?","T","?","?","?","M","M","R","BOSS","M","M","$","?","M","R","M","R","T","R","E","M","E"],"build_version":"2019-01-23","purchased_purges":1,"victory":false,"max_hp_per_floor":[80,80,80,80,85,85,85,85,85,85,85,85,85,85,85,85,90,90,90,90,90,90,90,90,90,90,90,90,90,90],"card_choices":[{"not_picked":["Body Slam","Intimidate"],"picked":"Infernal Blade","floor":1.0},{"not_picked":["Armaments","Battle Trance"],"picked":"Rage","floor":3.0},{"not_picked":["Second Wind","Entrench"],"picked":"Cleave","floor":4.0},{"not_picked":["Berserk","Sever Soul"],"picked":"Anger","floor":7.0},{"not_picked":["Wild Strike","Anger"],"picked":"Armaments","floor":11.0},{"not_picked":["Sentinel","Pummel"],"picked":"Anger","floor":13.0},{"not_picked":["Feel No Pain","Perfected Strike"],"picked":"Inflame","floor":14.0},{"not_picked":["Battle Trance","Rupture"],"picked":"Perfected Strike","floor":15.0},{"not_picked":["Brutality","Fiend Fire"],"picked":"Feed","floor":16.0},{"not_picked":["Flex","Rampage"],"picked":"Shrug It Off","floor":17.0},{"not_picked":["Cleave","Sword Boomerang"],"picked":"Heavy Blade","floor":18.0},{"not_picked":["Pommel Strike","Entrench"],"picked":"Rampage+1","floor":19.0},{"not_picked":["Wild Strike","Fire Breathing","Whirlwind"],"picked":"SKIP","floor":22.0},{"not_picked":["Sentinel","Feed"],"picked":"Heavy Blade+1","floor":23.0},{"not_picked":["Body Slam","Wild Strike+1"],"picked":"Iron Wave","floor":24.0},{"not_picked":["Shrug It Off","Rampage"],"picked":"Corruption+1","floor":25.0},{"not_picked":["Twin Strike","Seeing Red"],"picked":"True Grit","floor":28.0},{"not_picked":["Cleave","Shockwave"],"picked":"Fire Breathing+1","floor":29}],"player_experience":373671,"relics_obtained":[{"floor":7.0,"key":"Kunai"},{"floor":26.0,"key":"Bottled Flame"},{"floor":28.0,"key":"Sundial"}],"event_choices":[{"damage_healed":0.0,"max_hp_gain":5.0,"max_hp_loss":0.0,"gold_gain":0.0,"event_name":"Big Fish","player_choice":"Donut","floor":5.0,"gold_loss":0.0,"damage_taken":0.0},{"damage_healed":0.0,"max_hp_gain":0.0,"max_hp_loss":0.0,"gold_gain":175.0,"event_name":"Liars Game","player_choice":"AGREE","floor":8.0,"gold_loss":0.0,"damage_taken":0.0,"cards_obtained":["Doubt"]},{"damage_healed":0.0,"max_hp_gain":0.0,"max_hp_loss":0.0,"gold_gain":0.0,"event_name":"Shining Light","player_choice":"Entered Light","floor":12.0,"gold_loss":0.0,"damage_taken":17.0,"cards_upgraded":["Defend_R","Rage"]},{"damage_healed":0.0,"max_hp_gain":0.0,"max_hp_loss":0.0,"gold_gain":0.0,"event_name":"Nest","player_choice":"Joined the Cult","floor":21.0,"gold_loss":0.0,"damage_taken":6.0,"cards_obtained":["RitualDagger"]}],"is_beta":false,"boss_relics":[{"not_picked":["Runic Cube","White Beast Statue"],"picked":"Tiny House"}],"items_purged_floors":[10],"is_endless":false,"potions_floor_spawned":[1,7,11,13,18,28],"killed_by":"Slavers","ascension_level":4}