{"gold_per_floor":[109,120,120,120,120,150,112,123,123,137,149,174,174,194,194,293,293,306,326,127,140,157,157,192,192,192,204,204,304,304,255,255,255],"floor_reached":33,"playtime":2230,"items_purged":[],"score":352,"play_id":"d4814d9d-3e67-494d-9cac-2779b70fdd0c","local_time":"20190603200956","is_ascension_mode":false,"campfire_choices":[{"floor":15,"key":"RECALL"},{"floor":23,"key":"REST"},{"data":"Double Tap","floor":32,"key":"SMITH"}],"neow_cost":"NONE","seed_source_timestamp":35662575764498,"circlet_count":0,"master_deck":["Strike_R","Strike_R","Strike_R","Strike_R","Strike_R","Defend_R","Defend_R","Defend_R","Bash","Whirlwind","Thunderclap","Armaments","Double Tap+1","Feel No Pain","Perfected Strike","Twin Strike","Twin Strike","Pommel Strike","Disarm+1","Fiend Fire","Pommel Strike+1","Cleave","Blood for Blood","Wild Strike","Armaments+1","Heavy Blade","Flex+1","Double Tap+1","Armaments+1"],"relics":["Burning Blood","NeowsBlessing","Potion Belt","Toxic Egg 2","Lantern","Philosopher\u0027s Stone","Brimstone","Mango","Pear","Bag of Preparation","Girya","Question Card"],"potions_floor_usage":[22,33],"damage_taken":[{"damage":0,"enemies":"Cultist","floor":1,"turns":1},{"damage":0,"enemies":"Jaw Worm","floor":2,"turns":1},{"damage":0,"enemies":"Gremlin Nob","floor":6,"turns":1},{"damage":5,"enemies":"Small Slimes","floor":8,"turns":3},{"damage":10,"enemies":"Looter","floor":10,"turns":3},{"damage":18,"enemies":"2 Fungi Beasts","floor":11,"turns":3},{"damage":31,"enemies":"Lagavulin","floor":12,"turns":5},{"damage":0,"enemies":"Large Slime","floor":14,"turns":3},{"damage":58,"enemies":"The Guardian","floor":16,"turns":11},{"damage":33,"enemies":"Spheric Guardian","floor":18,"turns":4},{"damage":10,"enemies":"3 Byrds","floor":19,"turns":4},{"damage":13,"enemies":"Sentry and Sphere","floor":21,"turns":3},{"damage":29,"enemies":"Centurion and Healer","floor":22,"turns":4},{"damage":0,"enemies":"Gremlin Leader","floor":24,"turns":4},{"damage":3,"enemies":"Cultist and Chosen","floor":27,"turns":4},{"damage":29,"enemies":"Colosseum Slavers","floor":29,"turns":2},{"damage":4,"enemies":"Colosseum Nobs","floor":29,"turns":2},{"damage":72,"enemies":"Automaton","floor":33,"turns":4}],"seed_played":"2900172263656023115","potions_obtained":[{"floor":1,"key":"Dexterity Potion"},{"floor":8,"key":"Ancient Potion"},{"floor":11,"key":"Fruit Juice"},{"floor":14,"key":"Regen Potion"},{"floor":19,"key":"EssenceOfSteel"},{"floor":22,"key":"Fire Potion"}],"is_trial":false,"path_per_floor":["M","M","?","$","T","E","$","M","T","M","M","E","?","M","R","B",null,"M","M","$","M","M","R","E","?","T","M","?","?","?","$","R","B"],"character_chosen":"IRONCLAD","items_purchased":["Feel No Pain","Brimstone","Armaments+1"],"campfire_rested":1,"item_purchase_floors":[7,20,31],"current_hp_per_floor":[80,80,80,80,80,80,80,80,80,76,64,39,65,71,71,19,80,53,49,49,42,24,49,69,69,79,82,82,61,61,61,61,0],"gold":255,"neow_bonus":"THREE_ENEMY_KILL","is_prod":false,"is_daily":false,"chose_seed":false,"campfire_upgraded":1,"win_rate":0,"timestamp":1559606996,"path_taken":["M","M","?","$","?","E","?","?","T","M","M","E","?","M","R","BOSS","M","M","$","M","M","R","E","?","T","M","?","?","?","$","R","BOSS"],"build_version":"2019-01-23","purchased_purges":0,"victory":false,"max_hp_per_floor":[80,80,80,80,80,80,80,80,80,80,80,80,80,80,80,80,80,80,80,80,80,85,85,99,99,109,109,109,109,109,109,109,109],"card_choices":[{"not_picked":["Inflame","Warcry"],"picked":"Whirlwind","floor":1},{"not_picked":["Clash","Armaments"],"picked":"Thunderclap","floor":2},{"not_picked":["Headbutt","Warcry"],"picked":"Double Tap","floor":6},{"not_picked":["Inflame","Wild Strike"],"picked":"Perfected Strike","floor":8},{"not_picked":["Rampage","Disarm+1"],"picked":"Twin Strike","floor":10},{"not_picked":["Heavy Blade","Clothesline"],"picked":"Twin Strike","floor":11},{"not_picked":["Clothesline","Carnage"],"picked":"Pommel Strike","floor":12},{"not_picked":["True Grit+1","Reckless Charge"],"picked":"Disarm+1","floor":14},{"not_picked":["Juggernaut","Feed"],"picked":"Fiend Fire","floor":16},{"not_picked":["Flame Barrier+1","Evolve"],"picked":"Pommel Strike+1","floor":18},{"not_picked":["Sword Boomerang","Clash"],"picked":"Cleave","floor":19},{"not_picked":["Iron Wave","Rupture+1"],"picked":"Blood for Blood","floor":21},{"not_picked":["Sever Soul","Anger+1"],"picked":"Wild Strike","floor":22},{"not_picked":["Sword Boomerang","Flex+1"],"picked":"Armaments+1","floor":24},{"not_picked":["Iron Wave","Thunderclap"],"picked":"Heavy Blade","floor":27},{"not_picked":["Shrug It Off+1","Thunderclap"],"picked":"Flex+1","floor":29}],"player_experience":60575,"relics_obtained":[{"floor":6,"key":"Potion Belt"},{"floor":9,"key":"Toxic Egg 2"},{"floor":12,"key":"Lantern"},{"floor":24,"key":"Mango"},{"floor":26,"key":"Pear"},{"floor":29,"key":"Girya"},{"floor":29,"key":"Question Card"}],"event_choices":[{"damage_healed":0,"gold_gain":0,"cards_transformed":["Defend_R"],"player_choice":"Transformed","damage_taken":0,"max_hp_gain":0,"max_hp_loss":0,"event_name":"Transmorgrifier","floor":3,"gold_loss":0,"cards_obtained":["Armaments"]},{"damage_healed":26,"gold_gain":0,"player_choice":"Banana","damage_taken":0,"max_hp_gain":0,"max_hp_loss":0,"event_name":"Big Fish","floor":13,"gold_loss":0},{"damage_healed":0,"gold_gain":0,"player_choice":"Ignored","damage_taken":0,"max_hp_gain":0,"max_hp_loss":0,"event_name":"Beggar","floor":25,"gold_loss":0},{"damage_healed":0,"gold_gain":0,"player_choice":"Opened","damage_taken":0,"relics_obtained":["Bag of Preparation"],"max_hp_gain":0,"max_hp_loss":0,"event_name":"The Mausoleum","floor":28,"gold_loss":0},{"damage_healed":0,"gold_gain":0,"player_choice":"Fight","damage_taken":0,"max_hp_gain":0,"max_hp_loss":0,"event_name":"Colosseum","floor":29,"gold_loss":0},{"damage_healed":0,"gold_gain":0,"player_choice":"Fought Nobs","damage_taken":0,"max_hp_gain":0,"max_hp_loss":0,"event_name":"Colosseum","floor":29,"gold_loss":0},{"damage_healed":0,"gold_gain":0,"player_choice":"Read","damage_taken":0,"max_hp_gain":0,"max_hp_loss":0,"event_name":"The Library","floor":30,"gold_loss":0,"cards_obtained":["Double Tap"]}],"is_beta":false,"boss_relics":[{"not_picked":["Tiny House","Calling Bell"],"picked":"Philosopher\u0027s Stone"}],"items_purged_floors":[],"is_endless":false,"potions_floor_spawned":[1,8,11,14,19,22,24,29,29],"killed_by":"Automaton","ascension_level":0}