{"gold_per_floor":[12,12,28,28,47,47,73,148,205,220,147,76,93,124,124,124],"floor_reached":16,"playtime":977,"items_purged":[],"score":193,"play_id":"212a5485-8648-4fe4-82db-3c0d2f866bd0","local_time":"20190607060146","is_ascension_mode":true,"campfire_choices":[{"floor":6.0,"key":"REST"},{"floor":15,"key":"REST"}],"neow_cost":"NO_GOLD","seed_source_timestamp":262934312209000,"circlet_count":0,"master_deck":["AscendersBane","Defend_G","Defend_G","Defend_G","Defend_G","Defend_G","Strike_G","Strike_G","Strike_G","Strike_G","Strike_G+1","Survivor","Neutralize+1","Leg Sweep","Prepared","Prepared","A Thousand Cuts","Sucker Punch","Well Laid Plans","Infinite Blades","Backflip","Poisoned Stab"],"special_seed":0,"relics":["Ring of the Snake","Turnip","Vajra","Tiny Chest","Blood Vial"],"potions_floor_usage":[7,14,14],"damage_taken":[{"damage":13.0,"enemies":"Cultist","floor":1.0,"turns":5.0},{"damage":5.0,"enemies":"2 Louse","floor":3.0,"turns":3.0},{"damage":0.0,"enemies":"Small Slimes","floor":5.0,"turns":3.0},{"damage":17,"enemies":"Lagavulin","floor":7,"turns":9},{"damage":5,"enemies":"Blue Slaver","floor":10,"turns":5},{"damage":0,"enemies":"Exordium Wildlife","floor":13,"turns":4},{"damage":2,"enemies":"3 Sentries","floor":14,"turns":9},{"damage":30,"enemies":"Slime Boss","floor":16,"turns":12}],"seed_played":"7439320006493439496","potions_obtained":[{"floor":1.0,"key":"PowerPotion"},{"floor":2.0,"key":"GhostInAJar"},{"floor":7,"key":"SpeedPotion"},{"floor":10,"key":"GhostInAJar"}],"is_trial":false,"path_per_floor":["M","?","M","?","M","R","E","?","T","M","$","$","M","E","R","B"],"character_chosen":"THE_SILENT","items_purchased":["Well Laid Plans","Infinite Blades"],"campfire_rested":2,"item_purchase_floors":[11,12],"current_hp_per_floor":[46,46,41,21,21,40,23,12,12,7,7,7,7,5,24,0],"gold":124,"neow_bonus":"ONE_RARE_RELIC","is_prod":false,"is_daily":false,"chose_seed":false,"campfire_upgraded":0,"win_rate":0,"timestamp":1559912506,"path_taken":["M","?","?","?","M","R","E","?","T","M","?","$","M","E","R","BOSS"],"build_version":"2019-01-23","purchased_purges":0,"victory":false,"max_hp_per_floor":[66,66,66,66,66,66,66,66,66,66,66,66,66,66,66,66],"card_choices":[{"not_picked":["Caltrops","Tactician"],"picked":"Leg Sweep","floor":1.0},{"not_picked":["All Out Attack","Flechettes"],"picked":"Prepared","floor":3.0},{"not_picked":["Expertise","Dagger Throw"],"picked":"Prepared","floor":5.0},{"not_picked":["Blur","Sucker Punch"],"picked":"A Thousand Cuts","floor":7},{"not_picked":["Bane","Deflect"],"picked":"Sucker Punch","floor":10},{"not_picked":["Sucker Punch","Crippling Poison"],"picked":"Backflip","floor":13},{"not_picked":["Reflex","Sucker Punch"],"picked":"Poisoned Stab","floor":14}],"player_experience":353007,"relics_obtained":[{"floor":7,"key":"Vajra"},{"floor":9,"key":"Tiny Chest"},{"floor":14,"key":"Blood Vial"}],"event_choices":[{"damage_healed":0.0,"max_hp_gain":0.0,"max_hp_loss":0.0,"gold_gain":0.0,"event_name":"Lab","player_choice":"Got Potions","floor":2.0,"gold_loss":0.0,"damage_taken":0.0},{"damage_healed":0.0,"max_hp_gain":0.0,"max_hp_loss":0.0,"gold_gain":0.0,"event_name":"Shining Light","player_choice":"Entered Light","floor":4.0,"gold_loss":0.0,"damage_taken":20.0,"cards_upgraded":["Strike_G","Neutralize"]},{"damage_healed":0,"gold_gain":75,"player_choice":"Gather Gold","damage_taken":11,"max_hp_gain":0,"max_hp_loss":0,"event_name":"World of Goop","floor":8,"gold_loss":0}],"is_beta":false,"boss_relics":[],"items_purged_floors":[],"is_endless":false,"potions_floor_spawned":[1,3,7,10],"killed_by":"Slime Boss","ascension_level":15}