{"gold_per_floor":[115,55,25,25,40,74,93,118,118,118],"floor_reached":10,"playtime":1715,"items_purged":["Pain"],"score":137,"play_id":"c3deb49f-6e86-4608-bf21-e5b29c8a89c3","local_time":"20190524124407","is_ascension_mode":true,"campfire_choices":[],"neow_cost":"NONE","seed_source_timestamp":0,"circlet_count":0,"master_deck":["AscendersBane","Defend_G","Defend_G","Defend_G","Defend_G","Defend_G","Strike_G","Strike_G","Strike_G","Strike_G","Strike_G","Survivor","Neutralize","Regret","Normality","Dash","Predator","Acrobatics","Blur","Terror"],"special_seed":0,"relics":["Calling Bell","Bronze Scales","The Courier","Mango","Dream Catcher","Meat on the Bone","Lantern"],"potions_floor_usage":[8],"damage_taken":[{"damage":9.0,"enemies":"Small Slimes","floor":1.0,"turns":4.0},{"damage":6.0,"enemies":"Cultist","floor":5.0,"turns":5.0},{"damage":33.0,"enemies":"3 Sentries","floor":6.0,"turns":10.0},{"damage":4.0,"enemies":"Jaw Worm","floor":7.0,"turns":4.0},{"damage":20,"enemies":"Gremlin Nob","floor":8,"turns":5},{"damage":15,"enemies":"Exordium Thugs","floor":10,"turns":4}],"seed_played":"-29374527118740142","potions_obtained":[{"floor":3.0,"key":"Regen Potion"},{"floor":3.0,"key":"Energy Potion"},{"floor":5.0,"key":"AttackPotion"}],"is_trial":false,"path_per_floor":["M","$","?","$","M","E","M","E","T","M"],"character_chosen":"THE_SILENT","items_purchased":[],"campfire_rested":0,"item_purchase_floors":[],"current_hp_per_floor":[64,64,64,64,72,39,35,15,15,0],"gold":118,"neow_bonus":"BOSS_RELIC","is_prod":false,"is_daily":false,"chose_seed":false,"campfire_upgraded":0,"win_rate":0,"timestamp":1558669447,"path_taken":["M","$","?","$","?","E","M","E","T","M"],"build_version":"2019-01-23","purchased_purges":1,"victory":false,"max_hp_per_floor":[80,80,80,80,80,80,80,80,80,80],"card_choices":[{"not_picked":["Dodge and Roll","Flying Knee"],"picked":"Dash","floor":1.0},{"not_picked":["Outmaneuver","Blade Dance"],"picked":"Predator","floor":5.0},{"not_picked":["Prepared","Eviscerate"],"picked":"Acrobatics","floor":6.0},{"not_picked":["Acrobatics","Underhanded Strike"],"picked":"Blur","floor":7.0},{"not_picked":["Dagger Throw","Skewer"],"picked":"Terror","floor":8}],"player_experience":1106642,"relics_obtained":[{"floor":0.0,"key":"Bronze Scales"},{"floor":0.0,"key":"The Courier"},{"floor":0.0,"key":"Mango"},{"floor":6.0,"key":"Dream Catcher"},{"floor":8,"key":"Meat on the Bone"},{"floor":9,"key":"Lantern"}],"event_choices":[{"damage_healed":0.0,"max_hp_gain":0.0,"max_hp_loss":0.0,"gold_gain":0.0,"event_name":"The Woman in Blue","player_choice":"Bought 2 Potions","floor":3.0,"gold_loss":0.0,"damage_taken":0.0}],"is_beta":false,"boss_relics":[],"items_purged_floors":[2],"is_endless":false,"potions_floor_spawned":[5],"killed_by":"Exordium Thugs","ascension_level":16}