{"gold_per_floor":[369,385,35,46,57,57,90,40,64,98,98,132,144,144,144,267,267,288,32,32,47,347,383,397,197,279,279,304,304,322,357,357,481,481,501,92,92,116,136,136,13,44,44,44,67,67,88,123,123,123],"floor_reached":51,"playtime":2742,"items_purged":["Strike_R","Strike_R","Strike_R+1","Strike_R+1"],"score":905,"play_id":"f6616eb0-212f-4e2c-9faf-707ff9bf6baf","local_time":"20190318210147","is_ascension_mode":true,"campfire_choices":[{"data":"Armaments","floor":6,"key":"SMITH"},{"data":"Inflame","floor":11,"key":"SMITH"},{"floor":15,"key":"REST"},{"data":"Limit Break","floor":27,"key":"SMITH"},{"data":"Heavy Blade","floor":29,"key":"SMITH"},{"data":"Disarm","floor":32,"key":"SMITH"},{"data":"Uppercut","floor":40,"key":"SMITH"},{"data":"Inflame","floor":44,"key":"SMITH"},{"data":"Inflame","floor":46,"key":"SMITH"},{"data":"Bash","floor":49,"key":"SMITH"}],"neow_cost":"TEN_PERCENT_HP_LOSS","seed_source_timestamp":14910581672437,"circlet_count":0,"master_deck":["Defend_R+1","Defend_R+1","Defend_R+1","Defend_R+1","Bash+1","Clothesline","Flex","Inflame+1","Armaments+1","Limit Break+1","Heavy Blade+1","Disarm+1","Thunderclap","Impervious","Whirlwind","Shrug It Off+1","Inflame+1","Pommel Strike+1","Flame Barrier+1","Reaper","Inflame+1","Barricade","Uppercut+1","Inflame+1","Shrug It Off+1","Flame Barrier+1","Mind Blast","Shockwave+1","Clothesline+1","Offering+1"],"relics":["Burning Blood","Orichalcum","Potion Belt","Strawberry","Centennial Puzzle","Shuriken","Golden Idol","Velvet Choker","Vajra","Old Coin","Torii","Mummified Hand","Toxic Egg 2","Snecko Eye","Bottled Lightning","Du-Vu Doll","PreservedInsect","Molten Egg 2"],"potions_floor_usage":[16,23,23,33],"damage_taken":[{"damage":5,"enemies":"Jaw Worm","floor":1,"turns":4},{"damage":2,"enemies":"2 Louse","floor":2,"turns":3},{"damage":3,"enemies":"Small Slimes","floor":4,"turns":6},{"damage":8,"enemies":"Exordium Thugs","floor":5,"turns":7},{"damage":24,"enemies":"Lagavulin","floor":7,"turns":6},{"damage":16,"enemies":"Gremlin Nob","floor":10,"turns":4},{"damage":19,"enemies":"Lagavulin","floor":12,"turns":6},{"damage":2,"enemies":"Exordium Wildlife","floor":13,"turns":4},{"damage":1,"enemies":"Slime Boss","floor":16,"turns":7},{"damage":12,"enemies":"2 Thieves","floor":18,"turns":4},{"damage":8,"enemies":"Shell Parasite","floor":21,"turns":3},{"damage":13,"enemies":"Slavers","floor":23,"turns":2},{"damage":0,"enemies":"Sentry and Sphere","floor":24,"turns":5},{"damage":1,"enemies":"Centurion and Healer","floor":28,"turns":3},{"damage":1,"enemies":"Cultist and Chosen","floor":30,"turns":6},{"damage":0,"enemies":"Book of Stabbing","floor":31,"turns":4},{"damage":8,"enemies":"Automaton","floor":33,"turns":8},{"damage":31,"enemies":"3 Darklings","floor":35,"turns":6},{"damage":0,"enemies":"Orb Walker","floor":38,"turns":2},{"damage":1,"enemies":"Writhing Mass","floor":39,"turns":3},{"damage":0,"enemies":"Nemesis","floor":42,"turns":7},{"damage":8,"enemies":"3 Darklings","floor":45,"turns":4},{"damage":0,"enemies":"Spire Growth","floor":47,"turns":4},{"damage":22,"enemies":"Reptomancer","floor":48,"turns":5},{"damage":9,"enemies":"Donu and Deca","floor":50,"turns":5}],"seed_played":"-4621652004279779780","potions_obtained":[{"floor":7,"key":"Weak Potion"},{"floor":12,"key":"PowerPotion"},{"floor":13,"key":"Poison Potion"},{"floor":18,"key":"Explosive Potion"},{"floor":23,"key":"Weak Potion"},{"floor":35,"key":"GamblersBrew"},{"floor":39,"key":"FearPotion"},{"floor":48,"key":"Block Potion"}],"is_trial":false,"path_per_floor":["M","M","$","M","M","R","E","?","T","E","R","E","M","?","R","B",null,"M","$","?","M","T","E","M","$","T","R","M","R","M","E","R","B",null,"M","$","?","M","M","R","$","E","T","R","M","R","M","E","R","B",null],"character_chosen":"IRONCLAD","items_purchased":["Orichalcum","Inflame","Armaments","Vajra","Inflame","Bottled Lightning","Flame Barrier+1","Mind Blast"],"campfire_rested":1,"item_purchase_floors":[3,3,3,19,25,36,41,41],"current_hp_per_floor":[72,72,72,72,70,70,52,52,59,49,49,36,40,21,44,49,79,73,73,73,71,71,64,70,70,70,70,75,75,79,79,79,77,79,79,79,79,79,79,79,79,79,79,79,79,79,79,78,78,79],"gold":123,"neow_bonus":"TWO_FIFTY_GOLD","is_prod":false,"is_daily":false,"chose_seed":false,"campfire_upgraded":9,"win_rate":0,"timestamp":1552939307,"path_taken":["M","M","$","M","M","R","E","?","T","E","R","E","M","?","R","BOSS","M","$","?","M","?","E","M","$","T","R","M","R","M","E","R","BOSS","M","$","?","M","M","R","$","E","T","R","?","R","M","E","R","BOSS"],"build_version":"2019-01-23","purchased_purges":4,"victory":true,"max_hp_per_floor":[72,72,72,72,72,72,72,72,79,79,79,79,79,79,79,79,79,79,79,79,79,79,79,79,79,79,79,79,79,79,79,79,79,79,79,79,79,79,79,79,79,79,79,79,79,79,79,79,79,79],"card_choices":[{"not_picked":["Armaments","Iron Wave"],"picked":"Clothesline","floor":1},{"not_picked":["Thunderclap","Uppercut"],"picked":"Flex","floor":2},{"not_picked":["Pommel Strike","Thunderclap"],"picked":"Limit Break","floor":4},{"not_picked":["Disarm","Clash"],"picked":"Heavy Blade","floor":5},{"not_picked":["Dual Wield","Rage","Blood for Blood"],"picked":"SKIP","floor":7},{"not_picked":["Twin Strike","Power Through"],"picked":"Disarm","floor":10},{"not_picked":["Cleave","Power Through"],"picked":"Thunderclap","floor":12},{"not_picked":["Sword Boomerang","Warcry","Armaments"],"picked":"SKIP","floor":13},{"not_picked":["Barricade","Berserk"],"picked":"Impervious","floor":16},{"not_picked":["Thunderclap+1","Clothesline"],"picked":"Whirlwind","floor":18},{"not_picked":["Flex","Clothesline"],"picked":"Shrug It Off+1","floor":21},{"not_picked":["Thunderclap+1","Cleave+1","Berserk"],"picked":"SKIP","floor":23},{"not_picked":["Twin Strike","Warcry","Bloodletting+1"],"picked":"SKIP","floor":24},{"not_picked":["Hemokinesis","Anger","Searing Blow"],"picked":"SKIP","floor":28},{"not_picked":["Feel No Pain","True Grit"],"picked":"Pommel Strike+1","floor":30},{"not_picked":["Berserk","Thunderclap"],"picked":"Flame Barrier+1","floor":31},{"not_picked":["Limit Break+1","Impervious+1"],"picked":"Reaper","floor":33},{"not_picked":["Sword Boomerang","Power Through+1"],"picked":"Inflame","floor":35},{"not_picked":["Twin Strike+1","Rage+1"],"picked":"Inflame+1","floor":38},{"not_picked":["Battle Trance+1","Iron Wave+1"],"picked":"Shrug It Off+1","floor":39},{"not_picked":["Pommel Strike","Second Wind+1","Warcry+1"],"picked":"SKIP","floor":42},{"not_picked":["Pommel Strike","Clothesline+1"],"picked":"Shockwave+1","floor":45},{"not_picked":["Twin Strike","Pommel Strike"],"picked":"Clothesline+1","floor":47},{"not_picked":["Rage+1","Flex+1"],"picked":"Offering+1","floor":48}],"player_experience":53481,"relics_obtained":[{"floor":7,"key":"Potion Belt"},{"floor":9,"key":"Strawberry"},{"floor":10,"key":"Centennial Puzzle"},{"floor":12,"key":"Shuriken"},{"floor":22,"key":"Old Coin"},{"floor":23,"key":"Torii"},{"floor":26,"key":"Mummified Hand"},{"floor":31,"key":"Toxic Egg 2"},{"floor":42,"key":"Du-Vu Doll"},{"floor":43,"key":"PreservedInsect"},{"floor":48,"key":"Molten Egg 2"}],"event_choices":[{"cards_removed":["Strike_R"],"damage_healed":0,"gold_gain":0,"player_choice":"Card Removal","damage_taken":0,"max_hp_gain":0,"max_hp_loss":0,"event_name":"The Cleric","floor":8,"gold_loss":50},{"damage_healed":0,"gold_gain":0,"player_choice":"Take Damage","damage_taken":19,"relics_obtained":["Golden Idol"],"max_hp_gain":0,"max_hp_loss":0,"event_name":"Golden Idol","floor":14,"gold_loss":0},{"damage_healed":0,"gold_gain":0,"player_choice":"Simplicity","damage_taken":0,"max_hp_gain":0,"max_hp_loss":0,"event_name":"Back to Basics","floor":20,"gold_loss":0,"cards_upgraded":["Strike_R","Strike_R","Defend_R","Defend_R","Defend_R","Defend_R"]},{"damage_healed":0,"gold_gain":0,"player_choice":"2 cards matched","damage_taken":0,"max_hp_gain":0,"max_hp_loss":0,"event_name":"Match and Keep!","floor":37,"gold_loss":0,"cards_obtained":["Barricade","Uppercut"]}],"is_beta":false,"boss_relics":[{"not_picked":["Ectoplasm","Coffee Dripper"],"picked":"Velvet Choker"},{"not_picked":["Calling Bell","Mark of Pain"],"picked":"Snecko Eye"}],"items_purged_floors":[3,19,25,36],"is_endless":false,"potions_floor_spawned":[7,12,13,18,23,35,39,48],"ascension_level":1}