{"gold_per_floor":[109,184,134,134,150,181,181,200,200,215,229,41,60,78,78,197,197,221,44,64,87,87,118,141,141,141,155,155,169,169,169,169,266,266,277,291,305,43,0,0,19,29,55,68,68,83,95,95],"floor_reached":48,"playtime":6922,"items_purged":["Strike_G","Defend_G"],"score":487,"play_id":"a0e2b02b-d87b-4842-a99e-f56359d226c7","local_time":"20181018002402","is_ascension_mode":false,"campfire_choices":[{"data":"Neutralize","floor":7,"key":"SMITH"},{"data":"Tools of the Trade","floor":15,"key":"SMITH"},{"floor":28,"key":"REST"},{"data":"After Image","floor":32,"key":"SMITH"},{"data":"Noxious Fumes","floor":40,"key":"SMITH"}],"neow_cost":"NONE","seed_source_timestamp":345740762501096,"circlet_count":0,"master_deck":["Defend_G","Defend_G","Defend_G","Defend_G","Strike_G","Strike_G","Survivor","Neutralize+1","Flying Knee","Injury","Predator","Poisoned Stab","Expertise","Backstab","Slice","Noxious Fumes+1","Leg Sweep","Tools of the Trade+1","Underhanded Strike","After Image+1","Endless Agony","Footwork","Skewer","Backflip","Deflect+1","Burst"],"relics":["Ring of the Snake","NeowsBlessing","Bloody Idol","Blood Vial","Matryoshka","Busted Crown","Strawberry","Dodecahedron","Tingsha","Eternal Feather","Bottled Tornado","Red Mask","Happy Flower","Potion Belt"],"potions_floor_usage":[23,33,33,33,41,42],"damage_taken":[{"damage":0,"enemies":"Small Slimes","floor":1,"turns":1},{"damage":0,"enemies":"Jaw Worm","floor":5,"turns":1},{"damage":0,"enemies":"Gremlin Nob","floor":6,"turns":1},{"damage":0,"enemies":"Cultist","floor":8,"turns":4},{"damage":0,"enemies":"3 Louse","floor":10,"turns":4},{"damage":7,"enemies":"Blue Slaver","floor":11,"turns":4},{"damage":0,"enemies":"Large Slime","floor":13,"turns":3},{"damage":2,"enemies":"3 Louse","floor":14,"turns":4},{"damage":32,"enemies":"The Guardian","floor":16,"turns":13},{"damage":0,"enemies":"Shell Parasite","floor":18,"turns":7},{"damage":6,"enemies":"Chosen","floor":20,"turns":6},{"damage":6,"enemies":"Centurion and Healer","floor":21,"turns":6},{"damage":10,"enemies":"Gremlin Leader","floor":23,"turns":10},{"damage":23,"enemies":"Snake Plant","floor":24,"turns":4},{"damage":0,"enemies":"Snecko","floor":27,"turns":5},{"damage":0,"enemies":"Centurion and Healer","floor":29,"turns":7},{"damage":61,"enemies":"Champ","floor":33,"turns":13},{"damage":5,"enemies":"3 Shapes","floor":35,"turns":5},{"damage":0,"enemies":"Orb Walker","floor":36,"turns":4},{"damage":24,"enemies":"Spire Growth","floor":37,"turns":6},{"damage":10,"enemies":"3 Darklings","floor":41,"turns":6},{"damage":48,"enemies":"Reptomancer","floor":42,"turns":7},{"damage":15,"enemies":"Transient","floor":44,"turns":5},{"damage":10,"enemies":"Maw","floor":46,"turns":9},{"damage":18,"enemies":"Sphere and 2 Shapes","floor":47,"turns":6},{"damage":0,"enemies":"4 Shapes","floor":48,"turns":1}],"seed_played":"1228020584466958734","potions_obtained":[{"floor":5,"key":"SteroidPotion"},{"floor":8,"key":"Ancient Potion"},{"floor":14,"key":"SteroidPotion"},{"floor":20,"key":"Explosive Potion"},{"floor":21,"key":"GhostInAJar"},{"floor":23,"key":"Poison Potion"},{"floor":27,"key":"Strength Potion"},{"floor":35,"key":"GhostInAJar"},{"floor":41,"key":"GhostInAJar"},{"floor":44,"key":"Poison Potion"},{"floor":46,"key":"Ancient Potion"},{"floor":47,"key":"Energy Potion"}],"is_trial":false,"path_per_floor":["M","?","?","?","M","E","R","M","T","M","M","$","M","M","R","B",null,"M","$","M","M","?","E","M","?","T","M","R","M","?","?","R","B",null,"M","M","M","$","?","R","M","M","T","M","?","M","M"],"character_chosen":"THE_SILENT","items_purchased":["Noxious Fumes","Leg Sweep","Footwork","Bottled Tornado"],"campfire_rested":1,"item_purchase_floors":[12,12,19,38],"current_hp_per_floor":[70,59,59,59,59,59,59,61,61,63,58,58,60,60,60,30,70,70,70,64,60,60,59,38,63,63,65,77,77,77,77,77,21,77,77,77,58,58,58,73,70,29,34,26,26,23,12,12],"gold":95,"neow_bonus":"THREE_ENEMY_KILL","is_prod":false,"is_daily":false,"chose_seed":false,"campfire_upgraded":4,"win_rate":0.0,"timestamp":1539815042,"path_taken":["M","?","?","?","M","E","R","M","T","M","M","$","M","M","R","BOSS","M","$","M","M","?","E","?","?","T","M","R","M","?","?","R","BOSS","M","M","M","$","?","R","M","?","T","M","?","M","?","M"],"build_version":"2018-10-11","purchased_purges":2,"victory":false,"max_hp_per_floor":[70,70,70,70,70,70,70,70,70,70,70,70,70,70,70,70,70,70,70,70,70,70,77,77,77,77,77,77,77,77,77,77,77,77,77,77,77,77,77,77,77,77,77,77,77,77,77,77],"card_choices":[{"not_picked":["Riddle With Holes","Deadly Poison"],"picked":"Flying Knee","floor":1},{"not_picked":["Quick Slash","Backstab"],"picked":"Predator","floor":5},{"not_picked":["Slice","Prepared"],"picked":"Poisoned Stab","floor":6},{"not_picked":["Dodge and Roll","Deadly Poison"],"picked":"Expertise","floor":8},{"not_picked":["PiercingWail","Sucker Punch"],"picked":"Backstab","floor":10},{"not_picked":["Backstab","Dodge and Roll"],"picked":"Slice","floor":11},{"not_picked":["Flying Knee","Deflect"],"picked":"Tools of the Trade","floor":13},{"not_picked":["Dagger Throw","Blade Dance"],"picked":"Underhanded Strike","floor":14},{"not_picked":["Night Terror","Glass Knife"],"picked":"After Image","floor":16},{"not_picked":[],"picked":"Endless Agony","floor":18},{"not_picked":["Dagger Throw"],"picked":"SKIP","floor":20},{"not_picked":[],"picked":"Skewer","floor":21},{"not_picked":[],"picked":"Backflip","floor":23},{"not_picked":[],"picked":"Deflect+1","floor":24},{"not_picked":["Dagger Throw+1"],"picked":"SKIP","floor":27},{"not_picked":["Expertise+1"],"picked":"SKIP","floor":29},{"not_picked":[],"picked":"Burst","floor":33},{"not_picked":["Deflect"],"picked":"SKIP","floor":35},{"not_picked":["Deadly Poison"],"picked":"SKIP","floor":36},{"not_picked":["Poisoned Stab"],"picked":"SKIP","floor":37},{"not_picked":["Backstab+1"],"picked":"SKIP","floor":41},{"not_picked":["Expertise+1"],"picked":"SKIP","floor":42},{"not_picked":["Flying Knee+1"],"picked":"SKIP","floor":44},{"not_picked":["Outmaneuver"],"picked":"SKIP","floor":46},{"not_picked":["Riddle With Holes"],"picked":"SKIP","floor":47}],"player_experience":31137,"relics_obtained":[{"floor":6,"key":"Blood Vial"},{"floor":9,"key":"Matryoshka"},{"floor":23,"key":"Strawberry"},{"floor":26,"key":"Dodecahedron"},{"floor":26,"key":"Tingsha"},{"floor":43,"key":"Happy Flower"},{"floor":43,"key":"Potion Belt"}],"event_choices":[{"event_name":"World of Goop","player_choice":"Gather Gold","floor":2,"damage_taken":0},{"event_name":"The Cleric","player_choice":"Card Removal","floor":3,"damage_taken":0},{"event_name":"Golden Idol","player_choice":"Take Wound","floor":4,"damage_taken":0},{"event_name":"Ghosts","player_choice":"Ignored","floor":22,"damage_taken":0},{"event_name":"The Library","player_choice":"Heal","floor":25,"damage_taken":0},{"event_name":"Back to Basics","player_choice":"Elegance","floor":30,"damage_taken":0},{"event_name":"Forgotten Altar","player_choice":"Gave Idol","floor":31,"damage_taken":0},{"event_name":"Tomb of Lord Red Mask","player_choice":"Paid","floor":39,"damage_taken":0},{"event_name":"SensoryStone","player_choice":"Memory 1","floor":45,"damage_taken":0}],"is_beta":false,"boss_relics":[{"not_picked":["Runic Dome","Cursed Key"],"picked":"Busted Crown"},{"not_picked":["Fusion Hammer","Velvet Choker"],"picked":"Eternal Feather"}],"items_purged_floors":[12,19],"is_endless":false,"potions_floor_spawned":[5,8,14,20,21,23,27,35,41,44,46,47],"killed_by":"4 Shapes","ascension_level":0}