{"gold_per_floor":[115,40,40,40,58,85,96,122,122,122,22,48,65,94,94,168,168,178,178,378,398,416,416],"floor_reached":23,"playtime":2498,"items_purged":["Defend_G","Defend_G"],"score":484,"play_id":"913c0551-6d08-488b-a9ae-6ba2f1dabf79","local_time":"20190408235752","is_ascension_mode":true,"campfire_choices":[{"floor":10.0,"key":"REST"},{"floor":15.0,"key":"REST"}],"neow_cost":"NONE","seed_source_timestamp":210676838806124,"circlet_count":0,"master_deck":["AscendersBane","Defend_G","Defend_G","Defend_G","Strike_G+1","Strike_G","Strike_G","Strike_G","Survivor","Neutralize","Terror","Choke+1","Prepared","PiercingWail","Deadly Poison","Infinite Blades","Flechettes","Infinite Blades","Blur","Envenom","Noxious Fumes","Backflip","Crippling Poison"],"special_seed":0,"relics":["Ring of the Snake","Whetstone","FossilizedHelix","Shuriken","Thread and Needle","Lantern","WristBlade"],"potions_floor_usage":[22,23,23],"damage_taken":[{"damage":1.0,"enemies":"Small Slimes","floor":1.0,"turns":6.0},{"damage":0.0,"enemies":"Jaw Worm","floor":5.0,"turns":4.0},{"damage":31.0,"enemies":"3 Sentries","floor":6.0,"turns":14.0},{"damage":0.0,"enemies":"Cultist","floor":7.0,"turns":3.0},{"damage":17.0,"enemies":"Gremlin Nob","floor":8.0,"turns":4.0},{"damage":1.0,"enemies":"Lagavulin","floor":12.0,"turns":7.0},{"damage":4.0,"enemies":"Lots of Slimes","floor":13.0,"turns":5.0},{"damage":13.0,"enemies":"3 Sentries","floor":14.0,"turns":6.0},{"damage":0.0,"enemies":"Slime Boss","floor":16.0,"turns":6.0},{"damage":22.0,"enemies":"3 Byrds","floor":18.0,"turns":7.0},{"damage":14.0,"enemies":"2 Thieves","floor":21.0,"turns":5.0},{"damage":5,"enemies":"Snake Plant","floor":22,"turns":5},{"damage":11,"enemies":"Book of Stabbing","floor":23,"turns":5}],"seed_played":"6051613393256691663","potions_obtained":[{"floor":1.0,"key":"Block Potion"},{"floor":5.0,"key":"Regen Potion"},{"floor":7.0,"key":"Swift Potion"},{"floor":14.0,"key":"AttackPotion"},{"floor":16.0,"key":"Energy Potion"},{"floor":21.0,"key":"GhostInAJar"},{"floor":22,"key":"AttackPotion"}],"is_trial":false,"path_per_floor":["M","$","?","?","M","E","M","E","T","R","$","E","M","E","R","B",null,"M","?","?","M","M","E"],"character_chosen":"THE_SILENT","items_purchased":[],"campfire_rested":2,"item_purchase_floors":[],"current_hp_per_floor":[64,64,64,64,64,48,48,31,31,52,52,51,47,34,55,55,68,46,26,26,12,7,0],"gold":416,"neow_bonus":"TEN_PERCENT_HP_BONUS","is_prod":false,"is_daily":false,"chose_seed":false,"campfire_upgraded":0,"win_rate":0,"timestamp":1554735472,"path_taken":["M","$","?","?","M","E","M","E","T","R","?","E","M","E","R","BOSS","M","?","?","?","M","E"],"build_version":"2019-01-23","purchased_purges":2,"victory":false,"max_hp_per_floor":[72,72,72,72,72,72,72,72,72,72,72,72,72,72,72,72,72,72,77,77,77,77,77],"card_choices":[{"not_picked":["Distraction","Blade Dance"],"picked":"Terror","floor":1.0},{"not_picked":["Poisoned Stab","Slice"],"picked":"Prepared","floor":5.0},{"not_picked":["Finisher","Quick Slash"],"picked":"PiercingWail","floor":6.0},{"not_picked":["Poisoned Stab","Prepared"],"picked":"Deadly Poison","floor":7.0},{"not_picked":["Predator","Envenom"],"picked":"Infinite Blades","floor":8.0},{"not_picked":["Flying Knee","Dagger Spray"],"picked":"Flechettes","floor":12.0},{"not_picked":["Dagger Throw","Quick Slash"],"picked":"Infinite Blades","floor":13.0},{"not_picked":["Bane","Night Terror"],"picked":"Blur","floor":14.0},{"not_picked":["Phantasmal Killer","Night Terror"],"picked":"Envenom","floor":16.0},{"not_picked":["Cloak And Dagger","Prepared"],"picked":"Noxious Fumes","floor":18.0},{"not_picked":["Tactician","Flying Knee"],"picked":"Backflip","floor":21.0},{"not_picked":["Tactician","Riddle With Holes"],"picked":"Crippling Poison","floor":22}],"player_experience":1086528,"relics_obtained":[{"floor":6.0,"key":"Whetstone"},{"floor":8.0,"key":"FossilizedHelix"},{"floor":9.0,"key":"Shuriken"},{"floor":12.0,"key":"Thread and Needle"},{"floor":14.0,"key":"Lantern"}],"event_choices":[{"damage_healed":0.0,"max_hp_gain":0.0,"max_hp_loss":0.0,"gold_gain":0.0,"event_name":"The Cleric","player_choice":"Leave","floor":3.0,"gold_loss":0.0,"damage_taken":0.0},{"damage_healed":0.0,"max_hp_gain":0.0,"max_hp_loss":0.0,"gold_gain":0.0,"cards_transformed":["Strike_G"],"event_name":"Living Wall","player_choice":"Change","floor":4.0,"gold_loss":0.0,"damage_taken":0.0,"cards_obtained":["Choke"]},{"damage_healed":0.0,"max_hp_gain":5.0,"max_hp_loss":0.0,"gold_gain":0.0,"event_name":"Forgotten Altar","player_choice":"Shed Blood","floor":19.0,"gold_loss":0.0,"damage_taken":25.0},{"damage_healed":0.0,"max_hp_gain":0.0,"max_hp_loss":0.0,"gold_gain":250.0,"event_name":"The Joust","player_choice":"Bet on Owner","floor":20.0,"gold_loss":50.0,"damage_taken":0.0}],"is_beta":false,"boss_relics":[{"not_picked":["Cursed Key","Sozu"],"picked":"WristBlade"}],"items_purged_floors":[2,11],"is_endless":false,"potions_floor_spawned":[1,5,7,14,16,21,22],"killed_by":"Book of Stabbing","ascension_level":16}