{"gold_per_floor":[114,189,201,201,221,221,240,20,20,50,50,50,66,39,39,135,135,145,162,12,12,12,12,41,55,55,55,73,73,91,42,42,142,142,158,168,168,0,17,17,27,27,27,27,27,27,46,63,63,63],"floor_reached":51,"playtime":1694,"items_purged":["Strike_R"],"score":896,"play_id":"23adfc2f-6ccc-422f-912f-c844261d7d2f","local_time":"20190323005831","is_ascension_mode":true,"campfire_choices":[{"data":"Bash","floor":6,"key":"SMITH"},{"data":"Uppercut","floor":11,"key":"SMITH"},{"data":"Armaments","floor":15,"key":"SMITH"},{"data":"Corruption","floor":23,"key":"SMITH"},{"data":"Disarm","floor":29,"key":"SMITH"},{"data":"Spot Weakness","floor":32,"key":"SMITH"},{"data":"Battle Trance","floor":40,"key":"SMITH"},{"data":"Shrug It Off","floor":42,"key":"SMITH"},{"data":"Metallicize","floor":44,"key":"SMITH"},{"floor":49,"key":"REST"}],"neow_cost":"NONE","seed_source_timestamp":3655855718845,"circlet_count":0,"master_deck":["Strike_R+1","Strike_R+1","Strike_R+1","Strike_R+1","Defend_R+1","Defend_R+1","Defend_R+1","Defend_R+1","Bash+1","Uppercut+1","Rampage+1","Headbutt+1","Shrug It Off+1","Disarm+1","Battle Trance+1","Armaments+1","Reaper+1","Metallicize+1","Corruption+1","Spot Weakness+1","Shrug It Off+1","Feed+1","Shrug It Off+1","Headbutt+1","Shrug It Off+1","Headbutt+1","Ghostly Armor+1","Uppercut+1","Iron Wave+1"],"relics":["Burning Blood","NeowsBlessing","PreservedInsect","Singing Bowl","Meat on the Bone","Unceasing Top","Mark of Pain","Bronze Scales","Happy Flower","Snecko Eye","Red Mask","Blue Candle","Mark of the Bloom"],"potions_floor_usage":[10,10,24,33,33,50,50],"damage_taken":[{"damage":0,"enemies":"Small Slimes","floor":1,"turns":1},{"damage":0,"enemies":"2 Louse","floor":3,"turns":1},{"damage":0,"enemies":"Jaw Worm","floor":5,"turns":1},{"damage":18,"enemies":"3 Louse","floor":7,"turns":3},{"damage":22,"enemies":"Lagavulin","floor":10,"turns":4},{"damage":5,"enemies":"2 Fungi Beasts","floor":13,"turns":4},{"damage":48,"enemies":"Hexaghost","floor":16,"turns":11},{"damage":6,"enemies":"Spheric Guardian","floor":18,"turns":5},{"damage":6,"enemies":"Chosen","floor":19,"turns":5},{"damage":15,"enemies":"Gremlin Leader","floor":24,"turns":4},{"damage":19,"enemies":"Sentry and Sphere","floor":25,"turns":5},{"damage":0,"enemies":"Snecko","floor":28,"turns":3},{"damage":13,"enemies":"Cultist and Chosen","floor":30,"turns":6},{"damage":40,"enemies":"Champ","floor":33,"turns":12},{"damage":11,"enemies":"3 Darklings","floor":35,"turns":4},{"damage":0,"enemies":"3 Shapes","floor":36,"turns":5},{"damage":19,"enemies":"3 Darklings","floor":39,"turns":5},{"damage":11,"enemies":"Transient","floor":41,"turns":5},{"damage":19,"enemies":"4 Shapes","floor":47,"turns":5},{"damage":12,"enemies":"Jaw Worm Horde","floor":48,"turns":4},{"damage":60,"enemies":"Time Eater","floor":50,"turns":12}],"seed_played":"-7419650333090093008","potions_obtained":[{"floor":1,"key":"Strength Potion"},{"floor":3,"key":"BloodPotion"},{"floor":5,"key":"Block Potion"},{"floor":7,"key":"Explosive Potion"},{"floor":16,"key":"Weak Potion"},{"floor":19,"key":"EssenceOfSteel"},{"floor":27,"key":"AttackPotion"},{"floor":27,"key":"Energy Potion"},{"floor":27,"key":"Ancient Potion"},{"floor":39,"key":"AttackPotion"},{"floor":47,"key":"Swift Potion"}],"is_trial":false,"path_per_floor":["M","?","M","?","M","R","M","$","T","E","R","?","M","$","R","B",null,"M","M","$","?","$","R","E","M","T","?","M","R","M","$","R","B",null,"M","M","?","?","M","R","M","R","T","R","?","$","M","M","R","B",null],"character_chosen":"IRONCLAD","items_purchased":["PreservedInsect","Armaments","Corruption","Spot Weakness","Shrug It Off"],"campfire_rested":1,"item_purchase_floors":[8,14,20,20,31],"current_hp_per_floor":[80,69,75,80,85,85,73,73,73,65,65,65,66,66,66,36,73,78,87,87,87,87,87,78,71,71,71,80,80,83,83,83,54,83,90,98,93,93,85,85,98,98,98,98,98,98,79,67,67,7],"gold":63,"neow_bonus":"THREE_ENEMY_KILL","is_prod":false,"is_daily":false,"chose_seed":false,"campfire_upgraded":9,"win_rate":0,"timestamp":1553299111,"path_taken":["M","?","M","?","M","R","M","$","T","E","R","?","M","$","R","BOSS","M","M","$","?","$","R","E","M","T","?","M","R","M","$","R","BOSS","M","M","?","?","M","R","M","R","T","R","?","$","M","?","R","BOSS"],"build_version":"2019-01-23","purchased_purges":1,"victory":true,"max_hp_per_floor":[80,80,80,85,85,85,85,85,85,85,85,85,85,85,85,85,85,85,87,87,87,87,87,87,87,87,87,90,90,90,90,90,92,92,95,98,93,93,98,98,98,98,98,98,98,98,102,108,108,112],"card_choices":[{"not_picked":["Blood for Blood","Pommel Strike"],"picked":"Uppercut","floor":1},{"not_picked":["Iron Wave","Flex"],"picked":"Rampage","floor":3},{"not_picked":["Evolve","Clash"],"picked":"Headbutt","floor":5},{"not_picked":["Power Through","Rupture"],"picked":"Shrug It Off","floor":7},{"not_picked":["Warcry","Clash"],"picked":"Disarm","floor":10},{"not_picked":["Pummel","Perfected Strike"],"picked":"Battle Trance","floor":13},{"not_picked":["Fiend Fire","Brutality"],"picked":"Reaper","floor":16},{"not_picked":["Clothesline","True Grit"],"picked":"Metallicize","floor":18},{"not_picked":["Clothesline","Clash+1","Havoc"],"picked":"Singing Bowl","floor":19},{"not_picked":["Armaments+1","True Grit"],"picked":"Shrug It Off","floor":24},{"not_picked":["Flame Barrier","Clash"],"picked":"Feed","floor":25},{"not_picked":["Havoc","Pummel"],"picked":"Shrug It Off+1","floor":28},{"not_picked":["Ghostly Armor","Perfected Strike"],"picked":"Headbutt","floor":30},{"not_picked":["Dark Embrace","Brutality","Berserk"],"picked":"Singing Bowl","floor":33},{"not_picked":["Armaments","Hemokinesis+1"],"picked":"Headbutt+1","floor":35},{"not_picked":["Whirlwind+1","Thunderclap"],"picked":"Ghostly Armor","floor":36},{"not_picked":["Twin Strike+1","Entrench+1","Clothesline"],"picked":"Singing Bowl","floor":39},{"not_picked":["Evolve","Anger"],"picked":"Uppercut+1","floor":41},{"not_picked":["Thunderclap+1","Cleave"],"picked":"Iron Wave+1","floor":47},{"not_picked":["Dual Wield","Sword Boomerang","Warcry"],"picked":"Singing Bowl","floor":48}],"player_experience":71738,"relics_obtained":[{"floor":9,"key":"Singing Bowl"},{"floor":10,"key":"Meat on the Bone"},{"floor":24,"key":"Bronze Scales"},{"floor":26,"key":"Happy Flower"},{"floor":43,"key":"Blue Candle"}],"event_choices":[{"damage_healed":0,"gold_gain":75,"player_choice":"Gather Gold","damage_taken":11,"max_hp_gain":0,"max_hp_loss":0,"event_name":"World of Goop","floor":2,"gold_loss":0},{"damage_healed":0,"gold_gain":0,"player_choice":"Donut","damage_taken":0,"max_hp_gain":5,"max_hp_loss":0,"event_name":"Big Fish","floor":4,"gold_loss":0},{"damage_healed":0,"gold_gain":0,"player_choice":"Searched \u00271\u0027 times","damage_taken":0,"relics_obtained":["Unceasing Top"],"max_hp_gain":0,"max_hp_loss":0,"event_name":"Dead Adventurer","floor":12,"gold_loss":0},{"damage_healed":0,"gold_gain":0,"player_choice":"Simplicity","damage_taken":0,"max_hp_gain":0,"max_hp_loss":0,"event_name":"Back to Basics","floor":21,"gold_loss":0,"cards_upgraded":["Strike_R","Strike_R","Strike_R","Strike_R","Defend_R","Defend_R","Defend_R","Defend_R"]},{"damage_healed":0,"gold_gain":0,"player_choice":"Got Potions","damage_taken":0,"max_hp_gain":0,"max_hp_loss":0,"event_name":"Lab","floor":27,"gold_loss":0},{"damage_healed":0,"gold_gain":0,"player_choice":"Max HP","damage_taken":0,"max_hp_gain":0,"max_hp_loss":5,"event_name":"Winding Halls","floor":37,"gold_loss":0},{"damage_healed":0,"gold_gain":0,"player_choice":"Paid","damage_taken":0,"relics_obtained":["Red Mask"],"max_hp_gain":0,"max_hp_loss":0,"event_name":"Tomb of Lord Red Mask","floor":38,"gold_loss":168},{"damage_healed":0,"gold_gain":0,"player_choice":"Upgrade","damage_taken":0,"relics_obtained":["Mark of the Bloom"],"max_hp_gain":0,"max_hp_loss":0,"event_name":"MindBloom","floor":45,"gold_loss":0,"cards_upgraded":["Rampage","Headbutt","Shrug It Off","Reaper","Feed","Headbutt","Shrug It Off","Ghostly Armor"]}],"is_beta":false,"boss_relics":[{"not_picked":["White Beast Statue","Runic Dome"],"picked":"Mark of Pain"},{"not_picked":["Philosopher\u0027s Stone","Orrery"],"picked":"Snecko Eye"}],"items_purged_floors":[8],"is_endless":false,"potions_floor_spawned":[1,3,5,7,16,19,28,39,47],"ascension_level":5}