{"gold_per_floor":[118,137,152,205,205,234,249,282,305,305,344,79,119,74,74,167,167,191,191,72,91,91,126,139,157,181,181,214,214,76,76],"floor_reached":31,"playtime":1323,"items_purged":["Strike_B"],"score":603,"play_id":"1f333c2a-bff0-4617-a28d-63a045f94cca","local_time":"20190526132140","is_ascension_mode":true,"campfire_choices":[{"data":"Loop","floor":15.0,"key":"SMITH"},{"data":"White Noise","floor":27,"key":"SMITH"},{"data":"Defragment","floor":29,"key":"SMITH"}],"neow_cost":"NONE","seed_source_timestamp":329577869562663,"circlet_count":0,"master_deck":["AscendersBane","Strike_B","Strike_B","Defend_B","Defend_B+1","Defend_B+1","Defend_B","Zap+1","Dualcast","Capacitor","Glacier","Electrodynamics","Ball Lightning","Double Energy","Electrodynamics","Loop","Lockon","Loop+1","Seek","Defragment+1","White Noise+1","Leap+1","Sunder","Ball Lightning","Stack","Seek","Capacitor","Conserve Battery"],"special_seed":0,"relics":["Cracked Core","Ancient Tea Set","Bag of Preparation","Nunchaku","Vajra","Golden Idol","Strawberry","Oddly Smooth Stone","Pear","Coffee Dripper","Lantern","War Paint","Dream Catcher"],"potions_floor_usage":[23,28],"damage_taken":[{"damage":1.0,"enemies":"Cultist","floor":1.0,"turns":3.0},{"damage":3.0,"enemies":"Small Slimes","floor":2.0,"turns":3.0},{"damage":6.0,"enemies":"2 Louse","floor":3.0,"turns":2.0},{"damage":11.0,"enemies":"3 Sentries","floor":6.0,"turns":10.0},{"damage":2.0,"enemies":"Blue Slaver","floor":7.0,"turns":3.0},{"damage":0.0,"enemies":"Lagavulin","floor":8.0,"turns":7.0},{"damage":12.0,"enemies":"Gremlin Nob","floor":11.0,"turns":4.0},{"damage":6.0,"enemies":"Lagavulin","floor":13.0,"turns":7.0},{"damage":18.0,"enemies":"Hexaghost","floor":16.0,"turns":9.0},{"damage":8.0,"enemies":"Shell Parasite","floor":18.0,"turns":6.0},{"damage":0.0,"enemies":"2 Thieves","floor":21.0,"turns":2.0},{"damage":17,"enemies":"Slavers","floor":23,"turns":3},{"damage":12,"enemies":"Chosen and Byrds","floor":24,"turns":3},{"damage":0,"enemies":"Cultist and Chosen","floor":25,"turns":3},{"damage":28,"enemies":"Book of Stabbing","floor":28,"turns":4},{"damage":5,"enemies":"Snake Plant","floor":31,"turns":2}],"seed_played":"-6166774352305776069","potions_obtained":[{"floor":2.0,"key":"Block Potion"},{"floor":3.0,"key":"Ancient Potion"},{"floor":6.0,"key":"Fire Potion"},{"floor":7.0,"key":"Block Potion"},{"floor":16.0,"key":"SpeedPotion"},{"floor":18.0,"key":"Swift Potion"},{"floor":24,"key":"Fire Potion"}],"is_trial":false,"path_per_floor":["M","M","M","T","?","E","M","E","T","?","E","$","E","$","R","B",null,"M","?","$","M","?","E","M","M","T","R","E","R","$","M"],"character_chosen":"DEFECT","items_purchased":["Oddly Smooth Stone","Loop","SkillPotion","Loop","White Noise","Capacitor","Conserve Battery"],"campfire_rested":0,"item_purchase_floors":[12,12,12,14,20,30,30],"current_hp_per_floor":[63,60,54,54,54,43,41,41,41,41,36,36,40,40,40,22,66,58,58,58,58,58,41,29,29,29,29,1,1,1,0],"gold":76,"neow_bonus":"RANDOM_COMMON_RELIC","is_prod":false,"is_daily":false,"chose_seed":false,"campfire_upgraded":3,"win_rate":0,"timestamp":1558902100,"path_taken":["M","M","M","?","?","E","M","E","T","?","E","?","E","$","R","BOSS","M","?","$","M","?","E","M","M","T","R","E","R","$","?"],"build_version":"2019-01-23","purchased_purges":1,"victory":false,"max_hp_per_floor":[71,71,71,71,71,71,71,71,71,64,71,71,81,81,81,81,81,81,81,81,81,81,81,81,81,81,81,81,81,81,81],"card_choices":[{"not_picked":["Cold Snap","Steam Power"],"picked":"Capacitor","floor":1.0},{"not_picked":["Hologram","Redo"],"picked":"Glacier","floor":2.0},{"not_picked":["Stack","Compile Driver","Beam Cell"],"picked":"SKIP","floor":3.0},{"not_picked":["Reinforced Body","Gash"],"picked":"Electrodynamics","floor":6.0},{"not_picked":["Compile Driver","Force Field"],"picked":"Ball Lightning","floor":7.0},{"not_picked":["Gash","Darkness"],"picked":"Double Energy","floor":8.0},{"not_picked":["Compile Driver","Undo"],"picked":"Electrodynamics","floor":11.0},{"not_picked":["Darkness","Double Energy"],"picked":"Lockon","floor":13.0},{"not_picked":["Biased Cognition","Machine Learning"],"picked":"Seek","floor":16.0},{"not_picked":["Hologram","Ball Lightning"],"picked":"Defragment","floor":18.0},{"not_picked":["Sweeping Beam","Barrage+1"],"picked":"Leap+1","floor":21.0},{"not_picked":["Streamline","Leap"],"picked":"Ball Lightning","floor":23},{"not_picked":["Reprogram","Gash","Rebound"],"picked":"SKIP","floor":24},{"not_picked":["Rebound","Streamline"],"picked":"Stack","floor":25},{"not_picked":["Darkness","Skim"],"picked":"Seek","floor":28}],"player_experience":732881,"relics_obtained":[{"floor":4.0,"key":"Bag of Preparation"},{"floor":6.0,"key":"Nunchaku"},{"floor":8.0,"key":"Vajra"},{"floor":11.0,"key":"Strawberry"},{"floor":13.0,"key":"Pear"},{"floor":23,"key":"Lantern"},{"floor":26,"key":"War Paint"},{"floor":28,"key":"Dream Catcher"}],"event_choices":[{"damage_healed":0.0,"max_hp_gain":0.0,"max_hp_loss":0.0,"gold_gain":0.0,"event_name":"Living Wall","player_choice":"Grow","floor":5.0,"gold_loss":0.0,"damage_taken":0.0,"cards_upgraded":["Zap"]},{"damage_healed":0.0,"max_hp_gain":0.0,"max_hp_loss":7.0,"gold_gain":0.0,"event_name":"Golden Idol","player_choice":"Lose Max HP","floor":10.0,"gold_loss":0.0,"damage_taken":0.0,"relics_obtained":["Golden Idol"]},{"damage_healed":0.0,"max_hp_gain":0.0,"max_hp_loss":0.0,"gold_gain":0.0,"event_name":"Cursed Tome","player_choice":"Ignored","floor":19.0,"gold_loss":0.0,"damage_taken":0.0},{"damage_healed":0.0,"max_hp_gain":0.0,"max_hp_loss":0.0,"gold_gain":0.0,"cards_transformed":["Strike_B"],"event_name":"Transmorgrifier","player_choice":"Transformed","floor":22.0,"gold_loss":0.0,"damage_taken":0.0,"cards_obtained":["Sunder"]}],"is_beta":false,"boss_relics":[{"not_picked":["Eternal Feather","Empty Cage"],"picked":"Coffee Dripper"}],"items_purged_floors":[20],"is_endless":false,"potions_floor_spawned":[2,3,6,7,16,18,24],"killed_by":"Snake Plant","ascension_level":17}