{"gold_per_floor":[115,115,128,53,66,66,93,93,93,18,93,119,41,59,59,137,137,150,150,170,170,185,185,203,235,235,253,253,253,265,165,165,241,241,255,275,1274,1274,256,256,267,267,267,296,296,321,333,333,333,333],"floor_reached":51,"playtime":2248,"items_purged":["Strike_R","Strike_R+1","Normality"],"score":1445,"play_id":"05a5ee55-517b-4cd7-9311-ac7c3dfdf7e7","local_time":"20190526230011","is_ascension_mode":true,"campfire_choices":[{"data":"Berserk","floor":6,"key":"SMITH"},{"data":"Twin Strike","floor":8,"key":"SMITH"},{"data":"Immolate","floor":15,"key":"SMITH"},{"data":"Uppercut","floor":23,"key":"SMITH"},{"floor":28,"key":"REST"},{"floor":32,"key":"REST"},{"data":"Demon Form","floor":40,"key":"SMITH"},{"data":"Evolve","floor":42,"key":"SMITH"},{"data":"Limit Break","floor":45,"key":"SMITH"},{"floor":49,"key":"REST"}],"neow_cost":"NONE","seed_source_timestamp":42536358703727,"circlet_count":0,"master_deck":["AscendersBane","Strike_R+1","Strike_R+1","Defend_R+1","Defend_R+1","Defend_R+1","Defend_R+1","Bash+1","Berserk+1","Shrug It Off","Evolve+1","Twin Strike+1","Wild Strike+1","Immolate+1","Inflame","Cleave","Uppercut+1","Shrug It Off","Headbutt","Demon Form+1","Barricade","Normality","Clothesline","Limit Break+1","Clothesline+1","Power Through+1","Heavy Blade+1","Heavy Blade+1","Inflame+1"],"relics":["Burning Blood","StoneCalendar","Ice Cream","Bottled Tornado","Sozu","Dream Catcher","Whetstone","Snecko Eye","Gambling Chip","HandDrill","Singing Bowl","Shuriken","Self Forming Clay","Orichalcum"],"potions_floor_usage":[12,16,50],"damage_taken":[{"damage":12,"enemies":"Jaw Worm","floor":1,"turns":3},{"damage":6,"enemies":"2 Louse","floor":3,"turns":4},{"damage":3,"enemies":"Cultist","floor":5,"turns":4},{"damage":30,"enemies":"Lagavulin","floor":7,"turns":6},{"damage":19,"enemies":"Gremlin Nob","floor":12,"turns":4},{"damage":0,"enemies":"3 Louse","floor":14,"turns":2},{"damage":0,"enemies":"Slime Boss","floor":16,"turns":5},{"damage":33,"enemies":"Shell Parasite","floor":18,"turns":4},{"damage":29,"enemies":"2 Thieves","floor":20,"turns":3},{"damage":23,"enemies":"Centurion and Healer","floor":22,"turns":6},{"damage":22,"enemies":"Shelled Parasite and Fungi","floor":24,"turns":5},{"damage":42,"enemies":"Slavers","floor":25,"turns":4},{"damage":7,"enemies":"Snecko","floor":27,"turns":4},{"damage":1,"enemies":"3 Cultists","floor":30,"turns":3},{"damage":35,"enemies":"Champ","floor":33,"turns":10},{"damage":5,"enemies":"3 Shapes","floor":35,"turns":6},{"damage":8,"enemies":"Orb Walker","floor":36,"turns":3},{"damage":17,"enemies":"Writhing Mass","floor":41,"turns":6},{"damage":18,"enemies":"Giant Head","floor":44,"turns":6},{"damage":0,"enemies":"Reptomancer","floor":46,"turns":2},{"damage":0,"enemies":"Jaw Worm Horde","floor":47,"turns":2},{"damage":54,"enemies":"Time Eater","floor":50,"turns":6}],"seed_played":"-5911638371085377728","potions_obtained":[{"floor":3,"key":"SkillPotion"},{"floor":7,"key":"Block Potion"},{"floor":12,"key":"Block Potion"}],"is_trial":false,"path_per_floor":["M","?","M","?","M","R","E","R","T","$","?","E","$","M","R","B",null,"M","?","M","?","M","R","M","E","T","M","R","?","M","$","R","B",null,"M","M","?","?","$","R","M","R","T","E","R","E","M","?","R","B",null],"character_chosen":"IRONCLAD","items_purchased":["Immolate","Gambling Chip","HandDrill","Clothesline","Singing Bowl","Limit Break"],"campfire_rested":3,"item_purchase_floors":[13,39,39,39,39,39],"current_hp_per_floor":[62,62,62,62,65,65,41,41,41,41,30,17,17,23,23,29,64,37,85,62,85,68,68,52,16,16,15,40,40,45,45,70,41,74,75,73,73,73,73,73,62,62,62,50,50,56,62,62,85,37],"gold":333,"neow_bonus":"ONE_RANDOM_RARE_CARD","is_prod":false,"is_daily":false,"chose_seed":false,"campfire_upgraded":7,"win_rate":0,"timestamp":1558904411,"path_taken":["M","?","M","?","M","R","E","R","T","$","?","E","$","M","R","BOSS","M","?","?","?","?","R","M","E","T","M","R","?","M","$","R","BOSS","M","M","?","?","$","R","M","R","T","E","R","E","M","?","R","BOSS"],"build_version":"2019-01-23","purchased_purges":3,"victory":true,"max_hp_per_floor":[75,75,75,75,75,75,75,75,75,75,75,75,75,75,75,75,75,75,85,85,85,85,85,85,85,85,85,85,85,85,85,85,85,85,85,85,85,85,85,85,85,85,85,85,85,85,85,85,85,85],"card_choices":[{"not_picked":["Thunderclap","Sword Boomerang"],"picked":"Shrug It Off","floor":1},{"not_picked":["Disarm","True Grit","Dual Wield"],"picked":"SKIP","floor":3},{"not_picked":["Twin Strike","Thunderclap"],"picked":"Evolve","floor":5},{"not_picked":["Perfected Strike","Sword Boomerang"],"picked":"Twin Strike","floor":7},{"not_picked":["Shockwave","Thunderclap"],"picked":"Wild Strike","floor":12},{"not_picked":["Dropkick","Thunderclap"],"picked":"Inflame","floor":14},{"not_picked":["Brutality","Impervious"],"picked":"Bludgeon","floor":16},{"not_picked":["Flex","Clothesline"],"picked":"Cleave","floor":18},{"not_picked":["Berserk","Flex+1","Carnage"],"picked":"SKIP","floor":20},{"not_picked":["Pommel Strike+1","Cleave"],"picked":"Uppercut","floor":22},{"not_picked":["Sever Soul","Dual Wield"],"picked":"Shrug It Off","floor":24},{"not_picked":["Clothesline","Perfected Strike","Blood for Blood"],"picked":"SKIP","floor":25},{"not_picked":["Wild Strike","Pommel Strike","Cleave+1"],"picked":"SKIP","floor":27},{"not_picked":["Rupture","True Grit+1"],"picked":"Headbutt","floor":28},{"not_picked":["Anger","Disarm"],"picked":"Demon Form","floor":30},{"not_picked":["Iron Wave","Twin Strike"],"picked":"Shrug It Off","floor":32},{"not_picked":["Immolate","Berserk"],"picked":"Barricade","floor":33},{"not_picked":["Havoc+1","Thunderclap","Ghostly Armor"],"picked":"SKIP","floor":35},{"not_picked":["Flex","Dropkick","Cleave"],"picked":"SKIP","floor":36},{"not_picked":["Metallicize+1","Havoc"],"picked":"Clothesline+1","floor":41},{"not_picked":["Shrug It Off","Dropkick"],"picked":"Power Through+1","floor":44},{"not_picked":["Brutality","Shrug It Off"],"picked":"Heavy Blade","floor":46},{"not_picked":["Pommel Strike","Iron Wave+1"],"picked":"Heavy Blade+1","floor":47},{"not_picked":["Pommel Strike","Perfected Strike"],"picked":"Inflame+1","floor":49}],"player_experience":87230,"relics_obtained":[{"floor":7,"key":"StoneCalendar"},{"floor":9,"key":"Ice Cream"},{"floor":12,"key":"Bottled Tornado"},{"floor":25,"key":"Dream Catcher"},{"floor":26,"key":"Whetstone"},{"floor":43,"key":"Shuriken"},{"floor":44,"key":"Self Forming Clay"},{"floor":46,"key":"Orichalcum"}],"event_choices":[{"damage_healed":0,"gold_gain":0,"player_choice":"Grow","damage_taken":0,"max_hp_gain":0,"max_hp_loss":0,"event_name":"Living Wall","floor":2,"gold_loss":0,"cards_upgraded":["Bash"]},{"cards_removed":["Strike_R"],"damage_healed":0,"gold_gain":0,"player_choice":"Card Removal","damage_taken":0,"max_hp_gain":0,"max_hp_loss":0,"event_name":"The Cleric","floor":4,"gold_loss":75},{"damage_healed":0,"gold_gain":75,"player_choice":"Gather Gold","damage_taken":11,"max_hp_gain":0,"max_hp_loss":0,"event_name":"World of Goop","floor":11,"gold_loss":0},{"cards_removed":["Bludgeon"],"damage_healed":38,"gold_gain":0,"player_choice":"Offered Rare","damage_taken":0,"max_hp_gain":10,"max_hp_loss":0,"event_name":"Bonfire Elementals","floor":19,"gold_loss":0},{"damage_healed":23,"gold_gain":0,"player_choice":"Full Heal","damage_taken":0,"max_hp_gain":0,"max_hp_loss":0,"event_name":"Wheel of Change","floor":21,"gold_loss":0},{"damage_healed":0,"gold_gain":0,"player_choice":"Simplicity","damage_taken":0,"max_hp_gain":0,"max_hp_loss":0,"event_name":"Back to Basics","floor":29,"gold_loss":0,"cards_upgraded":["Strike_R","Strike_R","Defend_R","Defend_R","Defend_R","Defend_R"]},{"damage_healed":0,"gold_gain":999,"player_choice":"Gold","damage_taken":0,"max_hp_gain":0,"max_hp_loss":0,"event_name":"MindBloom","floor":37,"gold_loss":0,"cards_obtained":["Normality","Normality"]},{"cards_removed":["Shrug It Off"],"damage_healed":0,"gold_gain":0,"player_choice":"Removed Skill","damage_taken":0,"max_hp_gain":0,"max_hp_loss":0,"event_name":"Falling","floor":38,"gold_loss":0},{"damage_healed":0,"gold_gain":0,"player_choice":"Forge","damage_taken":0,"max_hp_gain":0,"max_hp_loss":0,"event_name":"Accursed Blacksmith","floor":48,"gold_loss":0,"cards_upgraded":["Heavy Blade"]}],"is_beta":false,"boss_relics":[{"not_picked":["Runic Cube","Ectoplasm"],"picked":"Sozu"},{"not_picked":["Velvet Choker","Black Blood"],"picked":"Snecko Eye"}],"items_purged_floors":[10,31,39],"is_endless":false,"potions_floor_spawned":[3,7,12,22,24,30,36,41,44,46],"ascension_level":15}