{"gold_per_floor":[111,111,124,143,163,188,188,203,248,275,290,301,301,327,327,424,424,442,456,466,91,102,132,132,163,212,227,237,162,196,72,72,175,175,189,206,219,229,248,248],"floor_reached":40,"playtime":5387,"items_purged":["Strike_R","Strike_R"],"score":626,"play_id":"3ef3e9cf-b82c-4182-a135-b0f49e735eb9","local_time":"20190517233625","is_ascension_mode":true,"campfire_choices":[{"floor":7.0,"key":"RECALL"},{"floor":15.0,"key":"REST"},{"data":"Flame Barrier","floor":24.0,"key":"SMITH"},{"data":"Carnage","floor":32,"key":"SMITH"}],"neow_cost":"NONE","seed_source_timestamp":0,"circlet_count":0,"master_deck":["Strike_R","Defend_R","Defend_R","Defend_R+1","Defend_R","Bash","Cleave","Shockwave+1","Armaments","Disarm","Clothesline","Offering","Flame Barrier+1","Carnage+1","Feed","True Grit+1","Spot Weakness","Battle Trance","Cleave+1","Entrench","Rampage","Feel No Pain","Barricade","Shrug It Off","Dark Embrace","Armaments+1","Body Slam+1","Parasite","Body Slam+1","True Grit+1"],"special_seed":0,"relics":["Burning Blood","Bag of Preparation","Anchor","Shuriken","PreservedInsect","Mark of Pain","Lee\u0027s Waffle","Bag of Marbles","Girya","War Paint","Charon\u0027s Ashes","Velvet Choker"],"potions_floor_usage":[30,38,38,40],"damage_taken":[{"damage":4.0,"enemies":"2 Louse","floor":1.0,"turns":4.0},{"damage":1.0,"enemies":"Cultist","floor":3.0,"turns":3.0},{"damage":4.0,"enemies":"Jaw Worm","floor":4.0,"turns":4.0},{"damage":7.0,"enemies":"Gremlin Gang","floor":5.0,"turns":2.0},{"damage":32.0,"enemies":"3 Sentries","floor":6.0,"turns":9.0},{"damage":8.0,"enemies":"Blue Slaver","floor":8.0,"turns":5.0},{"damage":22.0,"enemies":"Lagavulin","floor":10.0,"turns":10.0},{"damage":6.0,"enemies":"3 Louse","floor":11.0,"turns":2.0},{"damage":6.0,"enemies":"Exordium Wildlife","floor":12.0,"turns":4.0},{"damage":26.0,"enemies":"Gremlin Nob","floor":14.0,"turns":5.0},{"damage":30.0,"enemies":"The Guardian","floor":16.0,"turns":13.0},{"damage":17.0,"enemies":"2 Thieves","floor":18.0,"turns":3.0},{"damage":6.0,"enemies":"3 Byrds","floor":19.0,"turns":2.0},{"damage":37.0,"enemies":"Snecko","floor":20.0,"turns":6.0},{"damage":16.0,"enemies":"Sentry and Sphere","floor":22.0,"turns":5.0},{"damage":0.0,"enemies":"Gremlin Leader","floor":23.0,"turns":4.0},{"damage":17.0,"enemies":"Slavers","floor":25.0,"turns":3.0},{"damage":22.0,"enemies":"Cultist and Chosen","floor":27.0,"turns":8.0},{"damage":41,"enemies":"Centurion and Healer","floor":28,"turns":7},{"damage":12,"enemies":"Book of Stabbing","floor":30,"turns":6},{"damage":11,"enemies":"Champ","floor":33,"turns":19},{"damage":6,"enemies":"Orb Walker","floor":35,"turns":2},{"damage":0,"enemies":"3 Shapes","floor":36,"turns":5},{"damage":33,"enemies":"Maw","floor":37,"turns":9},{"damage":49,"enemies":"Writhing Mass","floor":38,"turns":6},{"damage":18,"enemies":"Sphere and 2 Shapes","floor":39,"turns":5},{"damage":46,"enemies":"Reptomancer","floor":40,"turns":3}],"seed_played":"256539819361131759","potions_obtained":[{"floor":4.0,"key":"Ancient Potion"},{"floor":5.0,"key":"Poison Potion"},{"floor":6.0,"key":"EntropicBrew"},{"floor":16.0,"key":"Energy Potion"},{"floor":22.0,"key":"LiquidBronze"},{"floor":25.0,"key":"Regen Potion"},{"floor":28,"key":"Regen Potion"},{"floor":30,"key":"FairyPotion"},{"floor":35,"key":"Explosive Potion"},{"floor":38,"key":"Strength Potion"}],"is_trial":false,"path_per_floor":["M","?","M","M","M","E","R","M","T","E","M","M","?","E","R","B",null,"M","M","M","$","M","E","R","E","T","M","M","?","E","$","R","B",null,"M","M","M","M","M","E"],"character_chosen":"IRONCLAD","items_purchased":["Lee\u0027s Waffle","Spot Weakness","Battle Trance","Shrug It Off"],"campfire_rested":1,"item_purchase_floors":[21,21,21,31],"current_hp_per_floor":[80,80,80,80,79,53,53,51,51,35,35,35,35,15,39,15,80,72,75,47,96,89,95,95,87,87,89,54,54,63,63,63,61,108,108,108,81,38,26,0],"gold":248,"neow_bonus":"RANDOM_COMMON_RELIC","is_prod":false,"is_daily":false,"chose_seed":false,"campfire_upgraded":2,"win_rate":0,"timestamp":1558128985,"path_taken":["M","?","?","M","M","E","R","M","T","E","M","M","?","E","R","BOSS","M","?","M","$","M","E","R","E","T","M","M","?","E","$","R","BOSS","M","M","M","M","M","E"],"build_version":"2019-01-23","purchased_purges":2,"victory":false,"max_hp_per_floor":[80,80,80,80,80,80,80,80,80,80,80,80,80,80,80,80,80,83,86,89,96,99,99,99,102,102,105,105,105,105,105,105,108,108,108,108,108,108,108,108],"card_choices":[{"not_picked":["Body Slam","Warcry"],"picked":"Cleave","floor":1.0},{"not_picked":["Second Wind","Clash"],"picked":"Shockwave","floor":3.0},{"not_picked":["Bloodletting","Heavy Blade","Perfected Strike"],"picked":"SKIP","floor":4.0},{"not_picked":["Thunderclap","Clash"],"picked":"Armaments","floor":5.0},{"not_picked":["Fire Breathing","Clash"],"picked":"Disarm","floor":6.0},{"not_picked":["Iron Wave","Cleave"],"picked":"Clothesline","floor":8.0},{"not_picked":["True Grit","Iron Wave"],"picked":"Offering","floor":10.0},{"not_picked":["Clash","Second Wind","Reckless Charge"],"picked":"SKIP","floor":11.0},{"not_picked":["Intimidate","Dropkick","Havoc"],"picked":"SKIP","floor":12.0},{"not_picked":["Brutality","Iron Wave"],"picked":"Carnage","floor":14.0},{"not_picked":["Reaper","Brutality"],"picked":"Feed","floor":16.0},{"not_picked":["Rampage","Wild Strike"],"picked":"True Grit+1","floor":18.0},{"not_picked":["Intimidate","Perfected Strike","Body Slam"],"picked":"SKIP","floor":19.0},{"not_picked":["Infernal Blade","Thunderclap","Clothesline"],"picked":"SKIP","floor":20.0},{"not_picked":["Pommel Strike","Combust"],"picked":"Cleave+1","floor":22.0},{"not_picked":["Anger+1","Dual Wield"],"picked":"Entrench","floor":23.0},{"not_picked":["Infernal Blade","Sever Soul","Wild Strike"],"picked":"SKIP","floor":25.0},{"not_picked":["Anger+1","Intimidate"],"picked":"Rampage","floor":27.0},{"not_picked":["Blood for Blood+1","Dark Embrace"],"picked":"Feel No Pain","floor":28},{"not_picked":["Clash","Iron Wave"],"picked":"Barricade","floor":30},{"not_picked":["Reaper","Brutality"],"picked":"Dark Embrace","floor":33},{"not_picked":["Anger","Feel No Pain+1"],"picked":"Armaments+1","floor":35},{"not_picked":["True Grit+1","Shrug It Off+1"],"picked":"Body Slam+1","floor":36},{"not_picked":["Sword Boomerang","Thunderclap+1","Brutality"],"picked":"SKIP","floor":37},{"not_picked":["Blood for Blood+1","Perfected Strike+1"],"picked":"Body Slam+1","floor":38},{"not_picked":["Iron Wave+1","Anger+1"],"picked":"True Grit+1","floor":39}],"player_experience":292847,"relics_obtained":[{"floor":6.0,"key":"Anchor"},{"floor":10.0,"key":"Shuriken"},{"floor":14.0,"key":"PreservedInsect"},{"floor":23.0,"key":"Bag of Marbles"},{"floor":25.0,"key":"Girya"},{"floor":26.0,"key":"War Paint"},{"floor":30,"key":"Charon\u0027s Ashes"}],"event_choices":[{"cards_removed":["Strike_R"],"damage_healed":0.0,"max_hp_gain":0.0,"max_hp_loss":0.0,"gold_gain":0.0,"event_name":"Bonfire Elementals","player_choice":"Offered Basic","floor":2.0,"gold_loss":0.0,"damage_taken":0.0},{"damage_healed":0.0,"max_hp_gain":0.0,"max_hp_loss":0.0,"gold_gain":0.0,"event_name":"Match and Keep!","player_choice":"1 cards matched","floor":13.0,"gold_loss":0.0,"damage_taken":0.0,"cards_obtained":["Flame Barrier"]},{"cards_removed":["Strike_R"],"damage_healed":0,"gold_gain":0,"player_choice":"Gave Gold","damage_taken":0,"max_hp_gain":0,"max_hp_loss":0,"event_name":"Beggar","floor":29,"gold_loss":75}],"is_beta":false,"boss_relics":[{"not_picked":["Busted Crown","Empty Cage"],"picked":"Mark of Pain"},{"not_picked":["Tiny House","Fusion Hammer"],"picked":"Velvet Choker"}],"items_purged_floors":[21,31],"is_endless":false,"potions_floor_spawned":[4,5,6,8,16,20,22,25,28,30,35,38],"killed_by":"Reptomancer","ascension_level":4}