{"gold_per_floor":[111,111,131,149,162,190,190,201,201,166,166,166],"floor_reached":12,"playtime":1013,"items_purged":[],"score":96,"play_id":"c5cb61df-6b06-40e2-b543-1b5acaa9ad3e","local_time":"20190513215909","is_ascension_mode":true,"campfire_choices":[{"floor":7,"key":"RECALL"}],"neow_cost":"NONE","seed_source_timestamp":84532264060600,"circlet_count":0,"master_deck":["Strike_R","Strike_R","Strike_R","Strike_R","Strike_R","Defend_R","Defend_R","Defend_R","Defend_R","Bash","Ghostly Armor","Evolve","Flame Barrier","Armaments","Injury"],"relics":["Burning Blood","Ancient Tea Set","Golden Idol"],"potions_floor_usage":[6,12],"damage_taken":[{"damage":6,"enemies":"Cultist","floor":1,"turns":4},{"damage":9,"enemies":"2 Louse","floor":3,"turns":3},{"damage":23,"enemies":"Small Slimes","floor":4,"turns":7},{"damage":9,"enemies":"3 Louse","floor":5,"turns":5},{"damage":25,"enemies":"3 Sentries","floor":6,"turns":14},{"damage":0,"enemies":"Red Slaver","floor":8,"turns":4},{"damage":80,"enemies":"Gremlin Nob","floor":12,"turns":6}],"seed_played":"8985636052024642285","potions_obtained":[{"floor":4,"key":"GamblersBrew"},{"floor":6,"key":"Explosive Potion"},{"floor":8,"key":"EssenceOfSteel"}],"is_trial":false,"path_per_floor":["M","?","M","M","M","E","R","M","T","?","?","E"],"character_chosen":"IRONCLAD","items_purchased":[],"campfire_rested":0,"item_purchase_floors":[],"current_hp_per_floor":[88,88,85,68,65,46,46,52,52,74,74,0],"gold":166,"neow_bonus":"TEN_PERCENT_HP_BONUS","is_prod":false,"is_daily":false,"chose_seed":false,"campfire_upgraded":0,"win_rate":0,"timestamp":1557777549,"path_taken":["M","?","M","M","M","E","R","M","T","?","?","E"],"build_version":"2019-01-23","purchased_purges":0,"victory":false,"max_hp_per_floor":[88,88,88,88,88,88,88,88,88,88,88,88],"card_choices":[{"not_picked":["Sword Boomerang","Twin Strike"],"picked":"Ghostly Armor","floor":1},{"not_picked":["Combust","True Grit"],"picked":"Evolve","floor":3},{"not_picked":["Headbutt","Pummel"],"picked":"Flame Barrier","floor":4},{"not_picked":["Rage","Havoc","Twin Strike"],"picked":"SKIP","floor":5},{"not_picked":["Entrench","Anger"],"picked":"Armaments","floor":6},{"not_picked":["Pummel","Dual Wield","Havoc"],"picked":"SKIP","floor":8}],"player_experience":286753,"relics_obtained":[{"floor":6,"key":"Ancient Tea Set"}],"event_choices":[{"damage_healed":0,"gold_gain":0,"player_choice":"Ignored","damage_taken":0,"max_hp_gain":0,"max_hp_loss":0,"event_name":"Golden Wing","floor":2,"gold_loss":0},{"damage_healed":22,"gold_gain":0,"player_choice":"Healed","damage_taken":0,"max_hp_gain":0,"max_hp_loss":0,"event_name":"The Cleric","floor":10,"gold_loss":35},{"damage_healed":0,"gold_gain":0,"player_choice":"Take Wound","damage_taken":0,"relics_obtained":["Golden Idol"],"max_hp_gain":0,"max_hp_loss":0,"event_name":"Golden Idol","floor":11,"gold_loss":0,"cards_obtained":["Injury"]}],"is_beta":false,"boss_relics":[],"items_purged_floors":[],"is_endless":false,"potions_floor_spawned":[4,6,8],"killed_by":"Gremlin Nob","ascension_level":4}