{"gold_per_floor":[117,117,82,82,97,97,123,142,165,180,193,193,41,61,61,135,135,154,154,154],"floor_reached":20,"playtime":2125,"items_purged":["Strike_R"],"score":331,"play_id":"9c8b5797-2d41-4bf6-b708-d27ae848f050","local_time":"20190605164107","is_ascension_mode":true,"campfire_choices":[{"data":"Searing Blow","floor":6.0,"key":"SMITH"},{"floor":12.0,"key":"REST"},{"data":"True Grit","floor":15.0,"key":"SMITH"}],"neow_cost":"NONE","seed_source_timestamp":1204643541403113,"circlet_count":0,"master_deck":["AscendersBane","Strike_R","Strike_R","Defend_R","Defend_R+1","Defend_R","Defend_R","Bash+1","Rupture","Searing Blow+1","Shrug It Off","Armaments+1","Thunderclap","Battle Trance","Demon Form+1","True Grit+1","True Grit","Shrug It Off","Flame Barrier","Shrug It Off","Reaper","Flame Barrier+1"],"special_seed":0,"relics":["Orrery","Orichalcum","Pen Nib","Empty Cage"],"potions_floor_usage":[],"damage_taken":[{"damage":0.0,"enemies":"2 Louse","floor":1.0,"turns":3.0},{"damage":14.0,"enemies":"Small Slimes","floor":5.0,"turns":5.0},{"damage":26.0,"enemies":"Lagavulin","floor":7.0,"turns":9.0},{"damage":3.0,"enemies":"Cultist","floor":8.0,"turns":5.0},{"damage":8.0,"enemies":"Gremlin Gang","floor":10.0,"turns":6.0},{"damage":1.0,"enemies":"Large Slime","floor":11.0,"turns":5.0},{"damage":8.0,"enemies":"Lots of Slimes","floor":14.0,"turns":5.0},{"damage":11.0,"enemies":"The Guardian","floor":16.0,"turns":13.0},{"damage":35.0,"enemies":"Chosen","floor":18.0,"turns":9.0},{"damage":26,"enemies":"Spheric Guardian","floor":20,"turns":5}],"seed_played":"-2389177222020657437","potions_obtained":[{"floor":5.0,"key":"Poison Potion"},{"floor":10.0,"key":"Strength Potion"},{"floor":11.0,"key":"EssenceOfSteel"},{"floor":16.0,"key":"SpeedPotion"}],"is_trial":false,"path_per_floor":["M","?","?","?","M","R","E","M","T","M","M","R","$","M","R","B",null,"M","?","M"],"character_chosen":"IRONCLAD","items_purchased":["Flame Barrier"],"campfire_rested":1,"item_purchase_floors":[13],"current_hp_per_floor":[68,45,63,63,49,49,23,20,20,12,11,33,33,25,25,14,60,25,25,0],"gold":154,"neow_bonus":"BOSS_RELIC","is_prod":false,"is_daily":false,"chose_seed":false,"campfire_upgraded":2,"win_rate":0,"timestamp":1559778067,"path_taken":["M","?","?","?","M","R","E","?","T","M","?","R","$","M","R","BOSS","M","?","?"],"build_version":"2019-01-23","purchased_purges":1,"victory":false,"max_hp_per_floor":[75,75,75,75,75,75,75,75,75,75,75,75,75,75,75,75,75,75,75,75],"card_choices":[{"not_picked":["True Grit","Disarm"],"picked":"Rupture","floor":0.0},{"not_picked":["Twin Strike","Pommel Strike"],"picked":"Searing Blow","floor":0.0},{"not_picked":["Fire Breathing","Iron Wave"],"picked":"Shrug It Off","floor":0.0},{"not_picked":["Iron Wave","Hemokinesis"],"picked":"Armaments","floor":0.0},{"not_picked":["Sword Boomerang","Rage"],"picked":"Thunderclap","floor":0.0},{"not_picked":["Heavy Blade","Ghostly Armor"],"picked":"Battle Trance","floor":1.0},{"not_picked":["Warcry","Twin Strike"],"picked":"Demon Form","floor":5.0},{"not_picked":["Sword Boomerang","Perfected Strike"],"picked":"True Grit","floor":7.0},{"not_picked":["Anger","Sword Boomerang","Twin Strike"],"picked":"SKIP","floor":8.0},{"not_picked":["Twin Strike","Berserk"],"picked":"True Grit","floor":10.0},{"not_picked":["Havoc","Carnage"],"picked":"Shrug It Off","floor":11.0},{"not_picked":["Body Slam","True Grit"],"picked":"Shrug It Off","floor":14.0},{"not_picked":["Limit Break","Feed"],"picked":"Reaper","floor":16.0},{"not_picked":["Dropkick","True Grit"],"picked":"Flame Barrier+1","floor":18.0}],"player_experience":814517,"relics_obtained":[{"floor":7.0,"key":"Orichalcum"},{"floor":9.0,"key":"Pen Nib"}],"event_choices":[{"damage_healed":0.0,"max_hp_gain":0.0,"max_hp_loss":0.0,"gold_gain":0.0,"event_name":"Shining Light","player_choice":"Entered Light","floor":2.0,"gold_loss":0.0,"damage_taken":23.0,"cards_upgraded":["Defend_R","Bash"]},{"damage_healed":18.0,"max_hp_gain":0.0,"max_hp_loss":0.0,"gold_gain":0.0,"event_name":"The Cleric","player_choice":"Healed","floor":3.0,"gold_loss":35.0,"damage_taken":0.0},{"damage_healed":0.0,"max_hp_gain":0.0,"max_hp_loss":0.0,"gold_gain":0.0,"event_name":"Upgrade Shrine","player_choice":"Upgraded","floor":4.0,"gold_loss":0.0,"damage_taken":0.0,"cards_upgraded":["Armaments"]},{"damage_healed":0.0,"max_hp_gain":0.0,"max_hp_loss":0.0,"gold_gain":0.0,"event_name":"Upgrade Shrine","player_choice":"Upgraded","floor":19.0,"gold_loss":0.0,"damage_taken":0.0,"cards_upgraded":["Demon Form"]}],"is_beta":false,"boss_relics":[{"not_picked":["Tiny House","Runic Dome"],"picked":"Empty Cage"}],"items_purged_floors":[13],"is_endless":false,"potions_floor_spawned":[5,10,11,16],"killed_by":"Spheric Guardian","ascension_level":18}