{"gold_per_floor":[219,219,219,66,81,81,93,93,93,93,41,51,80,99,99,173,173,185,185,39,89,89,89,0,0,12,24,55,81,18,46,58,70],"floor_reached":33,"playtime":1079,"items_purged":["Regret","Regret"],"score":425,"play_id":"29cbbfd5-e1f1-4472-b95d-7c6d25ed2590","local_time":"20190607061955","is_ascension_mode":true,"campfire_choices":[{"floor":6,"key":"DIG"},{"floor":8,"key":"DIG"},{"floor":10,"key":"DIG"},{"floor":15,"key":"REST"},{"floor":23,"key":"DIG"},{"floor":25,"key":"DIG"},{"floor":27,"key":"REST"},{"floor":32,"key":"REST"}],"neow_cost":"NONE","seed_source_timestamp":264017959992600,"circlet_count":0,"master_deck":["AscendersBane","Defend_G","Defend_G","Defend_G","Defend_G","Defend_G","Strike_G","Strike_G","Strike_G","Strike_G","Survivor","Neutralize","Prepared","Leg Sweep","Accuracy","Blur","Deadly Poison","Blade Dance","Finisher","Dagger Spray","Blade Dance","Burst","Decay","Writhe","Impatience+1","Distraction+1","Outmaneuver+1"],"relics":["Ring of the Snake","Shovel","Ancient Tea Set","Singing Bowl","Du-Vu Doll","Oddly Smooth Stone","Gremlin Horn","Calling Bell","Orichalcum","The Courier","FossilizedHelix","Toxic Egg 2","Thread and Needle","MawBank","Bottled Flame"],"potions_floor_usage":[16,29,33],"damage_taken":[{"damage":1,"enemies":"Small Slimes","floor":1,"turns":4},{"damage":3,"enemies":"Jaw Worm","floor":5,"turns":6},{"damage":2,"enemies":"2 Louse","floor":7,"turns":4},{"damage":0,"enemies":"Blue Slaver","floor":12,"turns":4},{"damage":33,"enemies":"Lagavulin","floor":13,"turns":7},{"damage":1,"enemies":"Large Slime","floor":14,"turns":4},{"damage":32,"enemies":"Slime Boss","floor":16,"turns":7},{"damage":18,"enemies":"Spheric Guardian","floor":18,"turns":5},{"damage":0,"enemies":"2 Thieves","floor":28,"turns":2},{"damage":0,"enemies":"Chosen and Byrds","floor":29,"turns":3},{"damage":14,"enemies":"Snecko","floor":31,"turns":6},{"damage":67,"enemies":"Champ","floor":33,"turns":12}],"seed_played":"-5013855075114436537","potions_obtained":[{"floor":13,"key":"SteroidPotion"},{"floor":16,"key":"LiquidBronze"},{"floor":28,"key":"AttackPotion"}],"is_trial":false,"path_per_floor":["M","?","?","$","M","R","M","R","T","R","$","M","E","M","R","B",null,"M","?","$","?","?","R","?","R","T","R","M","M","?","M","R","B"],"character_chosen":"THE_SILENT","items_purchased":["Accuracy","Blade Dance","Impatience+1"],"campfire_rested":3,"item_purchase_floors":[4,11,20],"current_hp_per_floor":[58,58,58,58,55,55,53,53,53,53,53,53,20,19,38,6,51,35,35,35,35,35,35,35,35,35,55,55,57,57,43,64,0],"gold":70,"neow_bonus":"HUNDRED_GOLD","is_prod":false,"is_daily":false,"chose_seed":false,"campfire_upgraded":0,"win_rate":0,"timestamp":1559913595,"path_taken":["M","?","?","$","M","R","M","R","T","R","$","M","E","M","R","BOSS","M","?","$","?","?","R","?","R","T","R","M","?","?","M","R","BOSS"],"build_version":"2019-01-23","purchased_purges":2,"victory":false,"max_hp_per_floor":[66,66,66,66,66,66,66,66,66,66,66,66,66,66,66,66,66,68,68,68,68,68,68,68,68,68,68,68,70,70,70,70,70],"card_choices":[{"not_picked":["Quick Slash","Blade Dance"],"picked":"Prepared","floor":1},{"not_picked":["Backflip","Reflex"],"picked":"Blur","floor":5},{"not_picked":["Crippling Poison","Bane"],"picked":"Deadly Poison","floor":7},{"not_picked":["Sucker Punch","Outmaneuver"],"picked":"Finisher","floor":12},{"not_picked":["Glass Knife","Crippling Poison"],"picked":"Dagger Spray","floor":13},{"not_picked":["Sucker Punch","Dodge and Roll"],"picked":"Blade Dance","floor":14},{"not_picked":["Unload","Grand Finale"],"picked":"Burst","floor":16},{"not_picked":["Acrobatics","Heel Hook","Leg Sweep"],"picked":"Singing Bowl","floor":18},{"not_picked":["Heel Hook","PiercingWail+1"],"picked":"Distraction+1","floor":28},{"not_picked":["Flying Knee","Masterful Stab","Quick Slash"],"picked":"Singing Bowl","floor":29},{"not_picked":["Acrobatics+1","Masterful Stab"],"picked":"Outmaneuver+1","floor":31}],"player_experience":353984,"relics_obtained":[{"floor":6,"key":"Ancient Tea Set"},{"floor":8,"key":"Singing Bowl"},{"floor":9,"key":"Du-Vu Doll"},{"floor":10,"key":"Oddly Smooth Stone"},{"floor":13,"key":"Gremlin Horn"},{"floor":17,"key":"Orichalcum"},{"floor":17,"key":"The Courier"},{"floor":17,"key":"FossilizedHelix"},{"floor":23,"key":"Thread and Needle"},{"floor":25,"key":"MawBank"},{"floor":26,"key":"Bottled Flame"}],"event_choices":[{"damage_healed":0,"gold_gain":0,"cards_transformed":["Strike_G"],"player_choice":"Change","damage_taken":0,"max_hp_gain":0,"max_hp_loss":0,"event_name":"Living Wall","floor":2,"gold_loss":0,"cards_obtained":["Leg Sweep"]},{"damage_healed":0,"gold_gain":0,"player_choice":"Box","damage_taken":0,"relics_obtained":["Shovel"],"max_hp_gain":0,"max_hp_loss":0,"event_name":"Big Fish","floor":3,"gold_loss":0,"cards_obtained":["Regret"]},{"damage_healed":0,"gold_gain":0,"player_choice":"Opened","damage_taken":0,"relics_obtained":["Toxic Egg 2"],"max_hp_gain":0,"max_hp_loss":0,"event_name":"The Mausoleum","floor":19,"gold_loss":0,"cards_obtained":["Writhe"]},{"damage_healed":0,"gold_gain":50,"player_choice":"Stole From Cult","damage_taken":0,"max_hp_gain":0,"max_hp_loss":0,"event_name":"Nest","floor":21,"gold_loss":0},{"damage_healed":0,"gold_gain":0,"player_choice":"Ignored","damage_taken":0,"max_hp_gain":0,"max_hp_loss":0,"event_name":"Cursed Tome","floor":22,"gold_loss":0},{"damage_healed":0,"gold_gain":0,"player_choice":"Paid Fearfully","damage_taken":0,"max_hp_gain":0,"max_hp_loss":0,"event_name":"Masked Bandits","floor":24,"gold_loss":89},{"cards_removed":["Decay"],"damage_healed":0,"gold_gain":0,"player_choice":"Gave Gold","damage_taken":0,"max_hp_gain":0,"max_hp_loss":0,"event_name":"Beggar","floor":30,"gold_loss":75}],"is_beta":false,"boss_relics":[{"not_picked":["Fusion Hammer","HoveringKite"],"picked":"Calling Bell"}],"items_purged_floors":[4,20],"is_endless":false,"potions_floor_spawned":[13,16,28],"killed_by":"Champ","ascension_level":15}