{"gold_per_floor":[116,116,36,52,52,78,78,91,91,123,141,141,141,175,175,249,249,265,265,265,310,338,350,373,385,421,433,459,482,506,293,293,370,370,389,389],"floor_reached":36,"playtime":1362,"items_purged":[],"score":712,"play_id":"492e5867-0c29-4891-968a-c80e0990fd3c","local_time":"20190607065820","is_ascension_mode":true,"campfire_choices":[{"data":"Footwork","floor":7.0,"key":"SMITH"},{"floor":12.0,"key":"REST"},{"data":"Dodge and Roll","floor":15.0,"key":"SMITH"},{"data":"Noxious Fumes","floor":23.0,"key":"SMITH"},{"floor":25.0,"key":"REST"},{"data":"Blade Dance","floor":27.0,"key":"SMITH"},{"data":"Envenom","floor":32.0,"key":"SMITH"}],"neow_cost":"NONE","seed_source_timestamp":265845246857600,"circlet_count":0,"master_deck":["AscendersBane","Defend_G","Defend_G","Defend_G","Defend_G","Defend_G","Strike_G","Strike_G","Strike_G","Strike_G","Strike_G","Survivor","Neutralize","Blur","Bouncing Flask+1","Footwork+1","PiercingWail","Slice","Backflip","Dodge and Roll+1","Crippling Poison","PiercingWail","Noxious Fumes+1","After Image","Blade Dance+1","Quick Slash","Bouncing Flask+1","Envenom+1","Burst","Skewer"],"special_seed":0,"relics":["Ring of the Snake","NeowsBlessing","Blue Candle","Vajra","Pantograph","Matryoshka","Velvet Choker","MutagenicStrength","Shuriken","MawBank","Mummified Hand","Art of War","Membership Card","Eternal Feather"],"potions_floor_usage":[36],"damage_taken":[{"damage":0.0,"enemies":"Small Slimes","floor":1.0,"turns":1.0},{"damage":0.0,"enemies":"Cultist","floor":4.0,"turns":1.0},{"damage":0.0,"enemies":"Lagavulin","floor":6.0,"turns":1.0},{"damage":2.0,"enemies":"2 Louse","floor":8.0,"turns":4.0},{"damage":36.0,"enemies":"Gremlin Nob","floor":10.0,"turns":5.0},{"damage":0.0,"enemies":"2 Fungi Beasts","floor":11.0,"turns":5.0},{"damage":26.0,"enemies":"3 Sentries","floor":14.0,"turns":13.0},{"damage":11.0,"enemies":"The Guardian","floor":16.0,"turns":12.0},{"damage":13.0,"enemies":"Spheric Guardian","floor":18.0,"turns":4.0},{"damage":6.0,"enemies":"3 Byrds","floor":22.0,"turns":7.0},{"damage":17.0,"enemies":"Shelled Parasite and Fungi","floor":24.0,"turns":6.0},{"damage":0.0,"enemies":"Sentry and Sphere","floor":28.0,"turns":4.0},{"damage":4.0,"enemies":"Snake Plant","floor":29.0,"turns":5.0},{"damage":0.0,"enemies":"3 Cultists","floor":30.0,"turns":5.0},{"damage":46.0,"enemies":"Champ","floor":33.0,"turns":10.0},{"damage":15.0,"enemies":"3 Shapes","floor":35.0,"turns":6.0},{"damage":43,"enemies":"3 Darklings","floor":36,"turns":3}],"seed_played":"-2412452778174591649","potions_obtained":[{"floor":4.0,"key":"Energy Potion"},{"floor":6.0,"key":"Energy Potion"},{"floor":14.0,"key":"SpeedPotion"},{"floor":22.0,"key":"Energy Potion"},{"floor":24.0,"key":"Strength Potion"},{"floor":28.0,"key":"PowerPotion"},{"floor":35.0,"key":"Strength Potion"}],"is_trial":false,"path_per_floor":["M","?","$","M","$","E","R","M","T","E","M","R","?","E","R","B",null,"M","?","?","T","M","R","M","R","T","R","M","M","M","$","R","B",null,"M","M"],"character_chosen":"THE_SILENT","items_purchased":["Footwork","Membership Card","Envenom"],"campfire_rested":2,"item_purchase_floors":[3,31,31],"current_hp_per_floor":[59,59,59,59,59,59,59,57,57,21,21,40,40,14,14,28,57,44,44,44,44,38,38,21,40,40,40,40,36,36,36,36,15,53,38,0],"gold":389,"neow_bonus":"THREE_ENEMY_KILL","is_prod":false,"is_daily":false,"chose_seed":false,"campfire_upgraded":5,"win_rate":0,"timestamp":1559915900,"path_taken":["M","?","?","M","$","E","R","M","T","E","?","R","?","E","R","BOSS","M","?","?","?","M","R","M","R","T","R","M","M","M","$","R","BOSS","M","M"],"build_version":"2019-01-23","purchased_purges":0,"victory":false,"max_hp_per_floor":[66,66,66,66,66,66,66,66,66,66,66,66,66,66,66,66,66,66,66,66,66,66,66,66,66,66,66,66,66,66,66,66,66,66,66,66],"card_choices":[{"not_picked":["Outmaneuver","Prepared"],"picked":"Blur","floor":1.0},{"not_picked":["Blade Dance","Eviscerate"],"picked":"PiercingWail","floor":4.0},{"not_picked":["Endless Agony","Glass Knife"],"picked":"Slice","floor":6.0},{"not_picked":["Masterful Stab","Outmaneuver"],"picked":"Backflip","floor":8.0},{"not_picked":["Heel Hook","Tools of the Trade"],"picked":"Dodge and Roll","floor":10.0},{"not_picked":["Cloak And Dagger","PiercingWail"],"picked":"Crippling Poison","floor":11.0},{"not_picked":["Flying Knee","Backstab"],"picked":"PiercingWail","floor":14.0},{"not_picked":["Backflip","Prepared"],"picked":"Noxious Fumes","floor":18.0},{"not_picked":["Backflip","Slice"],"picked":"After Image","floor":22.0},{"not_picked":["Outmaneuver","Cloak And Dagger"],"picked":"Blade Dance","floor":24.0},{"not_picked":["PiercingWail","Predator"],"picked":"Quick Slash","floor":28.0},{"not_picked":["Acrobatics","Backflip","Eviscerate"],"picked":"SKIP","floor":29.0},{"not_picked":["Outmaneuver+1","Finisher"],"picked":"Bouncing Flask+1","floor":30.0},{"not_picked":["Tools of the Trade","Phantasmal Killer"],"picked":"Burst","floor":33.0},{"not_picked":["Choke","Blade Dance"],"picked":"Skewer","floor":35.0}],"player_experience":355782,"relics_obtained":[{"floor":6.0,"key":"Blue Candle"},{"floor":9.0,"key":"Vajra"},{"floor":10.0,"key":"Pantograph"},{"floor":14.0,"key":"Matryoshka"},{"floor":21.0,"key":"Shuriken"},{"floor":21.0,"key":"MawBank"},{"floor":26.0,"key":"Mummified Hand"},{"floor":26.0,"key":"Art of War"}],"event_choices":[{"damage_healed":0.0,"max_hp_gain":0.0,"max_hp_loss":0.0,"gold_gain":0.0,"event_name":"Match and Keep!","player_choice":"1 cards matched","floor":2.0,"gold_loss":0.0,"damage_taken":0.0,"cards_obtained":["Bouncing Flask"]},{"damage_healed":0.0,"max_hp_gain":0.0,"max_hp_loss":0.0,"gold_gain":0.0,"event_name":"Living Wall","player_choice":"Grow","floor":13.0,"gold_loss":0.0,"damage_taken":0.0,"cards_upgraded":["Bouncing Flask"]},{"damage_healed":0.0,"max_hp_gain":0.0,"max_hp_loss":0.0,"gold_gain":0.0,"event_name":"Drug Dealer","player_choice":"Inject Mutagens","floor":19.0,"gold_loss":0.0,"damage_taken":0.0,"relics_obtained":["MutagenicStrength"]},{"damage_healed":0.0,"max_hp_gain":0.0,"max_hp_loss":0.0,"gold_gain":0.0,"event_name":"Beggar","player_choice":"Ignored","floor":20.0,"gold_loss":0.0,"damage_taken":0.0}],"is_beta":false,"boss_relics":[{"not_picked":["Fusion Hammer","White Beast Statue"],"picked":"Velvet Choker"},{"not_picked":["Runic Dome","Black Star"],"picked":"Eternal Feather"}],"items_purged_floors":[],"is_endless":false,"potions_floor_spawned":[4,6,14,22,24,28,30,35],"killed_by":"3 Darklings","ascension_level":15}