{"gold_per_floor":[116,116,131,149,22,48,48,78,113,125,147,194,157,200,212,329,341,369,381,318,23,23,51,51,62,62,62,73,85,99,114,114,211,211,225,225,282,300,310,310,335,44,44,54,54,68,68,80,80,80],"floor_reached":51,"playtime":4639,"items_purged":["Strike_G"],"score":905,"play_id":"50e314af-c7a1-4c22-ba33-e66ac2cf2db2","local_time":"20190607120050","is_ascension_mode":true,"campfire_choices":[{"data":"Dash","floor":7.0,"key":"SMITH"},{"data":"Leg Sweep","floor":15.0,"key":"SMITH"},{"floor":24.0,"key":"REST"},{"floor":27.0,"key":"REST"},{"floor":32.0,"key":"REST"},{"data":"After Image","floor":40.0,"key":"SMITH"},{"data":"1","floor":45.0,"key":"LIFT"},{"data":"2","floor":47.0,"key":"LIFT"},{"floor":49.0,"key":"REST"}],"neow_cost":"NONE","seed_source_timestamp":0,"circlet_count":0,"master_deck":["Defend_G","Defend_G","Defend_G","Defend_G","Defend_G","Survivor","Neutralize+1","Leg Sweep+1","Slice","Poisoned Stab","Dash+1","Terror","Backflip","PiercingWail","Heel Hook","Well Laid Plans","After Image+1","Dagger Spray","Endless Agony+1","Night Terror","Calculated Gamble","Deadly Poison","PiercingWail+1","Dash+1","Heel Hook+1","Bullet Time+1","Bane+1","PiercingWail+1","Well Laid Plans+1","Catalyst","Prepared+1"],"special_seed":0,"relics":["Ring of the Snake","Orichalcum","MawBank","Smiling Mask","Gambling Chip","Anchor","Sozu","Kunai","Mummified Hand","Sundial","Astrolabe","Tiny Chest","Pear","Girya","Frozen Egg 2"],"potions_floor_usage":[],"damage_taken":[{"damage":2.0,"enemies":"2 Louse","floor":1.0,"turns":3.0},{"damage":0.0,"enemies":"Jaw Worm","floor":3.0,"turns":6.0},{"damage":1.0,"enemies":"Small Slimes","floor":4.0,"turns":4.0},{"damage":22.0,"enemies":"3 Sentries","floor":6.0,"turns":9.0},{"damage":16.0,"enemies":"Lagavulin","floor":8.0,"turns":5.0},{"damage":0.0,"enemies":"2 Fungi Beasts","floor":11.0,"turns":3.0},{"damage":14.0,"enemies":"3 Sentries","floor":12.0,"turns":10.0},{"damage":3.0,"enemies":"Lagavulin","floor":14.0,"turns":5.0},{"damage":18.0,"enemies":"Slime Boss","floor":16.0,"turns":14.0},{"damage":0.0,"enemies":"3 Byrds","floor":18.0,"turns":5.0},{"damage":9.0,"enemies":"Colosseum Slavers","floor":19.0,"turns":6.0},{"damage":53.0,"enemies":"Gremlin Leader","floor":23.0,"turns":9.0},{"damage":0.0,"enemies":"Spheric Guardian","floor":25.0,"turns":4.0},{"damage":3.0,"enemies":"Snake Plant","floor":28.0,"turns":7.0},{"damage":6.0,"enemies":"Cultist and Chosen","floor":29.0,"turns":8.0},{"damage":0.0,"enemies":"Centurion and Healer","floor":30.0,"turns":10.0},{"damage":18.0,"enemies":"Sentry and Sphere","floor":31.0,"turns":8.0},{"damage":28.0,"enemies":"Collector","floor":33.0,"turns":15.0},{"damage":0.0,"enemies":"3 Darklings","floor":35.0,"turns":5.0},{"damage":0.0,"enemies":"3 Shapes","floor":38.0,"turns":6.0},{"damage":0.0,"enemies":"Jaw Worm Horde","floor":39.0,"turns":7.0},{"damage":48.0,"enemies":"Reptomancer","floor":41.0,"turns":10.0},{"damage":1.0,"enemies":"4 Shapes","floor":44.0,"turns":8.0},{"damage":1.0,"enemies":"Maw","floor":46.0,"turns":7.0},{"damage":8.0,"enemies":"Sphere and 2 Shapes","floor":48.0,"turns":6.0},{"damage":13,"enemies":"Awakened One","floor":50,"turns":20}],"seed_played":"-2380678640433229320","potions_obtained":[{"floor":1.0,"key":"Block Potion"},{"floor":8.0,"key":"SteroidPotion"},{"floor":14.0,"key":"Block Potion"}],"is_trial":false,"path_per_floor":["M","?","M","M","$","E","R","E","T","?","M","E","?","E","R","B",null,"M","?","?","$","?","E","R","M","T","R","M","M","M","M","R","B",null,"M","?","T","M","M","R","E","$","T","M","R","M","R","M","R","B",null],"character_chosen":"THE_SILENT","items_purchased":["Dash","Strength Potion","Kunai","Girya"],"campfire_rested":4,"item_purchase_floors":[5,5,21,42],"current_hp_per_floor":[68,68,68,67,67,45,45,29,29,54,54,40,40,37,37,19,63,63,54,54,54,54,1,24,24,24,47,44,38,38,20,43,15,62,62,62,62,62,62,62,24,24,24,23,23,22,22,14,40,27],"gold":80,"neow_bonus":"TEN_PERCENT_HP_BONUS","is_prod":false,"is_daily":false,"chose_seed":false,"campfire_upgraded":3,"win_rate":1,"timestamp":1559926850,"path_taken":["M","?","M","M","$","E","R","E","T","?","M","E","?","E","R","BOSS","M","?","?","$","?","E","R","M","T","R","?","?","M","M","R","BOSS","M","?","?","M","M","R","E","$","T","M","R","M","R","?","R","BOSS"],"build_version":"2019-01-23","purchased_purges":1,"victory":true,"max_hp_per_floor":[77,77,77,77,77,77,77,77,77,77,77,77,77,77,77,77,77,77,77,77,77,77,77,77,77,77,77,77,77,77,77,77,77,77,77,77,77,77,77,77,87,87,87,87,87,87,87,87,87,87],"card_choices":[{"not_picked":["Masterful Stab","Underhanded Strike"],"picked":"Leg Sweep","floor":1.0},{"not_picked":["Poisoned Stab","Deflect"],"picked":"Slice","floor":3.0},{"not_picked":["Deflect","Calculated Gamble"],"picked":"Poisoned Stab","floor":4.0},{"not_picked":["Concentrate","Crippling Poison"],"picked":"Terror","floor":6.0},{"not_picked":["Acrobatics","Bouncing Flask"],"picked":"Backflip","floor":8.0},{"not_picked":["Underhanded Strike","Outmaneuver"],"picked":"PiercingWail","floor":11.0},{"not_picked":["Tools of the Trade","Poisoned Stab"],"picked":"Heel Hook","floor":12.0},{"not_picked":["PiercingWail","Accuracy"],"picked":"Well Laid Plans","floor":14.0},{"not_picked":["Grand Finale","Wraith Form v2"],"picked":"After Image","floor":16.0},{"not_picked":["Endless Agony","Cloak And Dagger"],"picked":"Dagger Spray","floor":18.0},{"not_picked":["Dagger Spray","Outmaneuver"],"picked":"Endless Agony+1","floor":23.0},{"not_picked":["Acrobatics","Setup"],"picked":"Night Terror","floor":25.0},{"not_picked":["Underhanded Strike+1","Prepared","Predator"],"picked":"SKIP","floor":28.0},{"not_picked":["Dodge and Roll","Bouncing Flask"],"picked":"Calculated Gamble","floor":29.0},{"not_picked":["Quick Slash","Slice"],"picked":"Deadly Poison","floor":30.0},{"not_picked":["Dodge and Roll","Noxious Fumes"],"picked":"PiercingWail+1","floor":31.0},{"not_picked":["Storm of Steel","Tools of the Trade"],"picked":"Envenom","floor":33.0},{"not_picked":["Deflect+1","Dagger Throw+1"],"picked":"Bane+1","floor":35.0},{"not_picked":["Underhanded Strike","Dash+1","Reflex+1"],"picked":"SKIP","floor":38.0},{"not_picked":["Deadly Poison","Underhanded Strike+1"],"picked":"PiercingWail+1","floor":39.0},{"not_picked":["Endless Agony","Distraction"],"picked":"Well Laid Plans+1","floor":41.0},{"not_picked":["Dagger Throw+1","Bouncing Flask","Deflect"],"picked":"SKIP","floor":44.0},{"not_picked":["Eviscerate","Venomology"],"picked":"Catalyst","floor":46.0},{"not_picked":["Choke+1","Outmaneuver+1"],"picked":"Prepared+1","floor":48.0}],"player_experience":34495,"relics_obtained":[{"floor":6.0,"key":"Orichalcum"},{"floor":8.0,"key":"MawBank"},{"floor":9.0,"key":"Smiling Mask"},{"floor":12.0,"key":"Gambling Chip"},{"floor":14.0,"key":"Anchor"},{"floor":23.0,"key":"Mummified Hand"},{"floor":26.0,"key":"Sundial"},{"floor":37.0,"key":"Tiny Chest"},{"floor":41.0,"key":"Pear"},{"floor":43.0,"key":"Frozen Egg 2"}],"event_choices":[{"damage_healed":0.0,"max_hp_gain":0.0,"max_hp_loss":0.0,"gold_gain":0.0,"event_name":"Living Wall","player_choice":"Grow","floor":2.0,"gold_loss":0.0,"damage_taken":0.0,"cards_upgraded":["Neutralize"]},{"damage_healed":25.0,"max_hp_gain":0.0,"max_hp_loss":0.0,"gold_gain":0.0,"event_name":"Big Fish","player_choice":"Banana","floor":10.0,"gold_loss":0.0,"damage_taken":0.0},{"damage_healed":0.0,"max_hp_gain":0.0,"max_hp_loss":0.0,"gold_gain":0.0,"event_name":"World of Goop","player_choice":"Left Gold","floor":13.0,"gold_loss":49.0,"damage_taken":0.0},{"damage_healed":0.0,"max_hp_gain":0.0,"max_hp_loss":0.0,"gold_gain":0.0,"event_name":"Colosseum","player_choice":"Fight","floor":19.0,"gold_loss":0.0,"damage_taken":0.0},{"damage_healed":0.0,"max_hp_gain":0.0,"max_hp_loss":0.0,"gold_gain":0.0,"event_name":"Colosseum","player_choice":"Fled From Nobs","floor":19.0,"gold_loss":0.0,"damage_taken":0.0},{"cards_removed":["Strike_G"],"damage_healed":0.0,"max_hp_gain":0.0,"max_hp_loss":0.0,"gold_gain":0.0,"event_name":"Beggar","player_choice":"Gave Gold","floor":20.0,"gold_loss":75.0,"damage_taken":0.0},{"damage_healed":0.0,"max_hp_gain":0.0,"max_hp_loss":0.0,"gold_gain":0.0,"event_name":"Vampires","player_choice":"Ignored","floor":22.0,"gold_loss":0.0,"damage_taken":0.0},{"cards_removed":["Envenom"],"damage_healed":0.0,"max_hp_gain":0.0,"max_hp_loss":0.0,"gold_gain":0.0,"event_name":"Falling","player_choice":"Removed Power","floor":36.0,"gold_loss":0.0,"damage_taken":0.0}],"is_beta":false,"boss_relics":[{"not_picked":["Ectoplasm","Lizard Tail"],"picked":"Sozu"},{"not_picked":["Black Star","Runic Dome"],"picked":"Astrolabe"}],"items_purged_floors":[21],"is_endless":false,"potions_floor_spawned":[1,8,14,18,30,31,33,38,41,44,46],"ascension_level":6}