{"gold_per_floor":[117,132,143,243,255,281,281,292,292,323,323,348,365,385,385,485,485,503,514,30,46,46,76,76,110,110,138,138,163,175,193,193,193],"floor_reached":33,"playtime":3289,"items_purged":["Strike_R"],"score":419,"play_id":"8aba6fed-1eb4-422a-8844-d6123eba170d","local_time":"20190604223439","is_ascension_mode":true,"campfire_choices":[{"data":"Cleave","floor":7,"key":"SMITH"},{"floor":11,"key":"RECALL"},{"data":"Armaments","floor":15,"key":"SMITH"},{"floor":24,"key":"REST"},{"data":"Limit Break","floor":28,"key":"SMITH"},{"data":"True Grit","floor":32,"key":"SMITH"}],"neow_cost":"NONE","seed_source_timestamp":276731562532900,"circlet_count":0,"master_deck":["Strike_R","Strike_R","Strike_R","Strike_R","Defend_R","Defend_R","Defend_R","Defend_R","Bash","Iron Wave","Armaments+1","Power Through","Cleave+1","Armaments","Shrug It Off","Shrug It Off","Spot Weakness","Double Tap","Headbutt","Inflame","Limit Break+1","Battle Trance+1","Injury","Carnage+1","Heavy Blade+1","True Grit+1"],"relics":["Burning Blood","Art of War","Kunai","Pen Nib","Du-Vu Doll","Cursed Key","Meat on the Bone","Bird Faced Urn","Unceasing Top","Darkstone Periapt","Letter Opener"],"potions_floor_usage":[6,8,16,18,21,23,23,25,33],"damage_taken":[{"damage":2,"enemies":"2 Louse","floor":1,"turns":3},{"damage":1,"enemies":"Cultist","floor":2,"turns":4},{"damage":0,"enemies":"Small Slimes","floor":3,"turns":3},{"damage":12,"enemies":"Looter","floor":5,"turns":3},{"damage":41,"enemies":"Gremlin Nob","floor":6,"turns":7},{"damage":8,"enemies":"Blue Slaver","floor":8,"turns":8},{"damage":3,"enemies":"Lagavulin","floor":10,"turns":12},{"damage":25,"enemies":"3 Sentries","floor":12,"turns":10},{"damage":0,"enemies":"3 Louse","floor":13,"turns":2},{"damage":7,"enemies":"Gremlin Gang","floor":14,"turns":3},{"damage":29,"enemies":"Slime Boss","floor":16,"turns":16},{"damage":7,"enemies":"Shell Parasite","floor":18,"turns":5},{"damage":23,"enemies":"3 Byrds","floor":19,"turns":7},{"damage":42,"enemies":"Snecko","floor":21,"turns":7},{"damage":33,"enemies":"Book of Stabbing","floor":23,"turns":7},{"damage":33,"enemies":"Slavers","floor":25,"turns":7},{"damage":6,"enemies":"Book of Stabbing","floor":27,"turns":6},{"damage":13,"enemies":"Slavers","floor":29,"turns":5},{"damage":7,"enemies":"Snake Plant","floor":30,"turns":4},{"damage":10,"enemies":"Shelled Parasite and Fungi","floor":31,"turns":3},{"damage":88,"enemies":"Automaton","floor":33,"turns":10}],"seed_played":"7054665652059470212","potions_obtained":[{"floor":2,"key":"BloodPotion"},{"floor":6,"key":"Regen Potion"},{"floor":10,"key":"Poison Potion"},{"floor":14,"key":"PowerPotion"},{"floor":16,"key":"PowerPotion"},{"floor":19,"key":"Explosive Potion"},{"floor":22,"key":"FairyPotion"},{"floor":22,"key":"SpeedPotion"},{"floor":23,"key":"Strength Potion"},{"floor":25,"key":"Ancient Potion"},{"floor":27,"key":"SteroidPotion"}],"is_trial":false,"path_per_floor":["M","M","M","?","M","E","R","M","T","E","R","E","M","M","R","B",null,"M","M","$","M","?","E","R","E","T","E","R","E","M","M","R","B"],"character_chosen":"IRONCLAD","items_purchased":["Limit Break","Meat on the Bone"],"campfire_rested":1,"item_purchase_floors":[20,20],"current_hp_per_floor":[88,88,88,88,82,55,55,68,68,71,71,52,58,57,57,34,88,87,70,70,46,46,31,57,44,44,58,58,51,52,62,62,0],"gold":193,"neow_bonus":"TEN_PERCENT_HP_BONUS","is_prod":false,"is_daily":false,"chose_seed":false,"campfire_upgraded":4,"win_rate":0,"timestamp":1559680479,"path_taken":["M","M","M","?","?","E","R","M","T","E","R","E","M","M","R","BOSS","M","M","$","M","?","E","R","E","T","E","R","E","M","?","R","BOSS"],"build_version":"2019-01-23","purchased_purges":1,"victory":false,"max_hp_per_floor":[88,88,88,88,88,88,88,88,88,88,88,88,88,88,88,88,88,88,88,88,88,88,88,88,88,88,88,88,88,88,88,88,88],"card_choices":[{"not_picked":["Sword Boomerang","Headbutt"],"picked":"Iron Wave","floor":1},{"not_picked":["Wild Strike","Sword Boomerang"],"picked":"Armaments","floor":2},{"not_picked":["Berserk","Inflame"],"picked":"Power Through","floor":3},{"not_picked":["Clash","Flex"],"picked":"Cleave","floor":5},{"not_picked":["Thunderclap","Sword Boomerang"],"picked":"Armaments","floor":6},{"not_picked":["Havoc","Iron Wave","Hemokinesis"],"picked":"SKIP","floor":8},{"not_picked":["Havoc","Iron Wave","Hemokinesis"],"picked":"SKIP","floor":8},{"not_picked":["Wild Strike","Rupture"],"picked":"Shrug It Off","floor":10},{"not_picked":["Rage","Reaper"],"picked":"Shrug It Off","floor":12},{"not_picked":["Uppercut","Warcry","Pummel"],"picked":"SKIP","floor":13},{"not_picked":["Dual Wield","Wild Strike"],"picked":"Spot Weakness","floor":14},{"not_picked":["Offering","Juggernaut"],"picked":"Double Tap","floor":16},{"not_picked":["Body Slam+1","Flex"],"picked":"Headbutt","floor":18},{"not_picked":["Warcry+1","Dual Wield"],"picked":"Inflame","floor":19},{"not_picked":["Sword Boomerang","Limit Break"],"picked":"Battle Trance+1","floor":21},{"not_picked":["Clothesline","Iron Wave","Wild Strike"],"picked":"SKIP","floor":23},{"not_picked":["Heavy Blade","Iron Wave","Headbutt+1"],"picked":"SKIP","floor":25},{"not_picked":["Rampage","Perfected Strike"],"picked":"Carnage+1","floor":27},{"not_picked":["Armaments+1","Heavy Blade","Blood for Blood+1"],"picked":"SKIP","floor":29},{"not_picked":["Cleave","Wild Strike"],"picked":"Heavy Blade+1","floor":30},{"not_picked":["Entrench","Heavy Blade+1"],"picked":"True Grit","floor":31}],"player_experience":368057,"relics_obtained":[{"floor":6,"key":"Art of War"},{"floor":9,"key":"Kunai"},{"floor":10,"key":"Pen Nib"},{"floor":12,"key":"Du-Vu Doll"},{"floor":23,"key":"Bird Faced Urn"},{"floor":25,"key":"Unceasing Top"},{"floor":27,"key":"Darkstone Periapt"},{"floor":29,"key":"Letter Opener"}],"event_choices":[{"damage_healed":0,"gold_gain":100,"player_choice":"Pray","damage_taken":0,"max_hp_gain":0,"max_hp_loss":0,"event_name":"Golden Shrine","floor":4,"gold_loss":0},{"damage_healed":0,"gold_gain":0,"player_choice":"Got Potions","damage_taken":0,"max_hp_gain":0,"max_hp_loss":0,"event_name":"Lab","floor":22,"gold_loss":0}],"is_beta":false,"boss_relics":[{"not_picked":["Astrolabe","Orrery"],"picked":"Cursed Key"}],"items_purged_floors":[20],"is_endless":false,"potions_floor_spawned":[2,6,10,14,16,19,23,25,27,30,31],"killed_by":"Automaton","ascension_level":4}