{"gold_per_floor":[20,35,55,74,74,100,110,110,163,163,196,196,215,248,248,343,343,354,80,98,98,116,141,141,141,141,202,202,231,250,273,273,372,372,382,482,482,533,552,585,585,599,679,710,160,179,197,197,197,197,197,197,37,66,66],"floor_reached":56,"playtime":3505,"items_purged":["Strike_R","Strike_R","Defend_R"],"score":1926,"play_id":"52c8f36c-25fe-485e-8849-868c49179a8b","local_time":"20190410183118","is_ascension_mode":true,"campfire_choices":[{"data":"Armaments","floor":8.0,"key":"SMITH"},{"data":"Bash","floor":10.0,"key":"SMITH"},{"data":"Whirlwind","floor":12.0,"key":"SMITH"},{"data":"Disarm","floor":15.0,"key":"SMITH"},{"data":"Limit Break","floor":25.0,"key":"SMITH"},{"data":"Inflame","floor":28.0,"key":"SMITH"},{"data":"Disarm","floor":32.0,"key":"SMITH"},{"floor":41.0,"key":"REST"},{"floor":49.0,"key":"RECALL"},{"floor":52.0,"key":"REST"}],"neow_cost":"NO_GOLD","seed_source_timestamp":278757739032,"circlet_count":0,"master_deck":["AscendersBane","Strike_R+1","Strike_R+1","Defend_R","Defend_R","Defend_R","Bash+1","Disarm+1","Spot Weakness","Dropkick","Whirlwind+1","Disarm+1","Armaments+1","Intimidate","Inflame+1","Limit Break+1","Headbutt","Ghostly Armor","Headbutt","Ghostly Armor","Exhume","Shrug It Off","Sword Boomerang","Fiend Fire","Heavy Blade","Berserk","Clothesline","Limit Break+1"],"special_seed":0,"relics":["Burning Blood","Pocketwatch","Vajra","Blood Vial","Sundial","Happy Flower","Philosopher\u0027s Stone","ClockworkSouvenir","Pen Nib","Bottled Tornado","Tiny Chest","Red Skull","Whetstone","Sozu","Magic Flower","Unceasing Top","Matryoshka","Question Card","Orichalcum","Membership Card","Ice Cream","Bronze Scales","Lantern","Pantograph","DollysMirror","Centennial Puzzle"],"potions_floor_usage":[55],"damage_taken":[{"damage":1.0,"enemies":"Cultist","floor":1.0,"turns":3.0},{"damage":0.0,"enemies":"2 Louse","floor":2.0,"turns":3.0},{"damage":0.0,"enemies":"Small Slimes","floor":3.0,"turns":3.0},{"damage":4.0,"enemies":"Red Slaver","floor":4.0,"turns":6.0},{"damage":25.0,"enemies":"3 Sentries","floor":6.0,"turns":5.0},{"damage":1.0,"enemies":"Exordium Wildlife","floor":7.0,"turns":3.0},{"damage":20.0,"enemies":"Gremlin Nob","floor":11.0,"turns":4.0},{"damage":9.0,"enemies":"2 Fungi Beasts","floor":13.0,"turns":2.0},{"damage":9.0,"enemies":"Lagavulin","floor":14.0,"turns":6.0},{"damage":1.0,"enemies":"Hexaghost","floor":16.0,"turns":6.0},{"damage":10.0,"enemies":"Chosen","floor":18.0,"turns":4.0},{"damage":13.0,"enemies":"Spheric Guardian","floor":20.0,"turns":5.0},{"damage":20.0,"enemies":"Snecko","floor":22.0,"turns":4.0},{"damage":12.0,"enemies":"Gremlin Leader","floor":23.0,"turns":4.0},{"damage":20.0,"enemies":"Slavers","floor":27.0,"turns":3.0},{"damage":11.0,"enemies":"Gremlin Leader","floor":29.0,"turns":6.0},{"damage":4.0,"enemies":"Cultist and Chosen","floor":30.0,"turns":5.0},{"damage":5.0,"enemies":"Champ","floor":33.0,"turns":8.0},{"damage":2.0,"enemies":"3 Shapes","floor":35.0,"turns":1.0},{"damage":0.0,"enemies":"Mind Bloom Boss Battle","floor":36.0,"turns":7.0},{"damage":53.0,"enemies":"2 Orb Walkers","floor":38.0,"turns":6.0},{"damage":0.0,"enemies":"3 Darklings","floor":39.0,"turns":1.0},{"damage":38.0,"enemies":"Nemesis","floor":40.0,"turns":3.0},{"damage":1.0,"enemies":"4 Shapes","floor":42.0,"turns":8.0},{"damage":35.0,"enemies":"Giant Head","floor":44.0,"turns":7.0},{"damage":0.0,"enemies":"Sphere and 2 Shapes","floor":46.0,"turns":3.0},{"damage":15.0,"enemies":"3 Darklings","floor":47.0,"turns":3.0},{"damage":78.0,"enemies":"Donu and Deca","floor":50.0,"turns":6.0},{"damage":8.0,"enemies":"Shield and Spear","floor":54.0,"turns":3.0},{"damage":63,"enemies":"The Heart","floor":55,"turns":6}],"seed_played":"340355126531629421","potions_obtained":[{"floor":1.0,"key":"PowerPotion"},{"floor":2.0,"key":"FearPotion"},{"floor":3.0,"key":"PowerPotion"},{"floor":11.0,"key":"BloodPotion"},{"floor":18.0,"key":"Ancient Potion"},{"floor":23.0,"key":"BloodPotion"},{"floor":24.0,"key":"SkillPotion"},{"floor":29.0,"key":"PowerPotion"}],"is_trial":false,"path_per_floor":["M","M","M","M","?","E","M","R","T","R","E","R","M","E","R","B",null,"M","$","M","?","M","E","?","R","T","E","R","E","M","T","R","B",null,"M","?","?","?","M","E","R","M","T","E","$","M","M","T","R","B",null,"R","$","E","B",null],"character_chosen":"IRONCLAD","items_purchased":["ClockworkSouvenir","Membership Card","Ice Cream","Bronze Scales","Berserk","DollysMirror"],"campfire_rested":2,"item_purchase_floors":[19,45,45,45,45,53],"current_hp_per_floor":[77,80,80,80,73,54,59,59,59,59,47,47,46,45,45,52,73,71,71,66,66,62,58,58,58,58,46,46,43,47,47,47,50,73,79,80,80,36,48,22,46,57,57,34,34,46,43,43,43,11,63,80,80,80,26],"gold":66,"neow_bonus":"ONE_RARE_RELIC","is_prod":false,"is_daily":false,"chose_seed":false,"campfire_upgraded":7,"win_rate":0,"timestamp":1554913878,"path_taken":["M","?","?","M","?","E","M","R","T","R","E","R","M","E","R","BOSS","M","$","M","?","M","E","?","R","T","E","R","E","?","?","R","BOSS","M","?","?","?","M","E","R","M","T","E","$","M","M","?","R","BOSS","R","$","E","BOSS"],"build_version":"2019-01-23","purchased_purges":3,"victory":true,"max_hp_per_floor":[80,80,80,80,80,80,80,80,80,80,80,80,80,80,80,80,80,80,80,80,80,80,80,80,80,80,80,80,80,80,80,80,80,80,80,80,80,80,80,80,80,80,80,80,80,80,80,80,80,80,80,80,80,80,80],"card_choices":[{"not_picked":["Burning Pact","Fire Breathing"],"picked":"Disarm","floor":1.0},{"not_picked":["True Grit","Flex"],"picked":"Spot Weakness","floor":2.0},{"not_picked":["Ghostly Armor","Feel No Pain"],"picked":"Dropkick","floor":3.0},{"not_picked":["Armaments","Second Wind"],"picked":"Whirlwind","floor":4.0},{"not_picked":["Blood for Blood","Infernal Blade"],"picked":"Disarm","floor":6.0},{"not_picked":["Heavy Blade","Flame Barrier"],"picked":"Armaments","floor":7.0},{"not_picked":["Reckless Charge","Feel No Pain","Power Through"],"picked":"SKIP","floor":11.0},{"not_picked":["Armaments","Havoc"],"picked":"Intimidate","floor":13.0},{"not_picked":["Dual Wield","Evolve"],"picked":"Inflame","floor":14.0},{"not_picked":["Brutality","Berserk"],"picked":"Limit Break","floor":16.0},{"not_picked":["Flame Barrier","Wild Strike"],"picked":"Headbutt","floor":18.0},{"not_picked":["Corruption","Infernal Blade"],"picked":"Ghostly Armor","floor":20.0},{"not_picked":["Thunderclap","Intimidate","Feel No Pain"],"picked":"SKIP","floor":22.0},{"not_picked":["Infernal Blade","Carnage+1","Rupture"],"picked":"SKIP","floor":23.0},{"not_picked":["Warcry","Thunderclap","Disarm"],"picked":"SKIP","floor":27.0},{"not_picked":["Cleave","Seeing Red"],"picked":"Headbutt","floor":29.0},{"not_picked":["Twin Strike","Infernal Blade"],"picked":"Ghostly Armor","floor":30.0},{"not_picked":["Double Tap","Demon Form"],"picked":"Exhume","floor":33.0},{"not_picked":["Perfected Strike","Body Slam"],"picked":"Shrug It Off","floor":35.0},{"not_picked":["Corruption","Wild Strike"],"picked":"Sword Boomerang","floor":38.0},{"not_picked":["Rage","Spot Weakness","Clash"],"picked":"SKIP","floor":39.0},{"not_picked":["Thunderclap","Disarm"],"picked":"Fiend Fire","floor":40.0},{"not_picked":["Clash","Sword Boomerang+1"],"picked":"Heavy Blade","floor":42.0},{"not_picked":["Sever Soul","Pommel Strike","Perfected Strike+1","Feed"],"picked":"SKIP","floor":44.0},{"not_picked":["Disarm","Anger","Entrench+1"],"picked":"Clothesline","floor":46.0},{"not_picked":["Havoc","Twin Strike","Perfected Strike","Whirlwind"],"picked":"SKIP","floor":47.0},{"not_picked":["Searing Blow","Bludgeon","Infernal Blade","Inflame"],"picked":"SKIP","floor":54.0}],"player_experience":114645,"relics_obtained":[{"floor":6.0,"key":"Vajra"},{"floor":9.0,"key":"Blood Vial"},{"floor":11.0,"key":"Sundial"},{"floor":14.0,"key":"Happy Flower"},{"floor":23.0,"key":"Pen Nib"},{"floor":26.0,"key":"Bottled Tornado"},{"floor":27.0,"key":"Tiny Chest"},{"floor":29.0,"key":"Red Skull"},{"floor":31.0,"key":"Whetstone"},{"floor":36.0,"key":"Magic Flower"},{"floor":38.0,"key":"Unceasing Top"},{"floor":40.0,"key":"Matryoshka"},{"floor":43.0,"key":"Question Card"},{"floor":44.0,"key":"Orichalcum"},{"floor":48.0,"key":"Lantern"},{"floor":48.0,"key":"Pantograph"},{"floor":54.0,"key":"Centennial Puzzle"}],"event_choices":[{"cards_removed":["Strike_R"],"damage_healed":0.0,"max_hp_gain":0.0,"max_hp_loss":0.0,"gold_gain":0.0,"event_name":"Golden Wing","player_choice":"Card Removal","floor":5.0,"gold_loss":0.0,"damage_taken":7.0},{"damage_healed":0.0,"max_hp_gain":0.0,"max_hp_loss":0.0,"gold_gain":0.0,"event_name":"Vampires","player_choice":"Ignored","floor":21.0,"gold_loss":0.0,"damage_taken":0.0},{"damage_healed":0.0,"max_hp_gain":0.0,"max_hp_loss":0.0,"gold_gain":0.0,"event_name":"Lab","player_choice":"Got Potions","floor":24.0,"gold_loss":0.0,"damage_taken":0.0},{"damage_healed":0.0,"max_hp_gain":0.0,"max_hp_loss":0.0,"gold_gain":0.0,"event_name":"MindBloom","player_choice":"Fight","floor":36.0,"gold_loss":0.0,"damage_taken":0.0},{"damage_healed":0.0,"max_hp_gain":0.0,"max_hp_loss":0.0,"gold_gain":0.0,"event_name":"Tomb of Lord Red Mask","player_choice":"Ignored","floor":37.0,"gold_loss":0.0,"damage_taken":0.0},{"damage_healed":0.0,"max_hp_gain":0.0,"max_hp_loss":0.0,"gold_gain":0.0,"event_name":"Mysterious Sphere","player_choice":"Fight","floor":38.0,"gold_loss":0.0,"damage_taken":0.0}],"is_beta":false,"boss_relics":[{"not_picked":["Ectoplasm","Runic Cube"],"picked":"Philosopher\u0027s Stone"},{"not_picked":["Lizard Tail","White Beast Statue"],"picked":"Sozu"}],"items_purged_floors":[19,45,53],"is_endless":false,"potions_floor_spawned":[1,2,3,4,11,18,23,29,36,39,42,54],"ascension_level":12}