{"gold_per_floor":[113,113,2,2,17,46,46,96,96,115,145,163,180,27,27,99,99,118,135,153,187,217,217,246,44,67,78,78,97,97,97,97,195,195,210,228,228,328,146,146,163,174,201,201,234,234,253,285,285,285,305],"floor_reached":51,"playtime":3578,"items_purged":["Strike_G","Neutralize"],"score":1397,"play_id":"4f200518-3aef-4a05-9b8e-13d95072d74a","local_time":"20190522003343","is_ascension_mode":true,"campfire_choices":[{"data":"Backflip","floor":7.0,"key":"SMITH"},{"data":"Noxious Fumes","floor":15.0,"key":"SMITH"},{"floor":23.0,"key":"REST"},{"floor":28.0,"key":"REST"},{"floor":32.0,"key":"REST"},{"data":"1","floor":40.0,"key":"LIFT"},{"floor":44.0,"key":"RECALL"},{"floor":49.0,"key":"REST"}],"neow_cost":"NONE","seed_source_timestamp":0,"circlet_count":0,"master_deck":["AscendersBane","Defend_G+1","Defend_G+1","Defend_G+1","Defend_G+1","Strike_G+1","Strike_G+1","Strike_G+1","Strike_G+1","Survivor","Backflip+1","All Out Attack","Caltrops","Footwork","Noxious Fumes+1","Bullet Time","Deadly Poison","Blur","HandOfGreed","Corpse Explosion","Crippling Poison","Dash","After Image","PiercingWail","Choke","After Image","Blur","Night Terror","Noxious Fumes","Dash","Blur","Riddle With Holes","Doubt","Noxious Fumes","Leg Sweep+1"],"special_seed":0,"relics":["Ring of the Snake","NeowsBlessing","Bag of Preparation","Turnip","The Courier","Snecko Eye","MawBank","Matryoshka","Dream Catcher","Nilry\u0027s Codex","Cursed Key","Girya","Singing Bowl","Art of War","Vajra"],"potions_floor_usage":[],"damage_taken":[{"damage":0.0,"enemies":"Cultist","floor":1.0,"turns":1.0},{"damage":0.0,"enemies":"Small Slimes","floor":5.0,"turns":1.0},{"damage":0.0,"enemies":"Lagavulin","floor":6.0,"turns":1.0},{"damage":0.0,"enemies":"Jaw Worm","floor":10.0,"turns":5.0},{"damage":12.0,"enemies":"3 Sentries","floor":11.0,"turns":9.0},{"damage":6.0,"enemies":"Red Slaver","floor":12.0,"turns":5.0},{"damage":11.0,"enemies":"Gremlin Gang","floor":13.0,"turns":3.0},{"damage":31.0,"enemies":"The Guardian","floor":16.0,"turns":10.0},{"damage":11.0,"enemies":"Chosen","floor":18.0,"turns":5.0},{"damage":11.0,"enemies":"Shell Parasite","floor":19.0,"turns":5.0},{"damage":22.0,"enemies":"Snecko","floor":20.0,"turns":5.0},{"damage":5.0,"enemies":"Snake Plant","floor":21.0,"turns":4.0},{"damage":0.0,"enemies":"3 Cultists","floor":22.0,"turns":3.0},{"damage":12.0,"enemies":"Gremlin Leader","floor":24.0,"turns":7.0},{"damage":2.0,"enemies":"Cultist and Chosen","floor":27.0,"turns":4.0},{"damage":0.0,"enemies":"Snake Plant","floor":29.0,"turns":3.0},{"damage":32.0,"enemies":"Collector","floor":33.0,"turns":8.0},{"damage":0.0,"enemies":"3 Darklings","floor":35.0,"turns":4.0},{"damage":0.0,"enemies":"Orb Walker","floor":36.0,"turns":3.0},{"damage":0.0,"enemies":"Mind Bloom Boss Battle","floor":38.0,"turns":9.0},{"damage":0.0,"enemies":"Transient","floor":41.0,"turns":6.0},{"damage":14.0,"enemies":"Jaw Worm Horde","floor":42.0,"turns":2.0},{"damage":27.0,"enemies":"Reptomancer","floor":45.0,"turns":8.0},{"damage":0.0,"enemies":"3 Darklings","floor":47.0,"turns":3.0},{"damage":0.0,"enemies":"4 Shapes","floor":48.0,"turns":3.0},{"damage":31.0,"enemies":"Time Eater","floor":50.0,"turns":14.0},{"damage":13,"enemies":"Awakened One","floor":51,"turns":4}],"seed_played":"5193772915882495499","potions_obtained":[{"floor":1.0,"key":"SkillPotion"},{"floor":6.0,"key":"Regen Potion"},{"floor":10.0,"key":"SpeedPotion"},{"floor":12.0,"key":"SpeedPotion"},{"floor":18.0,"key":"GamblersBrew"},{"floor":19.0,"key":"SkillPotion"},{"floor":20.0,"key":"Strength Potion"},{"floor":24.0,"key":"PowerPotion"},{"floor":27.0,"key":"SteroidPotion"},{"floor":38.0,"key":"Poison Potion"},{"floor":41.0,"key":"FearPotion"},{"floor":45.0,"key":"Block Potion"},{"floor":47.0,"key":"Ancient Potion"}],"is_trial":false,"path_per_floor":["M","?","$","?","M","E","R","?","T","M","E","M","M","$","R","B",null,"M","M","M","M","M","R","E","$","T","M","R","M","?","?","R","B",null,"M","M","?","?","$","R","M","M","T","R","E","?","M","M","R","B","B"],"character_chosen":"THE_SILENT","items_purchased":["Caltrops","HandOfGreed","Matryoshka","Noxious Fumes","Dash"],"campfire_rested":4,"item_purchase_floors":[3,14,25,39,39],"current_hp_per_floor":[59,59,59,64,64,64,64,57,57,71,59,53,42,42,42,11,56,45,34,12,7,7,28,16,16,16,14,35,35,35,14,35,3,54,54,54,54,54,54,54,54,40,40,40,15,17,17,17,41,10,0],"gold":305,"neow_bonus":"THREE_ENEMY_KILL","is_prod":false,"is_daily":false,"chose_seed":false,"campfire_upgraded":2,"win_rate":0,"timestamp":1558510423,"path_taken":["M","?","$","?","M","E","R","?","T","?","E","M","M","$","R","BOSS","M","?","M","M","M","R","E","$","T","M","R","M","?","?","R","BOSS","M","M","?","?","$","R","M","M","T","R","E","?","M","M","R","BOSS","BOSS"],"build_version":"2019-01-23","purchased_purges":2,"victory":false,"max_hp_per_floor":[66,66,66,71,71,71,71,71,71,71,71,71,71,71,71,71,71,71,71,71,71,71,71,71,71,71,71,71,71,71,71,71,71,71,71,71,71,71,71,71,71,71,71,71,73,75,75,75,77,77,77],"card_choices":[{"not_picked":["Terror","Heel Hook"],"picked":"Backflip","floor":1.0},{"not_picked":["Footwork","Blade Dance","Blur"],"picked":"SKIP","floor":5.0},{"not_picked":["Blade Dance","Blur"],"picked":"Footwork","floor":5.0},{"not_picked":["Footwork","Flying Knee"],"picked":"Noxious Fumes","floor":6.0},{"not_picked":["Outmaneuver","Terror","Concentrate"],"picked":"SKIP","floor":10.0},{"not_picked":["Flying Knee","Venomology"],"picked":"Bullet Time","floor":11.0},{"not_picked":["Dagger Spray","Poisoned Stab"],"picked":"Deadly Poison","floor":12.0},{"not_picked":["Dagger Spray","Deflect"],"picked":"Blur","floor":13.0},{"not_picked":["Grand Finale","Night Terror"],"picked":"Corpse Explosion","floor":16.0},{"not_picked":["Bane","Outmaneuver"],"picked":"Crippling Poison","floor":18.0},{"not_picked":["Prepared","Accuracy","Endless Agony"],"picked":"SKIP","floor":19.0},{"not_picked":["Bane","Flying Knee+1","Quick Slash"],"picked":"SKIP","floor":20.0},{"not_picked":["Predator","Backflip"],"picked":"Dash","floor":21.0},{"not_picked":["Sucker Punch","Distraction","Dodge and Roll"],"picked":"SKIP","floor":22.0},{"not_picked":["Blade Dance","Predator"],"picked":"After Image","floor":24.0},{"not_picked":["Cloak And Dagger","Flying Knee","Flechettes+1"],"picked":"SKIP","floor":27.0},{"not_picked":["Outmaneuver","Dagger Throw+1"],"picked":"PiercingWail","floor":28.0},{"not_picked":["Backstab","Quick Slash"],"picked":"Choke","floor":29.0},{"not_picked":["Concentrate","Terror"],"picked":"Choke","floor":32.0},{"not_picked":["A Thousand Cuts","Wraith Form v2"],"picked":"After Image","floor":33.0},{"not_picked":["Setup+1","Prepared+1","Underhanded Strike+1"],"picked":"SKIP","floor":35.0},{"not_picked":["Heel Hook","Flying Knee"],"picked":"Blur","floor":36.0},{"not_picked":["Blade Dance","Caltrops"],"picked":"Night Terror","floor":38.0},{"not_picked":["Dodge and Roll","Blade Dance"],"picked":"Blur","floor":41.0},{"not_picked":["Dodge and Roll+1","Quick Slash"],"picked":"Riddle With Holes","floor":42.0},{"not_picked":["Eviscerate+1","Bane+1","Prepared+1"],"picked":"Singing Bowl","floor":45.0},{"not_picked":["Jack Of All Trades","Violence","Forethought"],"picked":"Singing Bowl","floor":46.0},{"not_picked":["Backstab+1","Caltrops"],"picked":"Noxious Fumes","floor":47.0},{"not_picked":["Well Laid Plans","Blade Dance"],"picked":"Leg Sweep+1","floor":48.0},{"not_picked":["Bane","Dagger Spray+1","Prepared+1"],"picked":"Singing Bowl","floor":49.0}],"player_experience":700089,"relics_obtained":[{"floor":6.0,"key":"Bag of Preparation"},{"floor":9.0,"key":"Turnip"},{"floor":11.0,"key":"The Courier"},{"floor":24.0,"key":"MawBank"},{"floor":26.0,"key":"Dream Catcher"},{"floor":31.0,"key":"Nilry\u0027s Codex"},{"floor":38.0,"key":"Girya"},{"floor":43.0,"key":"Singing Bowl"},{"floor":43.0,"key":"Art of War"},{"floor":45.0,"key":"Vajra"}],"event_choices":[{"damage_healed":0.0,"max_hp_gain":0.0,"max_hp_loss":0.0,"gold_gain":0.0,"cards_transformed":["Defend_G"],"event_name":"Living Wall","player_choice":"Change","floor":2.0,"gold_loss":0.0,"damage_taken":0.0,"cards_obtained":["All Out Attack"]},{"damage_healed":0.0,"max_hp_gain":5.0,"max_hp_loss":0.0,"gold_gain":0.0,"event_name":"Big Fish","player_choice":"Donut","floor":4.0,"gold_loss":0.0,"damage_taken":0.0},{"damage_healed":0.0,"max_hp_gain":0.0,"max_hp_loss":0.0,"gold_gain":50.0,"event_name":"FaceTrader","player_choice":"Touch","floor":8.0,"gold_loss":0.0,"damage_taken":7.0},{"damage_healed":0.0,"max_hp_gain":0.0,"max_hp_loss":0.0,"gold_gain":0.0,"event_name":"Back to Basics","player_choice":"Simplicity","floor":30.0,"gold_loss":0.0,"damage_taken":0.0,"cards_upgraded":["Defend_G","Defend_G","Defend_G","Defend_G","Strike_G","Strike_G","Strike_G","Strike_G"]},{"damage_healed":0.0,"max_hp_gain":0.0,"max_hp_loss":0.0,"gold_gain":0.0,"event_name":"Cursed Tome","player_choice":"Obtained Book","floor":31.0,"gold_loss":0.0,"damage_taken":21.0},{"cards_removed":["Choke"],"damage_healed":0.0,"max_hp_gain":0.0,"max_hp_loss":0.0,"gold_gain":0.0,"event_name":"Falling","player_choice":"Removed Attack","floor":37.0,"gold_loss":0.0,"damage_taken":0.0},{"damage_healed":0.0,"max_hp_gain":0.0,"max_hp_loss":0.0,"gold_gain":0.0,"event_name":"MindBloom","player_choice":"Fight","floor":38.0,"gold_loss":0.0,"damage_taken":0.0},{"damage_healed":0.0,"max_hp_gain":0.0,"max_hp_loss":0.0,"gold_gain":0.0,"event_name":"SensoryStone","player_choice":"Memory 1","floor":46.0,"gold_loss":0.0,"damage_taken":0.0}],"is_beta":false,"boss_relics":[{"not_picked":["Fusion Hammer","Black Star"],"picked":"Snecko Eye"},{"not_picked":["Runic Dome","Astrolabe"],"picked":"Cursed Key"}],"items_purged_floors":[3,39],"is_endless":false,"potions_floor_spawned":[1,6,10,12,18,19,20,24,27,38,41,45,47],"killed_by":"Awakened One","ascension_level":20}