{"gold_per_floor":[113,125,138,152,162,178,178,218,244,279,302,302,336,354,354,450,450,474,474,77,97,115,115,135,135,135,135,166,186,206,62,62,62],"floor_reached":33,"playtime":1425,"items_purged":["Writhe","Injury"],"score":571,"play_id":"2f954faa-75c3-4fc6-91d7-3e4b367282d3","local_time":"20190607122657","is_ascension_mode":true,"campfire_choices":[{"data":"Armaments","floor":12.0,"key":"SMITH"},{"data":"Perfected Strike","floor":15.0,"key":"SMITH"},{"floor":23.0,"key":"REST"},{"data":"Perfected Strike","floor":25.0,"key":"SMITH"},{"data":"Shame","floor":27.0,"key":"PURGE"},{"floor":32.0,"key":"REST"}],"neow_cost":"CURSE","seed_source_timestamp":1362625534085768,"circlet_count":0,"master_deck":["AscendersBane","Strike_R","Strike_R","Strike_R","Strike_R","Strike_R","Defend_R","Defend_R","Defend_R","Defend_R","Bash","Perfected Strike+1","Headbutt","Armaments+1","Carnage","Twin Strike","Wild Strike","Perfected Strike","Metallicize","Perfected Strike+1","Shrug It Off+1","Double Tap+1","Disarm+1","Enlightenment+1","Panacea+1","Spot Weakness+1","Whirlwind","Shrug It Off+1","Impervious+1","True Grit+1","Evolve"],"special_seed":0,"relics":["Burning Blood","FossilizedHelix","Golden Idol","Toxic Egg 2","Nunchaku","Strawberry","Cursed Key","Turnip","Peace Pipe","Bag of Marbles"],"potions_floor_usage":[],"damage_taken":[{"damage":2.0,"enemies":"2 Louse","floor":1.0,"turns":3.0},{"damage":1.0,"enemies":"Cultist","floor":2.0,"turns":4.0},{"damage":0.0,"enemies":"Jaw Worm","floor":3.0,"turns":3.0},{"damage":0.0,"enemies":"2 Fungi Beasts","floor":4.0,"turns":3.0},{"damage":9.0,"enemies":"Large Slime","floor":5.0,"turns":7.0},{"damage":15.0,"enemies":"Lots of Slimes","floor":6.0,"turns":6.0},{"damage":24.0,"enemies":"Lagavulin","floor":8.0,"turns":8.0},{"damage":10.0,"enemies":"3 Sentries","floor":10.0,"turns":6.0},{"damage":8.0,"enemies":"3 Louse","floor":11.0,"turns":4.0},{"damage":17.0,"enemies":"Lagavulin","floor":13.0,"turns":7.0},{"damage":0.0,"enemies":"Blue Slaver","floor":14.0,"turns":2.0},{"damage":29.0,"enemies":"Hexaghost","floor":16.0,"turns":9.0},{"damage":15.0,"enemies":"3 Byrds","floor":18.0,"turns":5.0},{"damage":11.0,"enemies":"2 Thieves","floor":21.0,"turns":3.0},{"damage":16.0,"enemies":"Shelled Parasite and Fungi","floor":22.0,"turns":6.0},{"damage":10.0,"enemies":"Snake Plant","floor":24.0,"turns":3.0},{"damage":22.0,"enemies":"Book of Stabbing","floor":28.0,"turns":4.0},{"damage":0.0,"enemies":"Cultist and Chosen","floor":29.0,"turns":5.0},{"damage":8.0,"enemies":"Shelled Parasite and Fungi","floor":30.0,"turns":4.0},{"damage":88,"enemies":"Collector","floor":33,"turns":5}],"seed_played":"7526472477832829128","potions_obtained":[{"floor":3.0,"key":"Block Potion"},{"floor":6.0,"key":"Block Potion"},{"floor":8.0,"key":"AttackPotion"},{"floor":13.0,"key":"GamblersBrew"},{"floor":14.0,"key":"PowerPotion"},{"floor":16.0,"key":"Fruit Juice"},{"floor":21.0,"key":"SkillPotion"},{"floor":24.0,"key":"EntropicBrew"},{"floor":28.0,"key":"GamblersBrew"},{"floor":29.0,"key":"EssenceOfSteel"}],"is_trial":false,"path_per_floor":["M","M","M","M","M","M","?","E","T","E","M","R","E","M","R","B",null,"M","?","$","M","M","R","M","R","T","R","E","M","M","$","R","B"],"character_chosen":"IRONCLAD","items_purchased":["Turnip","Evolve"],"campfire_rested":2,"item_purchase_floors":[20,31],"current_hp_per_floor":[72,75,75,75,72,63,63,45,45,41,39,39,35,41,41,18,66,62,38,38,33,23,49,45,45,45,45,29,35,33,33,59,0],"gold":62,"neow_bonus":"ONE_RARE_RELIC","is_prod":false,"is_daily":false,"chose_seed":false,"campfire_upgraded":3,"win_rate":0,"timestamp":1559935617,"path_taken":["M","M","M","M","M","M","?","E","T","E","M","R","E","M","R","BOSS","M","?","$","?","M","R","M","R","T","R","E","M","M","?","R","BOSS"],"build_version":"2019-01-23","purchased_purges":2,"victory":false,"max_hp_per_floor":[75,75,75,75,75,75,75,75,75,75,75,75,82,82,82,82,82,87,87,87,87,87,87,87,87,87,87,87,87,87,87,87,87],"card_choices":[{"not_picked":["Heavy Blade","Thunderclap"],"picked":"Perfected Strike","floor":1.0},{"not_picked":["Cleave","Body Slam"],"picked":"Headbutt","floor":2.0},{"not_picked":["Pommel Strike","Bloodletting"],"picked":"Armaments","floor":3.0},{"not_picked":["Clothesline","Dual Wield"],"picked":"Carnage","floor":4.0},{"not_picked":["Headbutt","Blood for Blood","Warcry"],"picked":"SKIP","floor":5.0},{"not_picked":["Iron Wave","Combust"],"picked":"Twin Strike","floor":6.0},{"not_picked":["Thunderclap","Clothesline"],"picked":"Wild Strike","floor":8.0},{"not_picked":["Fiend Fire","Pommel Strike"],"picked":"Perfected Strike","floor":10.0},{"not_picked":["Havoc+1","Iron Wave"],"picked":"Metallicize","floor":11.0},{"not_picked":["Infernal Blade+1","Headbutt"],"picked":"Perfected Strike","floor":13.0},{"not_picked":["Exhume+1","Inflame"],"picked":"Shrug It Off+1","floor":14.0},{"not_picked":["Bludgeon","Feed"],"picked":"Double Tap+1","floor":16.0},{"not_picked":["Warcry+1","True Grit+1"],"picked":"Disarm+1","floor":18.0},{"not_picked":["Anger+1","Sentinel+1"],"picked":"Spot Weakness+1","floor":21.0},{"not_picked":["Body Slam","Clothesline+1"],"picked":"Whirlwind","floor":22.0},{"not_picked":["Hemokinesis","Fire Breathing+1"],"picked":"Shrug It Off+1","floor":24.0},{"not_picked":["Iron Wave","Metallicize+1"],"picked":"Impervious+1","floor":28.0},{"not_picked":["Seeing Red+1","Headbutt"],"picked":"True Grit+1","floor":29.0},{"not_picked":["Combust","Clash","Sever Soul+1"],"picked":"SKIP","floor":30.0}],"player_experience":825821,"relics_obtained":[{"floor":8.0,"key":"Toxic Egg 2"},{"floor":10.0,"key":"Nunchaku"},{"floor":13.0,"key":"Strawberry"},{"floor":26.0,"key":"Peace Pipe"},{"floor":28.0,"key":"Bag of Marbles"}],"event_choices":[{"damage_healed":0.0,"max_hp_gain":0.0,"max_hp_loss":0.0,"gold_gain":0.0,"event_name":"Golden Idol","player_choice":"Take Wound","floor":7.0,"gold_loss":0.0,"damage_taken":0.0,"relics_obtained":["Golden Idol"],"cards_obtained":["Injury"]},{"damage_healed":0.0,"max_hp_gain":0.0,"max_hp_loss":0.0,"gold_gain":0.0,"event_name":"Knowing Skull","player_choice":"CARD CARD ","floor":19.0,"potions_obtained":[],"gold_loss":0.0,"damage_taken":24.0,"cards_obtained":["Enlightenment","Panacea"]}],"is_beta":false,"boss_relics":[{"not_picked":["White Beast Statue","Lizard Tail"],"picked":"Cursed Key"}],"items_purged_floors":[20,31],"is_endless":false,"potions_floor_spawned":[3,6,8,13,14,16,21,24,28,29],"killed_by":"Collector","ascension_level":19}