{"gold_per_floor":[116,191,211,36,1,36,36,53,78,108,126,144,171,7,7,110,110,121,137,148,73,89,118,118,134,134,150,163,163,163,63,63,167,167,186,186,61,73,73,90,103,103,103,113,113,133,133,13,13,13],"floor_reached":51,"playtime":4614,"items_purged":["Strike_B","Strike_B","Defend_B"],"score":766,"play_id":"e7be1523-b649-49c4-84d2-0de7da9ae313","local_time":"20180913231628","is_ascension_mode":false,"campfire_choices":[{"data":"Defragment","floor":7.0,"key":"SMITH"},{"floor":15.0,"key":"REST"},{"floor":24.0,"key":"REST"},{"floor":30.0,"key":"REST"},{"floor":32.0,"key":"REST"},{"floor":42,"key":"REST"},{"floor":47,"key":"REST"},{"floor":49,"key":"REST"}],"neow_cost":"NONE","seed_source_timestamp":0,"circlet_count":0,"master_deck":["Defend_B","Zap+1","Dualcast","Scrape","Coolheaded","Go for the Eyes","Defragment+1","BootSequence","Rip and Tear","Cold Snap","Capacitor","Ball Lightning","Stack","Fusion+1","Defragment","Bandage Up","Creative AI","Darkness","Cold Snap","Chill","Glacier","Coolheaded","Redo","Turbo+1","Coolheaded","Ghostly","Ghostly","Ghostly","Ghostly","Ghostly","Electrodynamics","FTL","Thinking Ahead","Panacea","Coolheaded","Self Repair+1","Hologram+1","Darkness+1"],"special_seed":0,"relics":["Cracked Core","Happy Flower","Ancient Tea Set","Lantern","Letter Opener","Fusion Hammer","War Paint","Darkstone Periapt","Empty Cage","Sundial"],"potions_floor_usage":[35,44,50,50],"damage_taken":[{"damage":5.0,"enemies":"2 Louse","floor":1.0,"turns":2.0},{"damage":1.0,"enemies":"Jaw Worm","floor":3.0,"turns":4.0},{"damage":16.0,"enemies":"Lagavulin","floor":6.0,"turns":7.0},{"damage":0.0,"enemies":"Cultist","floor":8.0,"turns":3.0},{"damage":10.0,"enemies":"Gremlin Nob","floor":10.0,"turns":4.0},{"damage":6.0,"enemies":"Red Slaver","floor":11.0,"turns":3.0},{"damage":0.0,"enemies":"Large Slime","floor":12.0,"turns":3.0},{"damage":4.0,"enemies":"Lagavulin","floor":13.0,"turns":6.0},{"damage":0.0,"enemies":"Slime Boss","floor":16.0,"turns":10.0},{"damage":0.0,"enemies":"Spheric Guardian","floor":18.0,"turns":3.0},{"damage":7.0,"enemies":"3 Byrds","floor":19.0,"turns":3.0},{"damage":21.0,"enemies":"3 Cultists","floor":20.0,"turns":5.0},{"damage":19.0,"enemies":"Cultist and Chosen","floor":22.0,"turns":6.0},{"damage":3.0,"enemies":"Gremlin Leader","floor":23.0,"turns":7.0},{"damage":13.0,"enemies":"Snake Plant","floor":25.0,"turns":5.0},{"damage":1.0,"enemies":"3 Cultists","floor":27.0,"turns":6.0},{"damage":4.0,"enemies":"Centurion and Healer","floor":28.0,"turns":7.0},{"damage":24,"enemies":"Collector","floor":33,"turns":11},{"damage":14,"enemies":"3 Shapes","floor":35,"turns":5},{"damage":0,"enemies":"3 Darklings","floor":38,"turns":4},{"damage":3,"enemies":"Spire Growth","floor":40,"turns":7},{"damage":1,"enemies":"Transient","floor":41,"turns":5},{"damage":6,"enemies":"Reptomancer","floor":44,"turns":8},{"damage":0,"enemies":"Sphere and 2 Shapes","floor":46,"turns":6},{"damage":12,"enemies":"Awakened One","floor":50,"turns":19}],"seed_played":"945359840053231101","potions_obtained":[{"floor":8.0,"key":"Block Potion"},{"floor":11.0,"key":"PowerPotion"},{"floor":13.0,"key":"Energy Potion"},{"floor":16.0,"key":"Energy Potion"},{"floor":18.0,"key":"Fruit Juice"},{"floor":19.0,"key":"PowerPotion"},{"floor":23.0,"key":"EssenceOfSteel"},{"floor":25.0,"key":"Energy Potion"},{"floor":33,"key":"Block Potion"},{"floor":35,"key":"Energy Potion"},{"floor":38,"key":"SkillPotion"},{"floor":44,"key":"SteroidPotion"}],"is_trial":false,"path_per_floor":["M","?","M","$","?","E","R","M","T","E","M","M","E","$","R","B",null,"M","M","M","?","M","E","R","M","T","M","M","?","R","$","R","B",null,"M","?","$","M","?","M","M","R","T","M","$","M","R","$","R","B"],"character_chosen":"DEFECT","items_purchased":["Defragment","BootSequence","Rip and Tear","Bandage Up","Weak Potion","Ancient Potion"],"campfire_rested":7,"item_purchase_floors":[4,4,4,14,48,48],"current_hp_per_floor":[70,59,58,58,75,59,59,59,59,49,43,43,39,39,61,65,75,80,73,56,56,41,46,70,61,61,64,64,40,40,40,40,16,40,30,25,25,29,29,30,33,40,40,40,40,40,40,40,40,28],"gold":13,"neow_bonus":"TRANSFORM_CARD","is_prod":false,"is_daily":false,"chose_seed":false,"campfire_upgraded":1,"win_rate":0.0,"timestamp":1536873388,"path_taken":["M","?","?","?","?","E","R","M","T","E","M","?","E","$","R","BOSS","M","M","M","?","M","E","R","M","T","M","M","?","R","$","R","BOSS","M","?","$","M","?","M","M","R","T","M","$","M","R","$","R","BOSS"],"build_version":"2018-09-12","purchased_purges":3,"victory":true,"max_hp_per_floor":[75,75,75,75,75,75,75,75,75,75,75,75,75,75,75,75,75,80,80,80,80,80,80,80,80,80,80,80,40,40,40,40,40,40,40,40,40,40,40,40,40,40,40,40,40,40,40,40,40,40],"card_choices":[{"not_picked":["Go for the Eyes","Reprogram"],"picked":"Coolheaded","floor":1.0},{"not_picked":["Hologram","Reinforced Body"],"picked":"Go for the Eyes","floor":3.0},{"not_picked":["Undo","Force Field"],"picked":"Cold Snap","floor":6.0},{"not_picked":["Genetic Algorithm","Leap"],"picked":"Capacitor","floor":8.0},{"not_picked":["Conserve Battery","Stack"],"picked":"Ball Lightning","floor":10.0},{"not_picked":["Sweeping Beam","Steam"],"picked":"Stack","floor":11.0},{"not_picked":["Scrape","Hologram"],"picked":"Fusion","floor":12.0},{"not_picked":["Biased Cognition","Steam Power"],"picked":"Defragment","floor":13.0},{"not_picked":["Fission","Thunder Strike"],"picked":"Creative AI","floor":16.0},{"not_picked":["Reprogram","Hologram"],"picked":"Darkness","floor":18.0},{"not_picked":["Auto Shields","Gash+1"],"picked":"Cold Snap","floor":19.0},{"not_picked":["Stack","Rip and Tear"],"picked":"Chill","floor":20.0},{"not_picked":["BootSequence+1","Genetic Algorithm"],"picked":"Glacier","floor":22.0},{"not_picked":["Ball Lightning","Barrage"],"picked":"Coolheaded","floor":23.0},{"not_picked":["Darkness","Barrage"],"picked":"Redo","floor":25.0},{"not_picked":["Ball Lightning","Stack"],"picked":"Turbo+1","floor":27.0},{"not_picked":["Aggregate","Heatsinks"],"picked":"Coolheaded","floor":28.0},{"not_picked":["Fission","Amplify"],"picked":"Electrodynamics","floor":33},{"not_picked":["Hologram","Darkness"],"picked":"FTL","floor":35},{"not_picked":["Panache","Deep Breath"],"picked":"Thinking Ahead","floor":36},{"not_picked":["Thinking Ahead","Flash of Steel"],"picked":"Panacea","floor":36},{"not_picked":["Beam Cell+1","Gash+1"],"picked":"Coolheaded","floor":38},{"not_picked":["Sweeping Beam","Go for the Eyes","Fusion"],"picked":"SKIP","floor":40},{"not_picked":["Steam","Rebound+1"],"picked":"Self Repair+1","floor":41},{"not_picked":["Auto Shields","Sweeping Beam"],"picked":"Hologram+1","floor":44},{"not_picked":["Ball Lightning+1","Turbo"],"picked":"Darkness+1","floor":46}],"player_experience":151966,"relics_obtained":[{"floor":6.0,"key":"Happy Flower"},{"floor":9.0,"key":"Ancient Tea Set"},{"floor":10.0,"key":"Lantern"},{"floor":13.0,"key":"Letter Opener"},{"floor":23.0,"key":"War Paint"},{"floor":26.0,"key":"Darkstone Periapt"},{"floor":43,"key":"Sundial"}],"event_choices":[{"event_name":"World of Goop","player_choice":"Gather Gold","floor":2.0,"damage_taken":0.0},{"event_name":"The Cleric","player_choice":"Healed","floor":5.0,"damage_taken":0.0},{"event_name":"Beggar","player_choice":"Gave Gold","floor":21.0,"damage_taken":0.0},{"event_name":"Ghosts","player_choice":"Became a Ghost","floor":29.0,"damage_taken":0.0},{"event_name":"SensoryStone","player_choice":"Memory 2","floor":36,"damage_taken":0},{"event_name":"The Woman in Blue","player_choice":"Bought 0 Potions","floor":39,"damage_taken":0}],"is_beta":true,"boss_relics":[{"not_picked":["Astrolabe","Philosopher\u0027s Stone"],"picked":"Fusion Hammer"},{"not_picked":["White Beast Statue","Black Star"],"picked":"Empty Cage"}],"items_purged_floors":[14,31,37],"is_endless":false,"potions_floor_spawned":[8,11,13,16,18,19,23,25,33,35,38,44],"ascension_level":0}