{"gold_per_floor":[15,15,28,28,38,71,71,102,126,139,139,214,230,241,241,241],"floor_reached":16,"playtime":925,"items_purged":[],"score":151,"play_id":"b8b2f7b0-e3c3-4d64-96bb-f0cbbd983779","local_time":"20190324012034","is_ascension_mode":true,"campfire_choices":[{"data":"Armaments","floor":7.0,"key":"SMITH"},{"floor":11.0,"key":"REST"},{"data":"Fiend Fire","floor":15.0,"key":"SMITH"}],"neow_cost":"NO_GOLD","seed_source_timestamp":52843072928673,"circlet_count":0,"master_deck":["Strike_R","Strike_R","Strike_R","Defend_R","Defend_R","Defend_R","Defend_R","Bash","True Grit","Corruption","True Grit","Sentinel","Armaments+1","Shrug It Off","Battle Trance","Shrug It Off","Fiend Fire+1"],"special_seed":0,"relics":["Burning Blood","Juzu Bracelet","Vajra","Champion Belt","Bronze Scales"],"potions_floor_usage":[],"damage_taken":[{"damage":1.0,"enemies":"Cultist","floor":1.0,"turns":4.0},{"damage":2.0,"enemies":"2 Louse","floor":3.0,"turns":4.0},{"damage":4.0,"enemies":"Small Slimes","floor":5.0,"turns":6.0},{"damage":36.0,"enemies":"Gremlin Nob","floor":6.0,"turns":5.0},{"damage":27.0,"enemies":"3 Sentries","floor":8.0,"turns":9.0},{"damage":16.0,"enemies":"Exordium Thugs","floor":10.0,"turns":7.0},{"damage":1.0,"enemies":"Large Slime","floor":13.0,"turns":7.0},{"damage":2.0,"enemies":"Lots of Slimes","floor":14.0,"turns":2.0},{"damage":51,"enemies":"Slime Boss","floor":16,"turns":8}],"seed_played":"-96027258955624907","potions_obtained":[{"floor":3.0,"key":"FearPotion"},{"floor":5.0,"key":"Block Potion"},{"floor":6.0,"key":"Strength Potion"},{"floor":10.0,"key":"Explosive Potion"}],"is_trial":false,"path_per_floor":["M","?","M","?","M","E","R","E","T","M","R","?","M","M","R","B"],"character_chosen":"IRONCLAD","items_purchased":[],"campfire_rested":1,"item_purchase_floors":[],"current_hp_per_floor":[77,77,80,68,70,40,40,19,19,9,33,25,30,34,34,0],"gold":241,"neow_bonus":"TRANSFORM_TWO_CARDS","is_prod":false,"is_daily":false,"chose_seed":false,"campfire_upgraded":2,"win_rate":0,"timestamp":1553386834,"path_taken":["M","?","M","?","M","E","R","E","T","M","R","?","M","M","R","BOSS"],"build_version":"2019-01-23","purchased_purges":0,"victory":false,"max_hp_per_floor":[80,80,80,80,80,80,80,80,80,80,80,80,80,80,80,80],"card_choices":[{"not_picked":["Flex","Perfected Strike"],"picked":"True Grit","floor":1.0},{"not_picked":["Seeing Red","Infernal Blade"],"picked":"Sentinel","floor":3.0},{"not_picked":["True Grit","Ghostly Armor"],"picked":"Armaments","floor":5.0},{"not_picked":["Disarm","Body Slam"],"picked":"Shrug It Off","floor":6.0},{"not_picked":["Searing Blow","Seeing Red","Pommel Strike"],"picked":"SKIP","floor":8.0},{"not_picked":["True Grit","Perfected Strike"],"picked":"Battle Trance","floor":10.0},{"not_picked":["Iron Wave","Metallicize"],"picked":"Shrug It Off","floor":13.0},{"not_picked":["Infernal Blade","Armaments"],"picked":"Fiend Fire","floor":14.0}],"player_experience":76908,"relics_obtained":[{"floor":6.0,"key":"Vajra"},{"floor":8.0,"key":"Champion Belt"},{"floor":9.0,"key":"Bronze Scales"}],"event_choices":[{"damage_healed":0.0,"max_hp_gain":0.0,"max_hp_loss":0.0,"gold_gain":0.0,"event_name":"The Cleric","player_choice":"Leave","floor":2.0,"gold_loss":0.0,"damage_taken":0.0},{"damage_healed":0.0,"max_hp_gain":0.0,"max_hp_loss":0.0,"gold_gain":0.0,"event_name":"Scrap Ooze","player_choice":"Success","floor":4.0,"gold_loss":0.0,"damage_taken":12.0,"relics_obtained":["Juzu Bracelet"]},{"damage_healed":0.0,"max_hp_gain":0.0,"max_hp_loss":0.0,"gold_gain":75.0,"event_name":"FaceTrader","player_choice":"Touch","floor":12.0,"gold_loss":0.0,"damage_taken":8.0}],"is_beta":false,"boss_relics":[],"items_purged_floors":[],"is_endless":false,"potions_floor_spawned":[3,5,6,10],"killed_by":"Slime Boss","ascension_level":7}