{"gold_per_floor":[119,46,196,271,271,327,327,354,430,430,443,456,456,123,123,200,200,211,211,191,207,217,217,228,246,246,274,274,274,290,290,290,290],"floor_reached":33,"playtime":1721,"items_purged":["Doubt"],"score":569,"play_id":"67db23db-714d-4e7a-bb3e-9d67d0608ae8","local_time":"20190517174112","is_ascension_mode":true,"campfire_choices":[{"data":"Neutralize","floor":7.0,"key":"SMITH"},{"data":"Footwork","floor":10.0,"key":"SMITH"},{"data":"Dash","floor":15.0,"key":"SMITH"},{"floor":23.0,"key":"REST"},{"floor":28.0,"key":"REST"},{"floor":32,"key":"REST"}],"neow_cost":"NONE","seed_source_timestamp":3176466805633250,"circlet_count":0,"master_deck":["AscendersBane","Defend_G","Defend_G","Defend_G","Defend_G","Defend_G","Strike_G","Strike_G","Strike_G","Strike_G","Survivor","Neutralize+1","Acrobatics","Footwork+1","Choke","Prepared+1","Wraith Form v2","Dash+1","Caltrops","Storm of Steel+1","Escape Plan+1","Necronomicurse","Prepared+1","Deadly Poison+1","Writhe"],"special_seed":0,"relics":["Ring of the Snake","NeowsBlessing","Tiny Chest","Torii","Toxic Egg 2","Letter Opener","Boot","Busted Crown","Necronomicon","Matryoshka","Blood Vial"],"potions_floor_usage":[],"damage_taken":[{"damage":0.0,"enemies":"Cultist","floor":1.0,"turns":1.0},{"damage":0.0,"enemies":"3 Sentries","floor":6.0,"turns":1.0},{"damage":0.0,"enemies":"Lagavulin","floor":8.0,"turns":1.0},{"damage":0.0,"enemies":"Small Slimes","floor":11.0,"turns":4.0},{"damage":1.0,"enemies":"Jaw Worm","floor":12.0,"turns":8.0},{"damage":8.0,"enemies":"The Guardian","floor":16.0,"turns":14.0},{"damage":0.0,"enemies":"3 Byrds","floor":18.0,"turns":2.0},{"damage":0.0,"enemies":"Chosen","floor":21.0,"turns":3.0},{"damage":0.0,"enemies":"Centurion and Healer","floor":22.0,"turns":4.0},{"damage":0.0,"enemies":"Snake Plant","floor":24.0,"turns":1.0},{"damage":0.0,"enemies":"Snecko","floor":25.0,"turns":4.0},{"damage":41.0,"enemies":"Gremlin Leader","floor":27.0,"turns":9.0},{"damage":0.0,"enemies":"Sentry and Sphere","floor":29.0,"turns":2.0},{"damage":0,"enemies":"Snake Plant","floor":30,"turns":5},{"damage":56,"enemies":"Automaton","floor":33,"turns":8}],"seed_played":"-611629826504824712","potions_obtained":[{"floor":6.0,"key":"EssenceOfSteel"},{"floor":8.0,"key":"LiquidBronze"},{"floor":16.0,"key":"SmokeBomb"},{"floor":20.0,"key":"Swift Potion"},{"floor":27.0,"key":"SmokeBomb"}],"is_trial":false,"path_per_floor":["M","$","?","?","?","E","R","E","T","R","M","M","T","$","R","B",null,"M","?","?","M","M","R","M","M","T","E","R","M","M","?","R","B"],"character_chosen":"THE_SILENT","items_purchased":["Footwork","Dash","Boot","Caltrops"],"campfire_rested":3,"item_purchase_floors":[2,14,14,14],"current_hp_per_floor":[59,59,59,48,48,48,48,48,48,48,48,47,47,47,47,39,59,59,38,38,38,38,57,57,57,57,16,35,35,35,35,54,0],"gold":290,"neow_bonus":"THREE_ENEMY_KILL","is_prod":false,"is_daily":false,"chose_seed":false,"campfire_upgraded":3,"win_rate":0,"timestamp":1558140072,"path_taken":["M","$","?","?","?","E","R","E","T","R","M","?","?","$","R","BOSS","M","?","?","M","?","R","M","M","T","E","R","M","M","?","R","BOSS"],"build_version":"2019-01-23","purchased_purges":1,"victory":false,"max_hp_per_floor":[66,66,66,66,66,66,66,66,66,66,66,66,66,66,66,66,66,66,66,66,66,66,66,66,66,66,66,66,66,66,66,66,66],"card_choices":[{"not_picked":["Slice","Dagger Spray"],"picked":"Acrobatics","floor":1.0},{"not_picked":["Riddle With Holes","Concentrate","Deflect"],"picked":"SKIP","floor":6.0},{"not_picked":["Dagger Spray","Dagger Throw","Bane"],"picked":"SKIP","floor":8.0},{"not_picked":["Quick Slash","Slice"],"picked":"Prepared+1","floor":11.0},{"not_picked":["Flying Knee","Dagger Spray"],"picked":"Wraith Form v2","floor":12.0},{"not_picked":["Glass Knife","Grand Finale"],"picked":"Storm of Steel+1","floor":16.0},{"not_picked":[],"picked":"Escape Plan+1","floor":18.0},{"not_picked":[],"picked":"Prepared+1","floor":21.0},{"not_picked":["Poisoned Stab+1"],"picked":"SKIP","floor":22.0},{"not_picked":["Dagger Throw"],"picked":"SKIP","floor":24.0},{"not_picked":[],"picked":"Deadly Poison+1","floor":25.0},{"not_picked":["Riddle With Holes"],"picked":"SKIP","floor":27.0},{"not_picked":["All Out Attack"],"picked":"SKIP","floor":30}],"player_experience":633310,"relics_obtained":[{"floor":6.0,"key":"Tiny Chest"},{"floor":8.0,"key":"Torii"},{"floor":9.0,"key":"Toxic Egg 2"},{"floor":13.0,"key":"Letter Opener"},{"floor":19.0,"key":"Necronomicon"},{"floor":27.0,"key":"Matryoshka"}],"event_choices":[{"damage_healed":0.0,"max_hp_gain":0.0,"max_hp_loss":0.0,"gold_gain":150.0,"event_name":"Liars Game","player_choice":"AGREE","floor":3.0,"gold_loss":0.0,"damage_taken":0.0,"cards_obtained":["Doubt"]},{"damage_healed":0.0,"max_hp_gain":0.0,"max_hp_loss":0.0,"gold_gain":75.0,"event_name":"World of Goop","player_choice":"Gather Gold","floor":4.0,"gold_loss":0.0,"damage_taken":11.0},{"damage_healed":0.0,"max_hp_gain":0.0,"max_hp_loss":0.0,"gold_gain":0.0,"cards_transformed":["Strike_G"],"event_name":"Transmorgrifier","player_choice":"Transformed","floor":5.0,"gold_loss":0.0,"damage_taken":0.0,"cards_obtained":["Choke"]},{"damage_healed":0.0,"max_hp_gain":0.0,"max_hp_loss":0.0,"gold_gain":0.0,"event_name":"Cursed Tome","player_choice":"Obtained Book","floor":19.0,"gold_loss":0.0,"damage_taken":21.0},{"damage_healed":0.0,"max_hp_gain":0.0,"max_hp_loss":0.0,"gold_gain":0.0,"event_name":"The Woman in Blue","player_choice":"Bought 1 Potion","floor":20.0,"gold_loss":0.0,"damage_taken":0.0},{"damage_healed":0,"gold_gain":0,"player_choice":"Opened","damage_taken":0,"relics_obtained":["Blood Vial"],"max_hp_gain":0,"max_hp_loss":0,"event_name":"The Mausoleum","floor":31,"gold_loss":0,"cards_obtained":["Writhe"]}],"is_beta":false,"boss_relics":[{"not_picked":["WristBlade","Ectoplasm"],"picked":"Busted Crown"}],"items_purged_floors":[14],"is_endless":false,"potions_floor_spawned":[6,8,16,21,27],"killed_by":"Automaton","ascension_level":15}