{"gold_per_floor":[110,121,139,26,26,57,57,77,77,102,102,112,112,127,127,222,222,233,244,256,51,62,62,81,101,177,277,310,32,47,60,60,60],"floor_reached":33,"playtime":1661,"items_purged":["Strike_R"],"score":404,"play_id":"78b88481-31be-4411-94fb-e3db70b547dc","local_time":"20190524232712","is_ascension_mode":true,"campfire_choices":[{"data":"Armaments","floor":7.0,"key":"SMITH"},{"data":"Body Slam","floor":11.0,"key":"SMITH"},{"floor":13.0,"key":"REST"},{"data":"Entrench","floor":15.0,"key":"SMITH"},{"floor":23.0,"key":"REST"},{"data":"Entrench","floor":32,"key":"SMITH"}],"neow_cost":"CURSE","seed_source_timestamp":541318801888813,"circlet_count":0,"master_deck":["Strike_R","Strike_R","Strike_R","Strike_R","Defend_R","Defend_R","Defend_R","Defend_R","Bash","Decay","Battle Trance","Ghostly Armor","Infernal Blade","Body Slam+1","Bash","Feed","Armaments+1","Inflame","Bloodletting","Shrug It Off","Entrench+1","Juggernaut","Power Through+1","Second Wind","Madness","Shrug It Off","Headbutt+1","Flame Barrier","Inflame+1","Feel No Pain","Evolve","Entrench+1","True Grit"],"special_seed":0,"relics":["Burning Blood","Ginger","Strawberry","Anchor","Kunai","Sozu","Bag of Preparation","Lee\u0027s Waffle"],"potions_floor_usage":[],"damage_taken":[{"damage":6.0,"enemies":"Cultist","floor":1.0,"turns":3.0},{"damage":2.0,"enemies":"Small Slimes","floor":2.0,"turns":3.0},{"damage":10.0,"enemies":"Jaw Worm","floor":3.0,"turns":4.0},{"damage":18.0,"enemies":"Gremlin Nob","floor":6.0,"turns":3.0},{"damage":20.0,"enemies":"Gremlin Gang","floor":8.0,"turns":3.0},{"damage":47.0,"enemies":"3 Sentries","floor":10.0,"turns":7.0},{"damage":9.0,"enemies":"2 Fungi Beasts","floor":12.0,"turns":3.0},{"damage":14.0,"enemies":"Large Slime","floor":14.0,"turns":5.0},{"damage":57.0,"enemies":"Slime Boss","floor":16.0,"turns":15.0},{"damage":27.0,"enemies":"2 Thieves","floor":18.0,"turns":5.0},{"damage":3.0,"enemies":"Shell Parasite","floor":19.0,"turns":2.0},{"damage":20.0,"enemies":"Snake Plant","floor":20.0,"turns":4.0},{"damage":24.0,"enemies":"Shelled Parasite and Fungi","floor":22.0,"turns":6.0},{"damage":52.0,"enemies":"Chosen and Byrds","floor":24.0,"turns":6.0},{"damage":7.0,"enemies":"Centurion and Healer","floor":25.0,"turns":8.0},{"damage":19.0,"enemies":"Book of Stabbing","floor":28.0,"turns":5.0},{"damage":32,"enemies":"3 Cultists","floor":30,"turns":6},{"damage":7,"enemies":"Snake Plant","floor":31,"turns":3},{"damage":111,"enemies":"Collector","floor":33,"turns":7}],"seed_played":"-5730773305178029890","potions_obtained":[{"floor":2.0,"key":"FearPotion"},{"floor":3.0,"key":"SteroidPotion"},{"floor":14.0,"key":"BloodPotion"}],"is_trial":false,"path_per_floor":["M","M","M","$","?","E","R","M","T","E","R","M","R","M","R","B",null,"M","M","M","$","M","R","M","M","T","?","E","$","M","M","R","B"],"character_chosen":"IRONCLAD","items_purchased":["Infernal Blade","Body Slam","Madness","Shrug It Off","Lee\u0027s Waffle","Evolve"],"campfire_rested":2,"item_purchase_floors":[4,4,21,21,29,29],"current_hp_per_floor":[80,80,76,76,76,74,74,63,63,25,25,26,56,48,48,7,77,56,62,48,48,34,66,23,22,22,22,9,117,91,90,90,0],"gold":60,"neow_bonus":"ONE_RARE_RELIC","is_prod":false,"is_daily":false,"chose_seed":false,"campfire_upgraded":4,"win_rate":0,"timestamp":1558733232,"path_taken":["M","M","?","$","?","E","R","M","T","E","R","?","R","M","R","BOSS","M","?","M","$","M","R","M","M","T","?","E","$","M","M","R","BOSS"],"build_version":"2019-05-24","purchased_purges":1,"victory":false,"max_hp_per_floor":[80,80,80,80,80,90,90,93,93,96,96,100,100,100,100,100,100,100,103,103,103,107,107,110,110,110,110,110,117,117,117,117,117],"card_choices":[{"not_picked":["Carnage","Twin Strike"],"picked":"Battle Trance","floor":1.0},{"not_picked":["Heavy Blade","Reckless Charge"],"picked":"Ghostly Armor","floor":2.0},{"not_picked":["True Grit","Havoc","Wild Strike"],"picked":"SKIP","floor":3.0},{"not_picked":["True Grit","Headbutt"],"picked":"Armaments","floor":6.0},{"not_picked":["Wild Strike","Dropkick"],"picked":"Inflame","floor":8.0},{"not_picked":["Reckless Charge","Havoc"],"picked":"Bloodletting","floor":10.0},{"not_picked":["Pummel","Pommel Strike"],"picked":"Shrug It Off","floor":12.0},{"not_picked":["Feed","Sentinel"],"picked":"Entrench","floor":14.0},{"not_picked":["Immolate","Dark Embrace"],"picked":"Juggernaut","floor":16.0},{"not_picked":["Shrug It Off","Warcry"],"picked":"Power Through+1","floor":18.0},{"not_picked":["Battle Trance+1","Sever Soul"],"picked":"Second Wind","floor":19.0},{"not_picked":["Armaments","Clash","Twin Strike"],"picked":"SKIP","floor":20.0},{"not_picked":["Armaments","Rampage"],"picked":"Headbutt+1","floor":22.0},{"not_picked":["Body Slam","Reckless Charge"],"picked":"Flame Barrier","floor":24.0},{"not_picked":["Fire Breathing","Iron Wave"],"picked":"Inflame+1","floor":25.0},{"not_picked":["Limit Break","True Grit"],"picked":"Feel No Pain","floor":28.0},{"not_picked":["Heavy Blade","Armaments"],"picked":"Entrench","floor":30},{"not_picked":["Entrench","Shrug It Off+1"],"picked":"True Grit","floor":31}],"player_experience":349995,"relics_obtained":[{"floor":6.0,"key":"Strawberry"},{"floor":9.0,"key":"Anchor"},{"floor":10.0,"key":"Kunai"},{"floor":28.0,"key":"Bag of Preparation"}],"event_choices":[{"damage_healed":0.0,"max_hp_gain":0.0,"max_hp_loss":0.0,"gold_gain":0.0,"event_name":"Match and Keep!","player_choice":"2 cards matched","floor":5.0,"gold_loss":0.0,"damage_taken":0.0,"cards_obtained":["Bash","Feed"]},{"damage_healed":0.0,"max_hp_gain":0.0,"max_hp_loss":0.0,"gold_gain":100.0,"event_name":"Golden Shrine","player_choice":"Pray","floor":27.0,"gold_loss":0.0,"damage_taken":0.0}],"is_beta":true,"boss_relics":[{"not_picked":["Empty Cage","Ectoplasm"],"picked":"Sozu"}],"items_purged_floors":[21],"is_endless":false,"potions_floor_spawned":[2,3,14,24,25,28,31],"killed_by":"Collector","ascension_level":5}