{"gold_per_floor":[116,116,126,51,70,99,109,109,109,143,143,119,131,144,144,243,243,256,273,273,0,18,48,48,48,102,119,149,164,164,181,181,282,282,295,36,36,55,0,0],"floor_reached":40,"playtime":3938,"items_purged":["Regret"],"score":460,"play_id":"69d96abb-c19d-44c5-b2dc-0a91f61e401b","local_time":"20181031210551","is_ascension_mode":true,"campfire_choices":[{"data":"Whirlwind","floor":8,"key":"SMITH"},{"data":"True Grit","floor":15,"key":"SMITH"},{"data":"Inflame","floor":24,"key":"SMITH"},{"data":"Limit Break","floor":30,"key":"SMITH"},{"floor":32,"key":"REST"}],"neow_cost":"NONE","seed_source_timestamp":205786192474930,"circlet_count":0,"master_deck":["Strike_R","Strike_R","Strike_R","Strike_R","Defend_R","Defend_R","Defend_R","Defend_R","Bash","Twin Strike","Ghostly Armor","Combust","Whirlwind+1","Cleave","Uppercut","PanicButton","Reaper","Shrug It Off","Battle Trance","Limit Break+1","Armaments","Heavy Blade","Inflame+1","Berserk","Normality","Cleave+1","Demon Form","Pommel Strike+1","Flex","Headbutt"],"relics":["Black Blood","NeowsBlessing","Ornamental Fan","Meat on the Bone","Mummified Hand","Cursed Key","PreservedInsect","Bottled Tornado","Bag of Preparation","Kunai","Medical Kit","Red Mask"],"potions_floor_usage":[16,18,23,28,33,33,33,35,38],"damage_taken":[{"damage":0,"enemies":"Cultist","floor":1,"turns":1},{"damage":0,"enemies":"2 Louse","floor":3,"turns":1},{"damage":0,"enemies":"Jaw Worm","floor":5,"turns":1},{"damage":44,"enemies":"Lagavulin","floor":6,"turns":6},{"damage":0,"enemies":"Lots of Slimes","floor":7,"turns":1},{"damage":18,"enemies":"3 Sentries","floor":10,"turns":4},{"damage":26,"enemies":"2 Fungi Beasts","floor":13,"turns":4},{"damage":12,"enemies":"Blue Slaver","floor":14,"turns":5},{"damage":66,"enemies":"The Guardian","floor":16,"turns":18},{"damage":10,"enemies":"3 Byrds","floor":18,"turns":4},{"damage":18,"enemies":"Shell Parasite","floor":19,"turns":6},{"damage":2,"enemies":"Chosen and Byrds","floor":22,"turns":4},{"damage":24,"enemies":"Gremlin Leader","floor":23,"turns":4},{"damage":0,"enemies":"3 Cultists","floor":27,"turns":2},{"damage":50,"enemies":"Slavers","floor":28,"turns":4},{"damage":16,"enemies":"Snecko","floor":29,"turns":5},{"damage":7,"enemies":"Sentry and Sphere","floor":31,"turns":3},{"damage":51,"enemies":"Champ","floor":33,"turns":8},{"damage":35,"enemies":"Orb Walker","floor":35,"turns":5},{"damage":17,"enemies":"3 Darklings","floor":38,"turns":4},{"damage":106,"enemies":"Giant Head","floor":40,"turns":8}],"seed_played":"1490433850481854345","potions_obtained":[{"floor":1,"key":"GamblersBrew"},{"floor":5,"key":"Ancient Potion"},{"floor":6,"key":"Regen Potion"},{"floor":16,"key":"LiquidBronze"},{"floor":22,"key":"SkillPotion"},{"floor":23,"key":"BloodPotion"},{"floor":28,"key":"Strength Potion"},{"floor":33,"key":"SkillPotion"},{"floor":35,"key":"Fire Potion"}],"is_trial":false,"path_per_floor":["M","?","M","$","M","E","M","R","T","E","?","$","M","M","R","B",null,"M","M","?","$","M","E","R","?","T","M","E","M","R","M","R","B",null,"M","$","T","M","?","E"],"character_chosen":"IRONCLAD","items_purchased":["Combust","Shrug It Off","PreservedInsect","Strength Potion","Medical Kit","Flex"],"campfire_rested":1,"item_purchase_floors":[4,12,21,21,36,36],"current_hp_per_floor":[80,80,80,80,80,42,48,48,48,48,48,48,43,53,53,24,80,80,68,68,68,72,54,54,54,54,60,48,54,54,60,80,49,80,55,55,55,60,60,0],"gold":0,"neow_bonus":"THREE_ENEMY_KILL","is_prod":false,"is_daily":false,"chose_seed":false,"campfire_upgraded":4,"win_rate":0,"timestamp":1541016351,"path_taken":["M","?","?","$","M","E","M","R","T","E","?","$","M","M","R","BOSS","M","M","?","$","M","E","R","?","T","?","E","M","R","M","R","BOSS","M","$","?","?","?","E"],"build_version":"2018-10-30","purchased_purges":1,"victory":false,"max_hp_per_floor":[80,80,80,80,80,80,80,80,80,80,80,80,80,80,80,80,80,80,80,80,80,80,80,80,80,80,80,80,80,80,80,80,80,80,80,80,80,80,80,80],"card_choices":[{"not_picked":["Rampage","Anger"],"picked":"Twin Strike","floor":1},{"not_picked":["Rage","Searing Blow"],"picked":"Ghostly Armor","floor":3},{"not_picked":["Sword Boomerang","Flex"],"picked":"Whirlwind","floor":5},{"not_picked":["Twin Strike","Second Wind"],"picked":"Cleave","floor":6},{"not_picked":["Rage","Body Slam"],"picked":"True Grit","floor":7},{"not_picked":["Clash","Warcry"],"picked":"Uppercut","floor":10},{"not_picked":["Uppercut","Power Through","Corruption"],"picked":"SKIP","floor":13},{"not_picked":["Clash","Pommel Strike"],"picked":"Battle Trance","floor":14},{"not_picked":["Berserk","Offering"],"picked":"Limit Break","floor":16},{"not_picked":["Wild Strike","Twin Strike+1"],"picked":"Armaments","floor":18},{"not_picked":["Shrug It Off","Pommel Strike"],"picked":"Heavy Blade","floor":19},{"not_picked":["Battle Trance","Feel No Pain","Anger+1"],"picked":"SKIP","floor":22},{"not_picked":["Heavy Blade+1","Reckless Charge"],"picked":"Berserk","floor":23},{"not_picked":["Pommel Strike","Clash","Body Slam"],"picked":"SKIP","floor":27},{"not_picked":["Rampage","Reckless Charge","Combust"],"picked":"SKIP","floor":28},{"not_picked":["Carnage","Pommel Strike"],"picked":"Cleave+1","floor":29},{"not_picked":["Cleave","True Grit+1","Clothesline"],"picked":"SKIP","floor":31},{"not_picked":["Brutality","Juggernaut"],"picked":"Demon Form","floor":33},{"not_picked":["Iron Wave","Metallicize+1"],"picked":"Pommel Strike+1","floor":35},{"not_picked":["Anger","Wild Strike"],"picked":"Headbutt","floor":38}],"player_experience":183508,"relics_obtained":[{"floor":6,"key":"Ornamental Fan"},{"floor":9,"key":"Meat on the Bone"},{"floor":10,"key":"Mummified Hand"},{"floor":23,"key":"Bottled Tornado"},{"floor":26,"key":"Bag of Preparation"},{"floor":28,"key":"Kunai"}],"event_choices":[{"cards_removed":["Strike_R"],"damage_healed":0,"gold_gain":0,"player_choice":"Purged","damage_taken":0,"max_hp_gain":0,"max_hp_loss":0,"event_name":"Purifier","floor":2,"gold_loss":0},{"damage_healed":0,"gold_gain":0,"player_choice":"3 cards matched","damage_taken":0,"max_hp_gain":0,"max_hp_loss":0,"event_name":"Match and Keep!","floor":11,"gold_loss":0,"cards_obtained":["Writhe","PanicButton","Reaper"]},{"damage_healed":0,"gold_gain":0,"cards_transformed":["Writhe","True Grit"],"player_choice":"Became Test Subject","damage_taken":0,"max_hp_gain":0,"max_hp_loss":0,"event_name":"Drug Dealer","floor":20,"gold_loss":0,"cards_obtained":["Regret","Inflame"]},{"damage_healed":0,"gold_gain":0,"player_choice":"Ignored","damage_taken":0,"max_hp_gain":0,"max_hp_loss":0,"event_name":"Beggar","floor":25,"gold_loss":0},{"damage_healed":0,"gold_gain":0,"player_choice":"Paid","damage_taken":0,"relics_obtained":["Red Mask"],"max_hp_gain":0,"max_hp_loss":0,"event_name":"Tomb of Lord Red Mask","floor":39,"gold_loss":55}],"is_beta":true,"boss_relics":[{"not_picked":["Mark of Pain","Snecko Eye"],"picked":"Cursed Key"},{"not_picked":["Pandora\u0027s Box","Fusion Hammer"],"picked":"Black Blood"}],"items_purged_floors":[21],"is_endless":false,"potions_floor_spawned":[1,5,6,13,16,22,23,28,33,35],"killed_by":"Giant Head","ascension_level":1}