{"gold_per_floor":[112,112,12,33,56,100,143,143,143,143,18,61,82,107,107,235,235,258,148,273,273,213,213,42,42,87,118,118],"floor_reached":28,"playtime":2478,"items_purged":["Injury"],"score":290,"play_id":"3780d88b-643f-4d03-b98d-4a52c07433f6","local_time":"20190503220959","is_ascension_mode":true,"campfire_choices":[{"floor":8,"key":"RECALL"},{"floor":10,"key":"REST"},{"floor":15,"key":"REST"},{"floor":23,"key":"REST"},{"data":"Night Terror","floor":25,"key":"SMITH"}],"neow_cost":"NONE","seed_source_timestamp":6933477128800,"circlet_count":0,"master_deck":["Defend_G","Defend_G+1","Defend_G","Defend_G","Defend_G","Strike_G","Strike_G","Strike_G","Strike_G","Strike_G","Survivor","Neutralize","Dagger Spray","Terror","Poisoned Stab","Flying Knee","Deflect","Riddle With Holes","Bullet Time","Burst+1","Bouncing Flask","Choke","Dodge and Roll","Poisoned Stab","Night Terror+1","Cloak And Dagger","Deadly Poison","Noxious Fumes","Blur","Well Laid Plans","Sucker Punch+1","Footwork","Deadly Poison+1","Dagger Throw","Doppelganger+1"],"relics":["Ring of the Snake","Golden Idol","WingedGreaves","Prayer Wheel","Boot","Lizard Tail","Incense Burner","Toxic Egg 2","Mummified Hand","Omamori","War Paint"],"potions_floor_usage":[6,12,14,16,27,27,28],"damage_taken":[{"damage":2,"enemies":"2 Louse","floor":1,"turns":3},{"damage":4,"enemies":"Jaw Worm","floor":4,"turns":4},{"damage":0,"enemies":"Small Slimes","floor":5,"turns":3},{"damage":21,"enemies":"Lagavulin","floor":6,"turns":7},{"damage":27,"enemies":"Gremlin Nob","floor":7,"turns":5},{"damage":22,"enemies":"Lagavulin","floor":12,"turns":6},{"damage":0,"enemies":"Red Slaver","floor":13,"turns":1},{"damage":1,"enemies":"3 Louse","floor":14,"turns":4},{"damage":23,"enemies":"Hexaghost","floor":16,"turns":10},{"damage":7,"enemies":"Chosen","floor":18,"turns":4},{"damage":24,"enemies":"Colosseum Slavers","floor":20,"turns":5},{"damage":45,"enemies":"Colosseum Nobs","floor":20,"turns":7},{"damage":17,"enemies":"2 Thieves","floor":22,"turns":4},{"damage":7,"enemies":"Gremlin Leader","floor":27,"turns":5},{"damage":41,"enemies":"Cultist and Chosen","floor":28,"turns":8}],"seed_played":"4640747355364069228","potions_obtained":[{"floor":5,"key":"Dexterity Potion"},{"floor":7,"key":"Swift Potion"},{"floor":14,"key":"SpeedPotion"},{"floor":27,"key":"GamblersBrew"}],"is_trial":false,"path_per_floor":["M","?","$","M","M","E","E","R","T","R","$","E","M","M","R","B",null,"M","$","?","T","M","R","$","R","T","E","M"],"character_chosen":"THE_SILENT","items_purchased":["Poisoned Stab","Bullet Time","Block Potion","Noxious Fumes","Blur","Deadly Poison+1","Dagger Throw","Poison Potion","Explosive Potion"],"campfire_rested":3,"item_purchase_floors":[3,11,11,19,19,24,24,24,24],"current_hp_per_floor":[68,68,68,64,64,43,16,16,16,37,37,15,15,14,35,12,70,63,63,35,35,18,39,39,39,39,32,0],"gold":118,"neow_bonus":"THREE_CARDS","is_prod":false,"is_daily":false,"chose_seed":false,"campfire_upgraded":1,"win_rate":0,"timestamp":1556914199,"path_taken":["M","?","$","M","M","E","E","R","T","R","$","E","M","M","R","BOSS","M","$","?","?","M","R","$","R","T","E","M"],"build_version":"2019-01-23","purchased_purges":1,"victory":false,"max_hp_per_floor":[70,70,70,70,70,70,70,70,70,70,70,70,70,70,70,70,70,70,70,70,70,70,70,70,70,70,70,70],"card_choices":[{"not_picked":["Backflip","Distraction"],"picked":"Dagger Spray","floor":0},{"not_picked":["Bane","Dodge and Roll"],"picked":"Terror","floor":1},{"not_picked":["Calculated Gamble","Escape Plan"],"picked":"Flying Knee","floor":4},{"not_picked":["Backflip","Flechettes","Underhanded Strike"],"picked":"SKIP","floor":5},{"not_picked":["Dagger Spray","Bane"],"picked":"Deflect","floor":6},{"not_picked":["Tactician","Underhanded Strike"],"picked":"Riddle With Holes","floor":7},{"not_picked":["Cloak And Dagger","Slice"],"picked":"Burst","floor":12},{"not_picked":["Masterful Stab","Flying Knee"],"picked":"Bouncing Flask","floor":13},{"not_picked":["Escape Plan","Acrobatics"],"picked":"Choke","floor":13},{"not_picked":["Flying Knee","Backflip"],"picked":"Dodge and Roll","floor":14},{"not_picked":["Underhanded Strike","Cloak And Dagger"],"picked":"Poisoned Stab","floor":14},{"not_picked":["Wraith Form v2","Burst"],"picked":"Night Terror","floor":16},{"not_picked":["Tactician","Slice"],"picked":"Cloak And Dagger","floor":18},{"not_picked":["Quick Slash+1","Blade Dance+1"],"picked":"Deadly Poison","floor":18},{"not_picked":["Slice","Backflip"],"picked":"Well Laid Plans","floor":20},{"not_picked":["Flechettes","Dagger Throw+1"],"picked":"Sucker Punch+1","floor":22},{"not_picked":["Distraction+1","Sucker Punch"],"picked":"Footwork","floor":22},{"not_picked":["Riddle With Holes+1","PiercingWail+1"],"picked":"Doppelganger+1","floor":27}],"player_experience":229177,"relics_obtained":[{"floor":6,"key":"WingedGreaves"},{"floor":7,"key":"Prayer Wheel"},{"floor":12,"key":"Boot"},{"floor":20,"key":"Incense Burner"},{"floor":20,"key":"Toxic Egg 2"},{"floor":21,"key":"Mummified Hand"},{"floor":26,"key":"Omamori"},{"floor":27,"key":"War Paint"}],"event_choices":[{"damage_healed":0,"gold_gain":0,"player_choice":"Take Wound","damage_taken":0,"relics_obtained":["Golden Idol"],"max_hp_gain":0,"max_hp_loss":0,"event_name":"Golden Idol","floor":2,"gold_loss":0,"cards_obtained":["Injury"]},{"damage_healed":0,"gold_gain":0,"player_choice":"Fight","damage_taken":0,"max_hp_gain":0,"max_hp_loss":0,"event_name":"Colosseum","floor":20,"gold_loss":0},{"damage_healed":0,"gold_gain":0,"player_choice":"Fought Nobs","damage_taken":0,"max_hp_gain":0,"max_hp_loss":0,"event_name":"Colosseum","floor":20,"gold_loss":0}],"is_beta":false,"boss_relics":[{"not_picked":["Orrery","Sozu"],"picked":"Lizard Tail"}],"items_purged_floors":[3],"is_endless":false,"potions_floor_spawned":[5,7,14,27],"killed_by":"Cultist and Chosen","ascension_level":1}