{"gold_per_floor":[110,110,122,53,63,95,95,130,130,158,158,177,177,194,194,292,292,306,35,35,35,35,35,48,48],"floor_reached":25,"playtime":1646,"items_purged":["Inflame"],"score":285,"play_id":"4d4d2246-6ea6-4bb8-8a89-07bb623d48f0","local_time":"20190607111038","is_ascension_mode":true,"campfire_choices":[{"floor":7.0,"key":"REST"},{"data":"Armaments","floor":11.0,"key":"SMITH"},{"data":"Body Slam","floor":13.0,"key":"SMITH"},{"floor":15.0,"key":"REST"},{"data":"Entrench","floor":23.0,"key":"SMITH"}],"neow_cost":"NONE","seed_source_timestamp":1284495721148744,"circlet_count":0,"master_deck":["Strike_R","Strike_R","Strike_R","Strike_R","Defend_R","Defend_R","Defend_R","Defend_R","Bash","Armaments+1","Battle Trance","Iron Wave","Body Slam+1","Heavy Blade","Cleave","Entrench+1","Barricade","True Grit","Shrug It Off","Finesse","Body Slam"],"special_seed":0,"relics":["Burning Blood","NeowsBlessing","Question Card","Matryoshka","Bottled Flame","Runic Cube","Nloth\u0027s Gift"],"potions_floor_usage":[24,25],"damage_taken":[{"damage":0.0,"enemies":"Jaw Worm","floor":1.0,"turns":1.0},{"damage":0.0,"enemies":"Cultist","floor":3.0,"turns":1.0},{"damage":0.0,"enemies":"Small Slimes","floor":5.0,"turns":1.0},{"damage":68.0,"enemies":"Lagavulin","floor":6.0,"turns":8.0},{"damage":11.0,"enemies":"Gremlin Nob","floor":8.0,"turns":3.0},{"damage":30.0,"enemies":"3 Sentries","floor":10.0,"turns":8.0},{"damage":14.0,"enemies":"Exordium Thugs","floor":12.0,"turns":5.0},{"damage":13.0,"enemies":"Large Slime","floor":14.0,"turns":4.0},{"damage":24.0,"enemies":"Slime Boss","floor":16.0,"turns":10.0},{"damage":58.0,"enemies":"Chosen","floor":18.0,"turns":7.0},{"damage":16,"enemies":"Spheric Guardian","floor":24,"turns":10},{"damage":50,"enemies":"Cultist and Chosen","floor":25,"turns":4}],"seed_played":"-5770334679635087953","potions_obtained":[{"floor":5.0,"key":"GamblersBrew"},{"floor":6.0,"key":"AttackPotion"},{"floor":8.0,"key":"SpeedPotion"},{"floor":24,"key":"AttackPotion"}],"is_trial":false,"path_per_floor":["M","?","M","$","M","E","R","E","T","E","R","M","R","M","R","B",null,"M","$","?","$","?","R","M","M"],"character_chosen":"IRONCLAD","items_purchased":["Battle Trance","Shrug It Off","Block Potion","Finesse"],"campfire_rested":2,"item_purchase_floors":[4,19,19,19],"current_hp_per_floor":[78,78,80,80,80,18,42,37,37,25,25,29,29,34,58,52,73,33,33,33,33,33,33,23,0],"gold":48,"neow_bonus":"THREE_ENEMY_KILL","is_prod":false,"is_daily":false,"chose_seed":false,"campfire_upgraded":3,"win_rate":0,"timestamp":1559898638,"path_taken":["M","?","M","$","?","E","R","E","T","E","R","?","R","M","R","BOSS","M","?","?","$","?","R","M","?"],"build_version":"2019-06-02","purchased_purges":1,"victory":false,"max_hp_per_floor":[80,80,80,80,80,80,80,80,80,80,80,80,80,80,80,80,80,80,80,80,80,80,80,80,80],"card_choices":[{"not_picked":["Perfected Strike","Evolve","Warcry"],"picked":"SKIP","floor":1.0},{"not_picked":["Havoc","Thunderclap"],"picked":"Armaments","floor":3.0},{"not_picked":["Shockwave","Clash"],"picked":"Iron Wave","floor":5.0},{"not_picked":["Perfected Strike","Warcry"],"picked":"Body Slam","floor":6.0},{"not_picked":["Corruption","Uppercut","Flame Barrier"],"picked":"Inflame","floor":8.0},{"not_picked":["Pommel Strike","Rage","Uppercut"],"picked":"Heavy Blade","floor":10.0},{"not_picked":["Juggernaut","True Grit","Second Wind"],"picked":"Cleave","floor":12.0},{"not_picked":["Shrug It Off","Perfected Strike","True Grit"],"picked":"Entrench","floor":14.0},{"not_picked":["Immolate","Brutality","Double Tap"],"picked":"Barricade","floor":16.0},{"not_picked":["Wild Strike","Anger","Twin Strike+1"],"picked":"True Grit","floor":18.0},{"not_picked":["Sword Boomerang","Whirlwind","Perfected Strike","Burning Pact"],"picked":"SKIP","floor":24}],"player_experience":355637,"relics_obtained":[{"floor":6.0,"key":"Question Card"},{"floor":8.0,"key":"Meat on the Bone"},{"floor":9.0,"key":"Matryoshka"},{"floor":10.0,"key":"Bottled Flame"}],"event_choices":[{"cards_removed":["Strike_R"],"damage_healed":0.0,"max_hp_gain":0.0,"max_hp_loss":0.0,"gold_gain":0.0,"event_name":"Purifier","player_choice":"Purged","floor":2.0,"gold_loss":0.0,"damage_taken":0.0},{"damage_healed":0.0,"max_hp_gain":0.0,"max_hp_loss":0.0,"gold_gain":0.0,"event_name":"The Library","player_choice":"Read","floor":20.0,"gold_loss":0.0,"damage_taken":0.0,"cards_obtained":["Body Slam"]},{"damage_healed":0.0,"max_hp_gain":0.0,"max_hp_loss":0.0,"gold_gain":0.0,"event_name":"N\u0027loth","player_choice":"Traded Relic","floor":22.0,"relics_lost":["Meat on the Bone"],"gold_loss":0.0,"damage_taken":0.0,"relics_obtained":["Nloth\u0027s Gift"]}],"is_beta":true,"boss_relics":[{"not_picked":["Busted Crown","Pandora\u0027s Box"],"picked":"Runic Cube"}],"items_purged_floors":[19],"is_endless":false,"potions_floor_spawned":[5,6,8,24],"killed_by":"Cultist and Chosen","ascension_level":6}