{"gold_per_floor":[109,109,34,54,67,67,67,83,83,83,108,124,142,142],"floor_reached":14,"playtime":637,"items_purged":["Strike_B"],"score":84,"play_id":"fd37ed65-0d51-4771-831f-e5068b5b5ffd","local_time":"20181025185942","is_ascension_mode":false,"campfire_choices":[{"data":"FTL","floor":6,"key":"SMITH"},{"data":"Loop","floor":10,"key":"SMITH"}],"neow_cost":"NONE","seed_source_timestamp":648537281689405,"circlet_count":0,"master_deck":["Strike_B","Strike_B","Strike_B","Defend_B","Defend_B","Defend_B","Defend_B","Zap","Dualcast","Conserve Battery","White Noise","FTL+1","Loop+1","Sweeping Beam","Echo Form","Leap"],"relics":["Cracked Core","NeowsBlessing","Golden Idol","Pantograph"],"potions_floor_usage":[14,14],"damage_taken":[{"damage":0,"enemies":"Jaw Worm","floor":1,"turns":1},{"damage":0,"enemies":"2 Louse","floor":4,"turns":1},{"damage":0,"enemies":"Small Slimes","floor":5,"turns":1},{"damage":4,"enemies":"2 Fungi Beasts","floor":8,"turns":3},{"damage":7,"enemies":"Blue Slaver","floor":11,"turns":4},{"damage":16,"enemies":"Lots of Slimes","floor":12,"turns":4},{"damage":0,"enemies":"Large Slime","floor":13,"turns":5},{"damage":38,"enemies":"3 Sentries","floor":14,"turns":4}],"seed_played":"-8738467702629737413","potions_obtained":[{"floor":8,"key":"Ancient Potion"},{"floor":11,"key":"Swift Potion"},{"floor":12,"key":"Weak Potion"}],"is_trial":false,"path_per_floor":["M","?","$","M","M","R","?","M","T","R","M","M","M"],"character_chosen":"DEFECT","items_purchased":[],"campfire_rested":0,"item_purchase_floors":[],"current_hp_per_floor":[75,80,80,80,80,80,60,56,56,56,49,33,33,0],"gold":142,"neow_bonus":"THREE_ENEMY_KILL","is_prod":false,"is_daily":false,"chose_seed":false,"campfire_upgraded":2,"win_rate":0,"timestamp":1540486782,"path_taken":["M","?","$","M","M","R","?","M","T","R","M","M","M","E"],"build_version":"2018-10-18","purchased_purges":1,"victory":false,"max_hp_per_floor":[75,80,80,80,80,80,80,80,80,80,80,80,80,80],"card_choices":[{"not_picked":["Cold Snap","Coolheaded"],"picked":"Conserve Battery","floor":1},{"not_picked":["Coolheaded","Heatsinks"],"picked":"White Noise","floor":4},{"not_picked":["Gash","Coolheaded"],"picked":"FTL","floor":5},{"not_picked":["Cold Snap","Leap"],"picked":"Loop","floor":8},{"not_picked":["Double Energy","Compile Driver"],"picked":"Sweeping Beam","floor":11},{"not_picked":["Ball Lightning","Barrage"],"picked":"Echo Form","floor":12},{"not_picked":["Hello World","Gash"],"picked":"Leap","floor":13}],"player_experience":150819,"relics_obtained":[{"floor":9,"key":"Pantograph"}],"event_choices":[{"damage_healed":0,"gold_gain":0,"player_choice":"Donut","damage_taken":0,"max_hp_gain":5,"max_hp_loss":0,"event_name":"Big Fish","floor":2,"gold_loss":0},{"damage_healed":0,"gold_gain":0,"player_choice":"Take Damage","damage_taken":20,"relics_obtained":["Golden Idol"],"max_hp_gain":0,"max_hp_loss":0,"event_name":"Golden Idol","floor":7,"gold_loss":0}],"is_beta":false,"boss_relics":[],"items_purged_floors":[3],"is_endless":false,"potions_floor_spawned":[8,11,12],"killed_by":"3 Sentries","ascension_level":0}