{"gold_per_floor":[110,110,124,49,59,87,101,101,125,141,156,168,168,121,121,224,224,192,92,92,104,104,104,104,123,123,123,135,135,165,165,165,165],"floor_reached":33,"playtime":2171,"items_purged":["Strike_R","Strike_R"],"score":267,"play_id":"aa1b1bf7-1fa2-47f5-8e38-7fbcafa52a4d","local_time":"20190603122727","is_ascension_mode":false,"campfire_choices":[{"floor":8,"key":"REST"},{"floor":15,"key":"RECALL"},{"data":"Double Tap","floor":23,"key":"SMITH"},{"data":"Infernal Blade","floor":27,"key":"SMITH"},{"data":"Disarm","floor":29,"key":"SMITH"},{"data":"Evolve","floor":32,"key":"SMITH"}],"neow_cost":"NONE","seed_source_timestamp":7969022695272,"circlet_count":0,"master_deck":["Defend_R","Defend_R","Defend_R","Defend_R","Bash","Body Slam","Twin Strike","Thunderclap","Iron Wave","Evolve+1","Shrug It Off","Disarm+1","Metallicize","Rage","Anger","Double Tap+1","Infernal Blade+1","Rampage","Sword Boomerang","Clothesline","Intimidate","Iron Wave"],"relics":["Burning Blood","NeowsBlessing","Dream Catcher","Sozu","Blood Vial","Pantograph","Mummified Hand"],"potions_floor_usage":[],"damage_taken":[{"damage":0,"enemies":"Small Slimes","floor":1,"turns":1},{"damage":0,"enemies":"Cultist","floor":3,"turns":1},{"damage":0,"enemies":"2 Louse","floor":5,"turns":1},{"damage":31,"enemies":"Gremlin Nob","floor":6,"turns":5},{"damage":9,"enemies":"2 Fungi Beasts","floor":7,"turns":4},{"damage":3,"enemies":"Exordium Wildlife","floor":10,"turns":5},{"damage":13,"enemies":"Gremlin Gang","floor":11,"turns":6},{"damage":6,"enemies":"Blue Slaver","floor":12,"turns":6},{"damage":32,"enemies":"Slime Boss","floor":16,"turns":13},{"damage":22,"enemies":"2 Thieves","floor":18,"turns":5},{"damage":10,"enemies":"Shell Parasite","floor":21,"turns":5},{"damage":12,"enemies":"Snake Plant","floor":25,"turns":5},{"damage":8,"enemies":"Cultist and Chosen","floor":28,"turns":7},{"damage":5,"enemies":"Book of Stabbing","floor":30,"turns":7},{"damage":86,"enemies":"Collector","floor":33,"turns":5}],"seed_played":"2171935259248538429","potions_obtained":[{"floor":7,"key":"Dexterity Potion"},{"floor":10,"key":"LiquidBronze"},{"floor":11,"key":"Energy Potion"}],"is_trial":false,"path_per_floor":["M","?","M","$","M","E","M","R","T","M","M","M","?","$","R","B",null,"M","$","?","M","?","R","$","M","T","R","M","R","E","?","R","B"],"character_chosen":"IRONCLAD","items_purchased":["Anger"],"campfire_rested":1,"item_purchase_floors":[14],"current_hp_per_floor":[80,80,80,80,80,55,52,76,76,79,72,72,65,65,65,39,80,64,64,64,62,62,62,62,58,58,58,58,58,61,61,61,0],"gold":165,"neow_bonus":"THREE_ENEMY_KILL","is_prod":false,"is_daily":false,"chose_seed":false,"campfire_upgraded":4,"win_rate":0,"timestamp":1559579247,"path_taken":["M","?","?","$","M","E","M","R","T","M","M","M","?","$","R","BOSS","M","$","?","M","?","R","$","?","T","R","M","R","E","?","R","BOSS"],"build_version":"2019-01-23","purchased_purges":2,"victory":false,"max_hp_per_floor":[80,80,80,80,80,80,80,80,80,80,80,80,80,80,80,80,80,80,80,80,80,80,80,80,80,80,80,80,80,80,80,80,80],"card_choices":[{"not_picked":["True Grit","Headbutt"],"picked":"Body Slam","floor":1},{"not_picked":["Perfected Strike","Combust"],"picked":"Twin Strike","floor":3},{"not_picked":["Sever Soul","Clash"],"picked":"Thunderclap","floor":5},{"not_picked":["Shockwave","Searing Blow"],"picked":"Iron Wave","floor":6},{"not_picked":["Bludgeon","Headbutt"],"picked":"Evolve","floor":7},{"not_picked":["Pommel Strike","Thunderclap"],"picked":"Shrug It Off","floor":8},{"not_picked":["Flex","Twin Strike"],"picked":"Disarm","floor":10},{"not_picked":["Evolve","Reckless Charge"],"picked":"Metallicize","floor":11},{"not_picked":["Armaments","Cleave"],"picked":"Rage","floor":12},{"not_picked":["Limit Break","Feed"],"picked":"Double Tap","floor":16},{"not_picked":["Burning Pact","Armaments"],"picked":"Infernal Blade","floor":18},{"not_picked":["Heavy Blade+1","Thunderclap"],"picked":"Rampage","floor":21},{"not_picked":["Bloodletting","Headbutt+1"],"picked":"Clothesline","floor":25},{"not_picked":["Wild Strike","Inflame"],"picked":"Intimidate","floor":28},{"not_picked":["Disarm+1","Warcry"],"picked":"Iron Wave","floor":30}],"player_experience":55498,"relics_obtained":[{"floor":6,"key":"Dream Catcher"},{"floor":26,"key":"Pantograph"},{"floor":30,"key":"Mummified Hand"}],"event_choices":[{"cards_removed":["Strike_R"],"damage_healed":0,"gold_gain":0,"player_choice":"Purged","damage_taken":0,"max_hp_gain":0,"max_hp_loss":0,"event_name":"Purifier","floor":2,"gold_loss":0},{"cards_removed":["Strike_R"],"damage_healed":0,"gold_gain":0,"player_choice":"Card Removal","damage_taken":7,"max_hp_gain":0,"max_hp_loss":0,"event_name":"Golden Wing","floor":13,"gold_loss":0},{"damage_healed":0,"gold_gain":0,"player_choice":"Opened","damage_taken":0,"relics_obtained":["Blood Vial"],"max_hp_gain":0,"max_hp_loss":0,"event_name":"The Mausoleum","floor":20,"gold_loss":0},{"damage_healed":0,"gold_gain":0,"cards_transformed":["Strike_R"],"player_choice":"Transformed","damage_taken":0,"max_hp_gain":0,"max_hp_loss":0,"event_name":"Transmorgrifier","floor":22,"gold_loss":0,"cards_obtained":["Sword Boomerang"]},{"damage_healed":0,"gold_gain":0,"player_choice":"Ignored","damage_taken":0,"max_hp_gain":0,"max_hp_loss":0,"event_name":"Beggar","floor":31,"gold_loss":0}],"is_beta":false,"boss_relics":[{"not_picked":["Philosopher\u0027s Stone","Runic Dome"],"picked":"Sozu"}],"items_purged_floors":[4,19],"is_endless":false,"potions_floor_spawned":[7,10,11,16,21,28,30],"killed_by":"Collector","ascension_level":0}