{"gold_per_floor":[115,126,126,140,140,140,159,159,159,159,194,194,194],"floor_reached":13,"playtime":726,"items_purged":[],"score":100,"play_id":"ec49cb61-0521-4bbe-acb6-63d05ac1e4f5","local_time":"20190412115750","is_ascension_mode":true,"campfire_choices":[{"data":"Neutralize","floor":6.0,"key":"SMITH"},{"data":"Backflip","floor":8.0,"key":"SMITH"},{"floor":10.0,"key":"RECALL"},{"data":"Dodge and Roll","floor":12.0,"key":"SMITH"}],"neow_cost":"NONE","seed_source_timestamp":132803083487108,"circlet_count":0,"master_deck":["Defend_G","Defend_G","Defend_G","Defend_G","Defend_G","Strike_G","Strike_G","Strike_G","Strike_G","Strike_G","Survivor","Neutralize+1","Prepared","Bane","Backflip+1","Backstab","Dodge and Roll+1"],"special_seed":0,"relics":["Ring of the Snake","Lantern","Ornamental Fan","Bird Faced Urn"],"potions_floor_usage":[13],"damage_taken":[{"damage":0.0,"enemies":"Small Slimes","floor":1.0,"turns":5.0},{"damage":1.0,"enemies":"Jaw Worm","floor":2.0,"turns":4.0},{"damage":0.0,"enemies":"2 Louse","floor":4.0,"turns":5.0},{"damage":1.0,"enemies":"Blue Slaver","floor":7.0,"turns":5.0},{"damage":44.0,"enemies":"Lagavulin","floor":11.0,"turns":9.0},{"damage":47,"enemies":"Gremlin Nob","floor":13,"turns":5}],"seed_played":"7702024914150187587","potions_obtained":[{"floor":2.0,"key":"Swift Potion"}],"is_trial":false,"path_per_floor":["M","M","?","M","T","R","M","R","T","R","E","R","E"],"character_chosen":"THE_SILENT","items_purchased":[],"campfire_rested":0,"item_purchase_floors":[],"current_hp_per_floor":[77,76,76,76,76,76,75,75,75,75,31,31,0],"gold":194,"neow_bonus":"TEN_PERCENT_HP_BONUS","is_prod":false,"is_daily":false,"chose_seed":false,"campfire_upgraded":3,"win_rate":0,"timestamp":1555095470,"path_taken":["M","M","?","M","?","R","M","R","T","R","E","R","E"],"build_version":"2019-01-23","purchased_purges":0,"victory":false,"max_hp_per_floor":[77,77,77,77,77,77,77,77,77,77,77,77,77],"card_choices":[{"not_picked":["Blade Dance","Expertise"],"picked":"Prepared","floor":1.0},{"not_picked":["Doppelganger","Flechettes"],"picked":"Bane","floor":2.0},{"not_picked":["Sucker Punch","PiercingWail"],"picked":"Backflip","floor":4.0},{"not_picked":["Quick Slash","Flying Knee"],"picked":"Backstab","floor":7.0},{"not_picked":["Blade Dance","Catalyst"],"picked":"Dodge and Roll","floor":11.0}],"player_experience":385730,"relics_obtained":[{"floor":5.0,"key":"Lantern"},{"floor":9.0,"key":"Ornamental Fan"},{"floor":11.0,"key":"Bird Faced Urn"}],"event_choices":[{"damage_healed":0.0,"max_hp_gain":0.0,"max_hp_loss":0.0,"gold_gain":0.0,"event_name":"The Cleric","player_choice":"Leave","floor":3.0,"gold_loss":0.0,"damage_taken":0.0}],"is_beta":false,"boss_relics":[],"items_purged_floors":[],"is_endless":false,"potions_floor_spawned":[2],"killed_by":"Gremlin Nob","ascension_level":4}