{"gold_per_floor":[111,127,143,160,160,160,194,194,217,229,113,132,158,170,170,170],"floor_reached":16,"playtime":1376,"items_purged":["Strike_R"],"score":137,"play_id":"fdf52763-8fc6-482f-94c3-7451a73825e2","local_time":"20190521233652","is_ascension_mode":true,"campfire_choices":[{"floor":6,"key":"RECALL"},{"data":"True Grit","floor":8,"key":"SMITH"},{"data":"Armaments","floor":15,"key":"SMITH"}],"neow_cost":"NONE","seed_source_timestamp":88206236266400,"circlet_count":0,"master_deck":["Strike_R","Strike_R","Strike_R","Strike_R+1","Defend_R","Defend_R","Defend_R","Defend_R","Bash","Combust","Pommel Strike+1","Cleave","Armaments+1","Feed","True Grit+1","Shockwave","Metallicize","Iron Wave"],"relics":["Burning Blood","Whetstone","Ancient Tea Set"],"potions_floor_usage":[2,4,13],"damage_taken":[{"damage":9,"enemies":"Jaw Worm","floor":1,"turns":6},{"damage":15,"enemies":"Cultist","floor":2,"turns":5},{"damage":0,"enemies":"Small Slimes","floor":3,"turns":3},{"damage":9,"enemies":"Gremlin Gang","floor":4,"turns":3},{"damage":23,"enemies":"3 Sentries","floor":7,"turns":5},{"damage":4,"enemies":"2 Fungi Beasts","floor":10,"turns":4},{"damage":1,"enemies":"Red Slaver","floor":12,"turns":4},{"damage":27,"enemies":"Lagavulin","floor":13,"turns":8},{"damage":4,"enemies":"Looter","floor":14,"turns":4},{"damage":57,"enemies":"The Guardian","floor":16,"turns":18}],"seed_played":"-8839734033043381864","potions_obtained":[{"floor":1,"key":"SneckoOil"},{"floor":2,"key":"Strength Potion"},{"floor":4,"key":"Swift Potion"}],"is_trial":false,"path_per_floor":["M","M","M","M","?","R","E","R","T","M","$","M","E","M","R","B"],"character_chosen":"IRONCLAD","items_purchased":["Metallicize"],"campfire_rested":0,"item_purchase_floors":[11],"current_hp_per_floor":[85,76,82,79,79,79,65,65,65,67,67,72,54,56,56,0],"gold":170,"neow_bonus":"TEN_PERCENT_HP_BONUS","is_prod":false,"is_daily":false,"chose_seed":false,"campfire_upgraded":2,"win_rate":0,"timestamp":1558474612,"path_taken":["M","M","M","M","?","R","E","R","T","M","?","M","E","M","R","BOSS"],"build_version":"2019-01-23","purchased_purges":1,"victory":false,"max_hp_per_floor":[88,88,88,88,88,88,91,91,91,91,91,91,94,94,94,94],"card_choices":[{"not_picked":["Hemokinesis","Dropkick"],"picked":"Combust","floor":1},{"not_picked":["Headbutt","Thunderclap"],"picked":"Pommel Strike","floor":2},{"not_picked":["Dropkick","Sentinel"],"picked":"Cleave","floor":3},{"not_picked":["Warcry","Sword Boomerang"],"picked":"Armaments","floor":4},{"not_picked":["Offering","Iron Wave"],"picked":"True Grit","floor":7},{"not_picked":["Clash","Sever Soul"],"picked":"Shockwave","floor":10},{"not_picked":["Fiend Fire","Armaments"],"picked":"Iron Wave","floor":12},{"not_picked":["Pommel Strike","Thunderclap","Burning Pact"],"picked":"SKIP","floor":13},{"not_picked":["Infernal Blade","Wild Strike","Flex"],"picked":"SKIP","floor":14}],"player_experience":335015,"relics_obtained":[{"floor":7,"key":"Whetstone"},{"floor":13,"key":"Ancient Tea Set"}],"event_choices":[{"damage_healed":0,"gold_gain":0,"player_choice":"1 cards matched","damage_taken":0,"max_hp_gain":0,"max_hp_loss":0,"event_name":"Match and Keep!","floor":5,"gold_loss":0,"cards_obtained":["Feed"]}],"is_beta":false,"boss_relics":[],"items_purged_floors":[11],"is_endless":false,"potions_floor_spawned":[1,2,4],"killed_by":"The Guardian","ascension_level":4}