{"gold_per_floor":[110,110,122,122,191,217,247,259,271,314,326,388,420,444,456,542,554,583,611,137,203,217,217,251,301,324,338,338,388,388,461,461,461],"floor_reached":33,"playtime":1326,"items_purged":[],"score":526,"play_id":"25b72551-6ca1-4d76-9387-ea4f444e4fa3","local_time":"20190518022147","is_ascension_mode":true,"campfire_choices":[{"data":"Shrug It Off","floor":8.0,"key":"SMITH"},{"data":"Shrug It Off","floor":11.0,"key":"SMITH"},{"data":"Headbutt","floor":15.0,"key":"SMITH"},{"floor":23.0,"key":"REST"},{"data":"Uppercut","floor":28.0,"key":"SMITH"},{"floor":30.0,"key":"REST"},{"data":"Reaper","floor":32.0,"key":"SMITH"}],"neow_cost":"NONE","seed_source_timestamp":30984533592285,"circlet_count":0,"master_deck":["AscendersBane","Strike_R","Strike_R","Strike_R","Strike_R","Strike_R","Defend_R","Defend_R","Defend_R","Defend_R","Bash","Carnage","Twin Strike","Headbutt+1","Shrug It Off+1","Pummel","Shrug It Off+1","Headbutt+1","Reaper+1","Uppercut+1","Cleave+1"],"special_seed":0,"relics":["Burning Blood","NeowsBlessing","Pantograph","SsserpentHead","MawBank","Kunai","Bronze Scales","Velvet Choker","TheAbacus","Matryoshka","Gambling Chip","MutagenicStrength","Pear","Blood Vial","Bag of Marbles","Pen Nib"],"potions_floor_usage":[],"damage_taken":[{"damage":0.0,"enemies":"Small Slimes","floor":1.0,"turns":1.0},{"damage":0.0,"enemies":"2 Louse","floor":3.0,"turns":1.0},{"damage":0.0,"enemies":"Cultist","floor":5.0,"turns":1.0},{"damage":32.0,"enemies":"Gremlin Nob","floor":6.0,"turns":4.0},{"damage":9.0,"enemies":"2 Fungi Beasts","floor":7.0,"turns":3.0},{"damage":28.0,"enemies":"3 Sentries","floor":10.0,"turns":9.0},{"damage":0.0,"enemies":"Gremlin Gang","floor":13.0,"turns":2.0},{"damage":3.0,"enemies":"Looter","floor":14.0,"turns":3.0},{"damage":70.0,"enemies":"Hexaghost","floor":16.0,"turns":12.0},{"damage":14.0,"enemies":"3 Byrds","floor":18.0,"turns":4.0},{"damage":0.0,"enemies":"Spheric Guardian","floor":19.0,"turns":4.0},{"damage":35.0,"enemies":"3 Cultists","floor":21.0,"turns":6.0},{"damage":29.0,"enemies":"Chosen and Byrds","floor":22.0,"turns":6.0},{"damage":45.0,"enemies":"Slavers","floor":24.0,"turns":6.0},{"damage":14.0,"enemies":"Snecko","floor":27.0,"turns":5.0},{"damage":94,"enemies":"Champ","floor":33,"turns":7}],"seed_played":"7439445665882949307","potions_obtained":[{"floor":1.0,"key":"Regen Potion"},{"floor":3.0,"key":"Fire Potion"},{"floor":7.0,"key":"Weak Potion"},{"floor":10.0,"key":"Explosive Potion"},{"floor":16.0,"key":"SteroidPotion"},{"floor":21.0,"key":"Energy Potion"},{"floor":22.0,"key":"LiquidBronze"}],"is_trial":false,"path_per_floor":["M","?","M","?","M","E","M","R","T","E","R","?","M","M","R","B",null,"M","M","$","M","M","R","E","?","T","M","R","?","R","T","R","B"],"character_chosen":"IRONCLAD","items_purchased":["TheAbacus","Matryoshka"],"campfire_rested":2,"item_purchase_floors":[20,20],"current_hp_per_floor":[74,69,75,75,75,49,46,46,46,39,39,39,45,48,48,9,59,59,74,74,53,34,56,29,29,39,39,39,39,64,64,64,0],"gold":461,"neow_bonus":"THREE_ENEMY_KILL","is_prod":false,"is_daily":false,"chose_seed":false,"campfire_upgraded":5,"win_rate":0,"timestamp":1558171307,"path_taken":["M","?","M","?","?","E","M","R","T","E","R","?","M","M","R","BOSS","M","M","$","?","M","R","E","?","T","M","R","?","R","?","R","BOSS"],"build_version":"2019-01-23","purchased_purges":0,"victory":false,"max_hp_per_floor":[75,75,75,75,75,75,75,75,75,75,75,75,75,75,75,75,75,75,75,75,75,75,75,75,75,85,85,85,85,85,85,85,85],"card_choices":[{"not_picked":["Blood for Blood","Hemokinesis"],"picked":"Carnage","floor":1.0},{"not_picked":["Havoc","Seeing Red"],"picked":"Twin Strike","floor":3.0},{"not_picked":["Disarm","Clash"],"picked":"Headbutt","floor":5.0},{"not_picked":["Fiend Fire","Sever Soul"],"picked":"Shrug It Off","floor":6.0},{"not_picked":["Body Slam","Sentinel"],"picked":"Pummel","floor":7.0},{"not_picked":["Hemokinesis","Body Slam"],"picked":"Shrug It Off","floor":10.0},{"not_picked":["Armaments","Reckless Charge","True Grit"],"picked":"SKIP","floor":13.0},{"not_picked":["Havoc","Wild Strike"],"picked":"Headbutt","floor":14.0},{"not_picked":["Juggernaut","Barricade"],"picked":"Reaper","floor":16.0},{"not_picked":["Burning Pact","Hemokinesis","Anger"],"picked":"SKIP","floor":18.0},{"not_picked":["Armaments","Cleave","Burning Pact"],"picked":"SKIP","floor":19.0},{"not_picked":["Perfected Strike","Thunderclap","Power Through"],"picked":"SKIP","floor":21.0},{"not_picked":["True Grit","Armaments"],"picked":"Uppercut","floor":22.0},{"not_picked":["Clash","Heavy Blade+1","Power Through"],"picked":"SKIP","floor":24.0},{"not_picked":["Entrench","Flex"],"picked":"Cleave+1","floor":27.0}],"player_experience":772890,"relics_obtained":[{"floor":6.0,"key":"MawBank"},{"floor":9.0,"key":"Kunai"},{"floor":10.0,"key":"Bronze Scales"},{"floor":24.0,"key":"Gambling Chip"},{"floor":26.0,"key":"Pear"},{"floor":26.0,"key":"Blood Vial"},{"floor":31.0,"key":"Bag of Marbles"},{"floor":31.0,"key":"Pen Nib"}],"event_choices":[{"damage_healed":0.0,"max_hp_gain":0.0,"max_hp_loss":0.0,"gold_gain":0.0,"event_name":"Scrap Ooze","player_choice":"Success","floor":2.0,"gold_loss":0.0,"damage_taken":5.0,"relics_obtained":["Pantograph"]},{"damage_healed":0.0,"max_hp_gain":0.0,"max_hp_loss":0.0,"gold_gain":0.0,"event_name":"FaceTrader","player_choice":"Trade","floor":4.0,"gold_loss":0.0,"damage_taken":0.0,"relics_obtained":["SsserpentHead"]},{"damage_healed":0.0,"max_hp_gain":0.0,"max_hp_loss":0.0,"gold_gain":0.0,"event_name":"Upgrade Shrine","player_choice":"Upgraded","floor":12.0,"gold_loss":0.0,"damage_taken":0.0,"cards_upgraded":["Headbutt"]},{"damage_healed":0.0,"max_hp_gain":0.0,"max_hp_loss":0.0,"gold_gain":0.0,"event_name":"Drug Dealer","player_choice":"Inject Mutagens","floor":25.0,"gold_loss":0.0,"damage_taken":0.0,"relics_obtained":["MutagenicStrength"]},{"damage_healed":0.0,"max_hp_gain":0.0,"max_hp_loss":0.0,"gold_gain":0.0,"event_name":"Cursed Tome","player_choice":"Ignored","floor":29.0,"gold_loss":0.0,"damage_taken":0.0}],"is_beta":false,"boss_relics":[{"not_picked":["Black Star","Pandora\u0027s Box"],"picked":"Velvet Choker"}],"items_purged_floors":[],"is_endless":false,"potions_floor_spawned":[1,3,7,10,16,21,22],"killed_by":"Champ","ascension_level":18}