{"gold_per_floor":[369,217,217,227,247,247,257,290,314,346,346,346,374,388,388,459,459,471,345,345,345,345,345,378,378,378,378,409,429,463,473,473,547,547,558,572,447,464,476,507,507,520,572,572,572,31,31,46,46,46,46,46,46,46],"floor_reached":54,"playtime":2973,"items_purged":["Strike_R","Strike_R","Strike_R+1","Writhe"],"score":1276,"play_id":"711fce89-43df-40d7-9c18-441ef026bda0","local_time":"20190411220322","is_ascension_mode":true,"campfire_choices":[{"data":"Inflame","floor":6.0,"key":"SMITH"},{"floor":12.0,"key":"REST"},{"data":"Spot Weakness","floor":15.0,"key":"SMITH"},{"data":"Limit Break","floor":23.0,"key":"SMITH"},{"data":"Armaments","floor":25.0,"key":"SMITH"},{"data":"Bludgeon","floor":27.0,"key":"SMITH"},{"floor":32.0,"key":"REST"},{"floor":41.0,"key":"REST"},{"floor":45.0,"key":"RECALL"},{"floor":49.0,"key":"REST"},{"floor":52.0,"key":"REST"}],"neow_cost":"PERCENT_DAMAGE","seed_source_timestamp":0,"circlet_count":0,"master_deck":["AscendersBane","Defend_R+1","Defend_R+1","Defend_R+1","Defend_R+1","Bash","Shrug It Off","Spot Weakness+1","Inflame+1","Headbutt","Shrug It Off","Headbutt","Bludgeon+1","Thunderclap+1","Shrug It Off","Limit Break+1","Cleave","Armaments+1","Headbutt+1","Shockwave","Metallicize","Shrug It Off","Headbutt","Clothesline+1","Iron Wave+1","Shrug It Off","Pain"],"special_seed":0,"relics":["Burning Blood","Happy Flower","Pen Nib","Blood Vial","Lantern","Mark of Pain","Nilry\u0027s Codex","Art of War","Gremlin Horn","Question Card","Whetstone","Black Star","Bronze Scales","Oddly Smooth Stone","Bottled Flame","WarpedTongs"],"potions_floor_usage":[54],"damage_taken":[{"damage":5.0,"enemies":"Jaw Worm","floor":1.0,"turns":6.0},{"damage":0.0,"enemies":"Small Slimes","floor":4.0,"turns":3.0},{"damage":10.0,"enemies":"Cultist","floor":5.0,"turns":4.0},{"damage":17.0,"enemies":"Large Slime","floor":7.0,"turns":6.0},{"damage":26.0,"enemies":"3 Sentries","floor":8.0,"turns":9.0},{"damage":8.0,"enemies":"Lagavulin","floor":10.0,"turns":6.0},{"damage":15.0,"enemies":"3 Sentries","floor":13.0,"turns":6.0},{"damage":0.0,"enemies":"2 Fungi Beasts","floor":14.0,"turns":2.0},{"damage":45.0,"enemies":"The Guardian","floor":16.0,"turns":9.0},{"damage":0.0,"enemies":"Spheric Guardian","floor":18.0,"turns":2.0},{"damage":19.0,"enemies":"Slavers","floor":24.0,"turns":4.0},{"damage":8.0,"enemies":"Gremlin Leader","floor":28.0,"turns":7.0},{"damage":6.0,"enemies":"Shell Parasite","floor":29.0,"turns":4.0},{"damage":19.0,"enemies":"Book of Stabbing","floor":30.0,"turns":4.0},{"damage":0.0,"enemies":"Snecko","floor":31.0,"turns":2.0},{"damage":5.0,"enemies":"Automaton","floor":33.0,"turns":6.0},{"damage":0.0,"enemies":"3 Shapes","floor":35.0,"turns":6.0},{"damage":8.0,"enemies":"3 Darklings","floor":36.0,"turns":3.0},{"damage":36.0,"enemies":"Transient","floor":38.0,"turns":5.0},{"damage":28.0,"enemies":"Jaw Worm Horde","floor":39.0,"turns":5.0},{"damage":30.0,"enemies":"Nemesis","floor":40.0,"turns":7.0},{"damage":0.0,"enemies":"Sphere and 2 Shapes","floor":42.0,"turns":3.0},{"damage":13.0,"enemies":"Spire Growth","floor":48.0,"turns":3.0},{"damage":73.0,"enemies":"Awakened One","floor":50.0,"turns":8.0},{"damage":83,"enemies":"Shield and Spear","floor":54,"turns":3}],"seed_played":"3576519511308078750","potions_obtained":[{"floor":5.0,"key":"BloodPotion"},{"floor":8.0,"key":"SpeedPotion"},{"floor":10.0,"key":"Poison Potion"},{"floor":13.0,"key":"Dexterity Potion"},{"floor":16.0,"key":"Swift Potion"},{"floor":28.0,"key":"Energy Potion"},{"floor":29.0,"key":"BloodPotion"},{"floor":31.0,"key":"Strength Potion"},{"floor":33.0,"key":"Fire Potion"},{"floor":39.0,"key":"Swift Potion"}],"is_trial":false,"path_per_floor":["M","$","?","M","M","R","M","E","T","E","?","R","E","M","R","B",null,"M","$","?","?","?","R","E","R","T","R","E","M","E","M","R","B",null,"M","M","$","M","M","E","R","M","T","?","R","$","?","M","R","B",null,"R","$","E"],"character_chosen":"IRONCLAD","items_purchased":["Spot Weakness","Armaments","Bottled Flame","PowerPotion","Fire Potion","Shrug It Off"],"campfire_rested":5,"item_purchase_floors":[2,19,46,46,46,46],"current_hp_per_floor":[52,52,45,51,47,47,44,24,24,22,22,46,39,47,47,10,63,71,71,71,71,55,55,44,44,44,44,44,46,43,51,75,78,80,80,78,78,50,30,8,32,40,40,60,60,60,60,55,79,13,63,80,80,0],"gold":46,"neow_bonus":"TWO_FIFTY_GOLD","is_prod":false,"is_daily":false,"chose_seed":false,"campfire_upgraded":5,"win_rate":0,"timestamp":1555013002,"path_taken":["M","$","?","M","M","R","M","E","T","E","?","R","E","?","R","BOSS","M","$","?","?","?","R","E","R","T","R","E","M","E","?","R","BOSS","M","M","$","M","M","E","R","M","T","?","R","$","?","M","R","BOSS","R","$","E"],"build_version":"2019-01-23","purchased_purges":4,"victory":false,"max_hp_per_floor":[80,80,80,80,80,80,80,80,80,80,80,80,80,80,80,80,80,80,80,80,80,80,80,80,80,80,80,80,80,80,80,80,80,80,80,80,80,80,80,80,80,80,80,80,80,80,80,80,80,80,80,80,80,80],"card_choices":[{"not_picked":["Warcry","Twin Strike"],"picked":"Shrug It Off","floor":1.0},{"not_picked":["Power Through","Havoc"],"picked":"Inflame","floor":4.0},{"not_picked":["Seeing Red","Sentinel"],"picked":"Headbutt","floor":5.0},{"not_picked":["Armaments","Warcry"],"picked":"Shrug It Off","floor":7.0},{"not_picked":["Bloodletting","Rage"],"picked":"Headbutt","floor":8.0},{"not_picked":["Infernal Blade","Pommel Strike"],"picked":"Bludgeon","floor":10.0},{"not_picked":["Body Slam","Bloodletting"],"picked":"Thunderclap","floor":13.0},{"not_picked":["Havoc","Fire Breathing"],"picked":"Shrug It Off","floor":14.0},{"not_picked":["Exhume","Offering"],"picked":"Limit Break","floor":16.0},{"not_picked":["Twin Strike","Heavy Blade"],"picked":"Cleave","floor":18.0},{"not_picked":["Sword Boomerang","Perfected Strike","Berserk"],"picked":"SKIP","floor":24.0},{"not_picked":["Armaments","Metallicize"],"picked":"Shockwave","floor":28.0},{"not_picked":["Seeing Red","True Grit","Thunderclap"],"picked":"Metallicize","floor":29.0},{"not_picked":["Fire Breathing","Uppercut","Anger","Headbutt"],"picked":"SKIP","floor":30.0},{"not_picked":["Armaments","Warcry","Intimidate"],"picked":"Shrug It Off","floor":31.0},{"not_picked":["Power Through+1","Sword Boomerang","True Grit","Clash"],"picked":"SKIP","floor":35.0},{"not_picked":["Clash+1","Headbutt","Thunderclap","Wild Strike"],"picked":"SKIP","floor":36.0},{"not_picked":["Searing Blow","Perfected Strike","Warcry+1","Headbutt"],"picked":"SKIP","floor":38.0},{"not_picked":["Searing Blow","Perfected Strike","Warcry+1"],"picked":"Headbutt","floor":38.0},{"not_picked":["Body Slam","Rage","Armaments"],"picked":"Clothesline+1","floor":39.0},{"not_picked":["Hemokinesis","Impervious","Havoc"],"picked":"Iron Wave+1","floor":40.0},{"not_picked":["Sword Boomerang","Havoc","Flex+1","Cleave"],"picked":"SKIP","floor":42.0},{"not_picked":["Perfected Strike","Hemokinesis+1","Wild Strike+1","Rampage"],"picked":"SKIP","floor":48.0}],"player_experience":120583,"relics_obtained":[{"floor":8.0,"key":"Happy Flower"},{"floor":9.0,"key":"Pen Nib"},{"floor":10.0,"key":"Blood Vial"},{"floor":13.0,"key":"Lantern"},{"floor":22.0,"key":"Nilry\u0027s Codex"},{"floor":24.0,"key":"Art of War"},{"floor":26.0,"key":"Gremlin Horn"},{"floor":28.0,"key":"Question Card"},{"floor":30.0,"key":"Whetstone"},{"floor":40.0,"key":"Bronze Scales"},{"floor":40.0,"key":"Oddly Smooth Stone"}],"event_choices":[{"cards_removed":["Strike_R"],"damage_healed":0.0,"max_hp_gain":0.0,"max_hp_loss":0.0,"gold_gain":0.0,"event_name":"Golden Wing","player_choice":"Card Removal","floor":3.0,"gold_loss":0.0,"damage_taken":7.0},{"cards_removed":["Strike_R"],"damage_healed":0.0,"max_hp_gain":0.0,"max_hp_loss":0.0,"gold_gain":0.0,"event_name":"Bonfire Elementals","player_choice":"Offered Basic","floor":11.0,"gold_loss":0.0,"damage_taken":0.0},{"damage_healed":0.0,"max_hp_gain":0.0,"max_hp_loss":0.0,"gold_gain":0.0,"event_name":"Back to Basics","player_choice":"Simplicity","floor":20.0,"gold_loss":0.0,"damage_taken":0.0,"cards_upgraded":["Strike_R","Defend_R","Defend_R","Defend_R","Defend_R"]},{"damage_healed":0.0,"max_hp_gain":0.0,"max_hp_loss":0.0,"gold_gain":0.0,"event_name":"The Library","player_choice":"Read","floor":21.0,"gold_loss":0.0,"damage_taken":0.0,"cards_obtained":["Headbutt"]},{"damage_healed":0.0,"max_hp_gain":0.0,"max_hp_loss":0.0,"gold_gain":0.0,"event_name":"Cursed Tome","player_choice":"Obtained Book","floor":22.0,"gold_loss":0.0,"damage_taken":16.0},{"damage_healed":20.0,"max_hp_gain":0.0,"max_hp_loss":0.0,"gold_gain":0.0,"event_name":"Winding Halls","player_choice":"Writhe","floor":44.0,"gold_loss":0.0,"damage_taken":0.0,"cards_obtained":["Writhe"]},{"damage_healed":0.0,"max_hp_gain":0.0,"max_hp_loss":0.0,"gold_gain":0.0,"event_name":"Accursed Blacksmith","player_choice":"Rummage","floor":47.0,"gold_loss":0.0,"damage_taken":0.0,"relics_obtained":["WarpedTongs"],"cards_obtained":["Pain"]}],"is_beta":false,"boss_relics":[{"not_picked":["Calling Bell","Fusion Hammer"],"picked":"Mark of Pain"},{"not_picked":["Coffee Dripper","Orrery"],"picked":"Black Star"}],"items_purged_floors":[2,19,37,46],"is_endless":false,"potions_floor_spawned":[5,8,10,13,16,28,29,31,33,35,39,48],"killed_by":"Shield and Spear","ascension_level":13}