{"gold_per_floor":[118,118,135,67,21,47,47,78,104,118,118,118,153,38,38,136,136,147,147,157,168,184,184,211,211,211,211,222,222,241,258,258,354,354,366,206,306,320,320,320,44,73,98,98,113,113,168,179,179,179],"floor_reached":51,"playtime":2188,"items_purged":["Regret"],"score":1141,"play_id":"97b741f9-5f1a-41c0-95a3-a8191badef31","local_time":"20190605080353","is_ascension_mode":true,"campfire_choices":[{"data":"Noxious Fumes","floor":7.0,"key":"SMITH"},{"floor":12.0,"key":"REST"},{"floor":15.0,"key":"REST"},{"floor":23.0,"key":"REST"},{"data":"Catalyst","floor":25.0,"key":"SMITH"},{"data":"Footwork","floor":27.0,"key":"SMITH"},{"floor":32.0,"key":"REST"},{"data":"Footwork","floor":40.0,"key":"SMITH"},{"data":"Footwork","floor":44.0,"key":"SMITH"},{"data":"Adrenaline","floor":49.0,"key":"SMITH"}],"neow_cost":"CURSE","seed_source_timestamp":95888575263400,"circlet_count":0,"master_deck":["AscendersBane","Defend_G","Defend_G","Defend_G","Defend_G","Defend_G","Strike_G","Strike_G","Strike_G","Strike_G","Survivor","Neutralize","Well Laid Plans","Bouncing Flask","Noxious Fumes+1","Deadly Poison","Escape Plan","Footwork+1","Footwork+1","PiercingWail","Noxious Fumes","Adrenaline","Deadly Poison+1","Footwork+1","PiercingWail","Backflip","Dagger Spray","Catalyst+1","Prepared","Dash+1","Adrenaline","Deflect+1","Catalyst+1","Poisoned Stab+1","Well Laid Plans+1","Adrenaline+1","Bouncing Flask+1","Writhe","Calculated Gamble+1"],"special_seed":0,"relics":["Ring of the Snake","Bird Faced Urn","Orichalcum","The Specimen","Regal Pillow","Snake Skull","The Courier","Lizard Tail","Potion Belt","Letter Opener","Bottled Flame","Sozu","DollysMirror","Nunchaku","FaceOfCleric","OrangePellets","Pen Nib","Blue Candle","Ancient Tea Set","Tough Bandages"],"potions_floor_usage":[],"damage_taken":[{"damage":3.0,"enemies":"Jaw Worm","floor":1.0,"turns":7.0},{"damage":0.0,"enemies":"Cultist","floor":3.0,"turns":4.0},{"damage":25.0,"enemies":"3 Sentries","floor":6.0,"turns":8.0},{"damage":28.0,"enemies":"Gremlin Nob","floor":8.0,"turns":5.0},{"damage":1.0,"enemies":"2 Louse","floor":10.0,"turns":5.0},{"damage":38.0,"enemies":"3 Sentries","floor":13.0,"turns":6.0},{"damage":21.0,"enemies":"Hexaghost","floor":16.0,"turns":8.0},{"damage":37.0,"enemies":"2 Thieves","floor":18.0,"turns":5.0},{"damage":28.0,"enemies":"3 Byrds","floor":20.0,"turns":3.0},{"damage":4.0,"enemies":"Cultist and Chosen","floor":21.0,"turns":6.0},{"damage":24.0,"enemies":"3 Cultists","floor":22.0,"turns":5.0},{"damage":21.0,"enemies":"Gremlin Leader","floor":24.0,"turns":5.0},{"damage":17.0,"enemies":"Centurion and Healer","floor":28.0,"turns":5.0},{"damage":18.0,"enemies":"Snake Plant","floor":30.0,"turns":4.0},{"damage":15.0,"enemies":"Sentry and Sphere","floor":31.0,"turns":5.0},{"damage":64.0,"enemies":"Automaton","floor":33.0,"turns":9.0},{"damage":12.0,"enemies":"Orb Walker","floor":35.0,"turns":3.0},{"damage":0.0,"enemies":"Mind Bloom Boss Battle","floor":37.0,"turns":5.0},{"damage":11.0,"enemies":"3 Shapes","floor":38.0,"turns":4.0},{"damage":24.0,"enemies":"Giant Head","floor":42.0,"turns":6.0},{"damage":5.0,"enemies":"Spire Growth","floor":45.0,"turns":3.0},{"damage":7.0,"enemies":"2 Orb Walkers","floor":47.0,"turns":4.0},{"damage":8.0,"enemies":"Transient","floor":48.0,"turns":5.0},{"damage":69,"enemies":"Donu and Deca","floor":50,"turns":7}],"seed_played":"1107709365529377539","potions_obtained":[{"floor":3.0,"key":"AttackPotion"},{"floor":6.0,"key":"FearPotion"},{"floor":13.0,"key":"Swift Potion"},{"floor":18.0,"key":"SkillPotion"},{"floor":22.0,"key":"FearPotion"},{"floor":24.0,"key":"GamblersBrew"},{"floor":33.0,"key":"SpeedPotion"}],"is_trial":false,"path_per_floor":["M","?","M","$","$","E","R","E","T","M","?","R","E","$","R","B",null,"M","?","M","M","M","R","E","R","T","R","M","T","M","M","R","B",null,"M","$","?","M","?","R","$","E","T","R","M","?","?","M","R","B",null],"character_chosen":"THE_SILENT","items_purchased":["Noxious Fumes","Deadly Poison","Noxious Fumes","DollysMirror","OrangePellets","Pen Nib"],"campfire_rested":4,"item_purchase_floors":[4,5,14,36,41,41],"current_hp_per_floor":[60,60,62,62,62,41,41,17,17,22,22,58,28,28,64,53,66,39,39,21,29,17,53,44,44,44,44,39,39,29,26,62,8,55,51,51,61,58,58,58,58,49,49,49,55,72,71,74,74,18],"gold":179,"neow_bonus":"ONE_RARE_RELIC","is_prod":false,"is_daily":false,"chose_seed":false,"campfire_upgraded":6,"win_rate":0,"timestamp":1559747033,"path_taken":["M","?","M","$","?","E","R","E","T","M","?","R","E","$","R","BOSS","M","?","M","?","M","R","E","R","T","R","M","?","M","M","R","BOSS","M","$","?","M","?","R","$","E","T","R","?","?","?","M","R","BOSS"],"build_version":"2019-01-23","purchased_purges":1,"victory":true,"max_hp_per_floor":[70,70,70,70,70,70,70,70,70,70,70,70,70,70,70,70,70,70,70,70,70,70,70,70,70,70,70,70,70,70,70,70,70,70,70,70,70,70,70,70,70,71,71,71,72,72,73,74,74,75],"card_choices":[{"not_picked":["Leg Sweep","Prepared"],"picked":"Well Laid Plans","floor":1.0},{"not_picked":["Dodge and Roll","Backflip"],"picked":"Bouncing Flask","floor":3.0},{"not_picked":["Infinite Blades","Predator"],"picked":"Escape Plan","floor":6.0},{"not_picked":["Slice","Backflip"],"picked":"Footwork","floor":8.0},{"not_picked":["Deadly Poison","Backflip"],"picked":"Footwork","floor":10.0},{"not_picked":["Prepared","Dodge and Roll"],"picked":"PiercingWail","floor":13.0},{"not_picked":["Venomology","Doppelganger"],"picked":"Adrenaline","floor":16.0},{"not_picked":["Acrobatics","Dagger Throw"],"picked":"Deadly Poison+1","floor":18.0},{"not_picked":["Predator","Expertise"],"picked":"PiercingWail","floor":20.0},{"not_picked":["Infinite Blades","Prepared"],"picked":"Backflip","floor":21.0},{"not_picked":["Dash","Backflip"],"picked":"Dagger Spray","floor":22.0},{"not_picked":["Cloak And Dagger","Well Laid Plans"],"picked":"Catalyst","floor":24.0},{"not_picked":["Sucker Punch+1","Accuracy"],"picked":"Prepared","floor":28.0},{"not_picked":["Deadly Poison","Flechettes"],"picked":"Dash+1","floor":30.0},{"not_picked":["Wraith Form v2","Bane","Heel Hook"],"picked":"SKIP","floor":31.0},{"not_picked":["Venomology","Tools of the Trade"],"picked":"Adrenaline","floor":33.0},{"not_picked":["Deadly Poison","Backflip"],"picked":"Deflect+1","floor":35.0},{"not_picked":["Accuracy+1","Riddle With Holes+1"],"picked":"Poisoned Stab+1","floor":37.0},{"not_picked":["Tactician+1","Expertise"],"picked":"Well Laid Plans+1","floor":38.0},{"not_picked":["Slice","Deadly Poison"],"picked":"Adrenaline","floor":42.0},{"not_picked":["Dash+1","Masterful Stab+1"],"picked":"Bouncing Flask+1","floor":45.0},{"not_picked":["Outmaneuver","Bane"],"picked":"Calculated Gamble+1","floor":47.0},{"not_picked":["Flechettes+1","Dodge and Roll","Dash+1"],"picked":"SKIP","floor":48.0}],"player_experience":308347,"relics_obtained":[{"floor":6.0,"key":"Orichalcum"},{"floor":8.0,"key":"The Specimen"},{"floor":9.0,"key":"Regal Pillow"},{"floor":13.0,"key":"The Courier"},{"floor":24.0,"key":"Potion Belt"},{"floor":26.0,"key":"Letter Opener"},{"floor":29.0,"key":"Bottled Flame"},{"floor":37.0,"key":"Nunchaku"},{"floor":42.0,"key":"Blue Candle"},{"floor":43.0,"key":"Ancient Tea Set"},{"floor":47.0,"key":"Tough Bandages"}],"event_choices":[{"cards_removed":["Decay"],"damage_healed":0.0,"max_hp_gain":0.0,"max_hp_loss":0.0,"gold_gain":0.0,"event_name":"Fountain of Cleansing","player_choice":"Removed Curses","floor":2.0,"gold_loss":0.0,"damage_taken":0.0},{"damage_healed":0.0,"max_hp_gain":0.0,"max_hp_loss":0.0,"gold_gain":0.0,"event_name":"Big Fish","player_choice":"Box","floor":11.0,"gold_loss":0.0,"damage_taken":0.0,"relics_obtained":["Snake Skull"],"cards_obtained":["Regret"]},{"damage_healed":0.0,"max_hp_gain":0.0,"max_hp_loss":0.0,"gold_gain":0.0,"cards_transformed":["Strike_G"],"event_name":"Transmorgrifier","player_choice":"Transformed","floor":19.0,"gold_loss":0.0,"damage_taken":0.0,"cards_obtained":["Footwork"]},{"damage_healed":0.0,"max_hp_gain":0.0,"max_hp_loss":0.0,"gold_gain":0.0,"event_name":"MindBloom","player_choice":"Fight","floor":37.0,"gold_loss":0.0,"damage_taken":0.0},{"damage_healed":0.0,"max_hp_gain":0.0,"max_hp_loss":0.0,"gold_gain":0.0,"event_name":"FaceTrader","player_choice":"Trade","floor":39.0,"gold_loss":0.0,"damage_taken":0.0,"relics_obtained":["FaceOfCleric"]},{"damage_healed":18.0,"max_hp_gain":0.0,"max_hp_loss":0.0,"gold_gain":0.0,"event_name":"Winding Halls","player_choice":"Writhe","floor":46.0,"gold_loss":0.0,"damage_taken":0.0,"cards_obtained":["Writhe"]},{"damage_healed":0.0,"max_hp_gain":0.0,"max_hp_loss":0.0,"gold_gain":0.0,"event_name":"Mysterious Sphere","player_choice":"Fight","floor":47.0,"gold_loss":0.0,"damage_taken":0.0}],"is_beta":false,"boss_relics":[{"not_picked":["HoveringKite","Snecko Eye"],"picked":"Lizard Tail"},{"not_picked":["WristBlade","Fusion Hammer"],"picked":"Sozu"}],"items_purged_floors":[14],"is_endless":false,"potions_floor_spawned":[3,6,13,18,22,24,33,42,47,48],"ascension_level":11}