{"gold_per_floor":[118,193,208,220,67,93,93,120,120,120,131,131,145,162,162,259,259,275,275,105,105,105,140,140,154,177,177,16,16,46,65,65,166,166,178,178,278,289,304,304,322,322,322,351,367,387,387,387,387,387],"floor_reached":51,"playtime":4177,"items_purged":["Strike_R","Strike_R","Writhe"],"score":859,"play_id":"7aaedd2e-00da-4371-826c-5efeeae44e3b","local_time":"20190320210945","is_ascension_mode":true,"campfire_choices":[{"data":"True Grit","floor":7.0,"key":"SMITH"},{"floor":10.0,"key":"REST"},{"data":"Carnage","floor":12.0,"key":"SMITH"},{"data":"Bash","floor":15.0,"key":"SMITH"},{"data":"True Grit","floor":24.0,"key":"SMITH"},{"data":"Offering","floor":27.0,"key":"SMITH"},{"floor":32.0,"key":"REST"},{"data":"Demon Form","floor":40.0,"key":"SMITH"},{"data":"Feel No Pain","floor":42.0,"key":"SMITH"},{"data":"Offering","floor":47,"key":"SMITH"},{"data":"Metallicize","floor":49,"key":"SMITH"}],"neow_cost":"PERCENT_DAMAGE","seed_source_timestamp":0,"circlet_count":0,"master_deck":["Bash+1","True Grit+1","Dropkick","Carnage+1","Metallicize+1","Thunderclap","Headbutt","True Grit+1","Pummel","Cleave","Offering+1","Metallicize+1","Shrug It Off","Demon Form+1","Thunderclap+1","Ghostly Armor","Heavy Blade","Feel No Pain+1","Offering+1","Heavy Blade","Intimidate","Shockwave","Exhume","Heavy Blade","Clothesline","Heavy Blade","Shrug It Off","Headbutt+1","Iron Wave+1","Ghostly Armor","Power Through+1"],"special_seed":0,"relics":["Burning Blood","Gambling Chip","Champion Belt","Turnip","Charon\u0027s Ashes","Mark of Pain","Paper Frog","Oddly Smooth Stone","Bag of Marbles","Centennial Puzzle","Pandora\u0027s Box","FossilizedHelix","Toxic Egg 2","Ornamental Fan"],"potions_floor_usage":[50,50,50],"damage_taken":[{"damage":0.0,"enemies":"Small Slimes","floor":1.0,"turns":3.0},{"damage":13.0,"enemies":"Jaw Worm","floor":3.0,"turns":5.0},{"damage":0.0,"enemies":"2 Louse","floor":4.0,"turns":3.0},{"damage":26.0,"enemies":"Gremlin Nob","floor":6.0,"turns":4.0},{"damage":28.0,"enemies":"Lagavulin","floor":8.0,"turns":7.0},{"damage":5.0,"enemies":"Blue Slaver","floor":11.0,"turns":3.0},{"damage":0.0,"enemies":"Looter","floor":13.0,"turns":4.0},{"damage":1.0,"enemies":"Gremlin Gang","floor":14.0,"turns":3.0},{"damage":13.0,"enemies":"The Guardian","floor":16.0,"turns":9.0},{"damage":15.0,"enemies":"2 Thieves","floor":18.0,"turns":3.0},{"damage":19.0,"enemies":"Slavers","floor":23.0,"turns":5.0},{"damage":7.0,"enemies":"Spheric Guardian","floor":25.0,"turns":4.0},{"damage":21.0,"enemies":"Book of Stabbing","floor":30.0,"turns":5.0},{"damage":0.0,"enemies":"Centurion and Healer","floor":31.0,"turns":5.0},{"damage":35.0,"enemies":"Automaton","floor":33.0,"turns":11.0},{"damage":5.0,"enemies":"3 Shapes","floor":35.0,"turns":7.0},{"damage":6.0,"enemies":"Mind Bloom Boss Battle","floor":37.0,"turns":9.0},{"damage":0.0,"enemies":"Orb Walker","floor":38.0,"turns":1.0},{"damage":6.0,"enemies":"3 Darklings","floor":39.0,"turns":1.0},{"damage":6.0,"enemies":"Maw","floor":41.0,"turns":4.0},{"damage":18.0,"enemies":"Nemesis","floor":44.0,"turns":7.0},{"damage":12.0,"enemies":"Writhing Mass","floor":45.0,"turns":5.0},{"damage":0,"enemies":"Sphere and 2 Shapes","floor":46,"turns":10},{"damage":12,"enemies":"Donu and Deca","floor":50,"turns":6}],"seed_played":"2348177922606056594","potions_obtained":[{"floor":3.0,"key":"GamblersBrew"},{"floor":8.0,"key":"LiquidBronze"},{"floor":14.0,"key":"SmokeBomb"},{"floor":30.0,"key":"Ancient Potion"},{"floor":38.0,"key":"Explosive Potion"},{"floor":44.0,"key":"Dexterity Potion"},{"floor":45.0,"key":"Dexterity Potion"}],"is_trial":false,"path_per_floor":["M","?","M","M","$","E","R","E","T","R","M","R","M","M","R","B",null,"M","?","$","?","$","E","R","M","T","R","$","?","E","M","R","B",null,"M","$","?","M","M","R","M","R","T","E","M","M","R","?","R","B",null],"character_chosen":"IRONCLAD","items_purchased":["Metallicize","Shrug It Off","Explosive Potion","Ghostly Armor"],"campfire_rested":2,"item_purchase_floors":[5,20,20,28],"current_hp_per_floor":[62,51,44,50,50,30,30,8,8,32,33,33,39,44,44,37,80,71,56,56,56,56,43,43,42,42,42,42,42,27,33,58,29,85,85,85,85,85,85,85,85,85,85,73,67,73,73,73,73,67],"gold":387,"neow_bonus":"ONE_RARE_RELIC","is_prod":false,"is_daily":false,"chose_seed":false,"campfire_upgraded":9,"win_rate":0,"timestamp":1553112585,"path_taken":["M","?","M","M","$","E","R","E","T","R","M","R","M","M","R","BOSS","M","?","$","?","?","E","R","M","T","R","$","?","E","M","R","BOSS","M","$","?","M","M","R","M","R","T","E","M","M","R","?","R","BOSS"],"build_version":"2019-01-23","purchased_purges":3,"victory":true,"max_hp_per_floor":[80,80,80,80,80,80,80,80,80,80,80,80,80,80,80,80,80,80,85,85,85,85,85,85,85,85,85,85,85,85,85,85,85,85,85,85,85,85,85,85,85,85,85,85,85,85,85,85,85,85],"card_choices":[{"not_picked":["Warcry","Flex"],"picked":"True Grit","floor":1.0},{"not_picked":["Headbutt","Juggernaut"],"picked":"Dropkick","floor":3.0},{"not_picked":["Evolve","Body Slam"],"picked":"Carnage","floor":4.0},{"not_picked":["Cleave","Body Slam"],"picked":"Thunderclap","floor":6.0},{"not_picked":["Carnage","Evolve"],"picked":"Headbutt","floor":8.0},{"not_picked":["Heavy Blade","Combust"],"picked":"True Grit","floor":11.0},{"not_picked":["Intimidate","Clash"],"picked":"Pummel","floor":13.0},{"not_picked":["Clothesline","Twin Strike"],"picked":"Cleave","floor":14.0},{"not_picked":["Limit Break","Barricade"],"picked":"Offering","floor":16.0},{"not_picked":["Thunderclap","Twin Strike"],"picked":"Metallicize+1","floor":18.0},{"not_picked":["True Grit+1","Rampage"],"picked":"Demon Form","floor":23.0},{"not_picked":["Cleave","Bloodletting"],"picked":"Thunderclap+1","floor":25.0},{"not_picked":["Body Slam","Iron Wave"],"picked":"Heavy Blade","floor":30.0},{"not_picked":["Bloodletting","Havoc"],"picked":"Feel No Pain","floor":31.0},{"not_picked":["Impervious","Immolate"],"picked":"Offering","floor":33.0},{"not_picked":["Inflame","Corruption+1"],"picked":"Shrug It Off","floor":35.0},{"not_picked":["Anger+1","Heavy Blade"],"picked":"Headbutt+1","floor":37.0},{"not_picked":["Pommel Strike","Thunderclap+1","Entrench"],"picked":"SKIP","floor":38.0},{"not_picked":["Carnage+1","Havoc"],"picked":"Iron Wave+1","floor":39.0},{"not_picked":["Sentinel","True Grit"],"picked":"Ghostly Armor","floor":41.0},{"not_picked":["Cleave+1","Bludgeon","Reckless Charge"],"picked":"SKIP","floor":44.0},{"not_picked":["Iron Wave","Body Slam+1"],"picked":"Power Through+1","floor":45.0},{"not_picked":["Bloodletting+1","Anger","Flex+1"],"picked":"SKIP","floor":46}],"player_experience":59497,"relics_obtained":[{"floor":6.0,"key":"Champion Belt"},{"floor":8.0,"key":"Turnip"},{"floor":9.0,"key":"Charon\u0027s Ashes"},{"floor":23.0,"key":"Oddly Smooth Stone"},{"floor":26.0,"key":"Bag of Marbles"},{"floor":30.0,"key":"Centennial Puzzle"},{"floor":37.0,"key":"FossilizedHelix"},{"floor":43.0,"key":"Toxic Egg 2"},{"floor":44.0,"key":"Ornamental Fan"}],"event_choices":[{"damage_healed":0.0,"max_hp_gain":0.0,"max_hp_loss":0.0,"gold_gain":75.0,"event_name":"World of Goop","player_choice":"Gather Gold","floor":2.0,"gold_loss":0.0,"damage_taken":11.0},{"damage_healed":0.0,"max_hp_gain":5.0,"max_hp_loss":0.0,"gold_gain":0.0,"event_name":"Forgotten Altar","player_choice":"Shed Blood","floor":19.0,"gold_loss":0.0,"damage_taken":20.0},{"damage_healed":0.0,"max_hp_gain":0.0,"max_hp_loss":0.0,"gold_gain":0.0,"event_name":"The Mausoleum","player_choice":"Opened","floor":21.0,"gold_loss":0.0,"damage_taken":0.0,"relics_obtained":["Paper Frog"],"cards_obtained":["Writhe"]},{"damage_healed":0.0,"max_hp_gain":0.0,"max_hp_loss":0.0,"gold_gain":0.0,"event_name":"Vampires","player_choice":"Ignored","floor":29.0,"gold_loss":0.0,"damage_taken":0.0},{"damage_healed":0.0,"max_hp_gain":0.0,"max_hp_loss":0.0,"gold_gain":0.0,"event_name":"MindBloom","player_choice":"Fight","floor":37.0,"gold_loss":0.0,"damage_taken":0.0},{"damage_healed":0,"gold_gain":0,"player_choice":"Ignored","damage_taken":0,"max_hp_gain":0,"max_hp_loss":0,"event_name":"SecretPortal","floor":48,"gold_loss":0}],"is_beta":false,"boss_relics":[{"not_picked":["White Beast Statue","Orrery"],"picked":"Mark of Pain"},{"not_picked":["Calling Bell","Black Blood"],"picked":"Pandora\u0027s Box"}],"items_purged_floors":[5,20,28],"is_endless":false,"potions_floor_spawned":[3,8,14,23,30,38,44,45],"ascension_level":3}