{"gold_per_floor":[117,135,146,146,76,76,89,105,105,134,409,409,429,443,443,514,514,494,514,494,67,86,86,112,131,131,131,75,75,90,15,15,87,87,102,102,27,27,47,47,58,58,58,58,58,73,89,89,89,89],"floor_reached":50,"playtime":2516,"items_purged":["Clumsy"],"score":950,"play_id":"6202f0c5-be7d-4373-b795-c307fc0c7059","local_time":"20190607100459","is_ascension_mode":true,"campfire_choices":[{"data":"Cloak And Dagger","floor":6.0,"key":"SMITH"},{"data":"Blade Dance","floor":12.0,"key":"SMITH"},{"data":"After Image","floor":15.0,"key":"SMITH"},{"floor":23.0,"key":"REST"},{"data":"Infinite Blades","floor":27.0,"key":"SMITH"},{"floor":29.0,"key":"REST"},{"data":"Burst","floor":32.0,"key":"SMITH"},{"data":"After Image","floor":40.0,"key":"SMITH"},{"data":"A Thousand Cuts","floor":42.0,"key":"SMITH"},{"floor":44.0,"key":"REST"},{"data":"Blur","floor":49.0,"key":"SMITH"}],"neow_cost":"NONE","seed_source_timestamp":275755263524800,"circlet_count":0,"master_deck":["AscendersBane","Defend_G","Defend_G","Defend_G","Defend_G","Strike_G","Strike_G","Strike_G","Strike_G","Survivor","Neutralize","Accuracy","Backflip","Cloak And Dagger+1","Footwork","Blade Dance+1","Envenom","After Image+1","Blade Dance","Dagger Spray","Burst+1","Slice+1","Sucker Punch+1","Bouncing Flask","Endless Agony","Slice","Infinite Blades+1","Escape Plan","Backstab","Deflect","Choke+1","Blur+1","A Thousand Cuts+1","Caltrops+1","Cloak And Dagger","After Image+1","Prepared","Slice","Acrobatics+1","Slice+1"],"special_seed":0,"relics":["Ring of the Snake","Boot","Pantograph","Regal Pillow","Pear","Astrolabe","Thread and Needle","Prayer Wheel","Dodecahedron","Tiny Chest","Black Star","CultistMask","Blue Candle"],"potions_floor_usage":[50],"damage_taken":[{"damage":6.0,"enemies":"Cultist","floor":1.0,"turns":4.0},{"damage":2.0,"enemies":"Small Slimes","floor":2.0,"turns":5.0},{"damage":6.0,"enemies":"Jaw Worm","floor":3.0,"turns":8.0},{"damage":4.0,"enemies":"Red Slaver","floor":7.0,"turns":5.0},{"damage":3.0,"enemies":"Blue Slaver","floor":8.0,"turns":3.0},{"damage":25.0,"enemies":"Gremlin Nob","floor":10.0,"turns":4.0},{"damage":19.0,"enemies":"Lots of Slimes","floor":13.0,"turns":4.0},{"damage":0.0,"enemies":"Looter","floor":14.0,"turns":4.0},{"damage":13.0,"enemies":"Hexaghost","floor":16.0,"turns":10.0},{"damage":9.0,"enemies":"2 Thieves","floor":18.0,"turns":4.0},{"damage":25.0,"enemies":"3 Byrds","floor":19.0,"turns":5.0},{"damage":15.0,"enemies":"Snake Plant","floor":22.0,"turns":5.0},{"damage":30.0,"enemies":"Gremlin Leader","floor":24.0,"turns":9.0},{"damage":5.0,"enemies":"Centurion and Healer","floor":25.0,"turns":7.0},{"damage":0.0,"enemies":"3 Cultists","floor":30.0,"turns":6.0},{"damage":0.0,"enemies":"Champ","floor":33.0,"turns":9.0},{"damage":36.0,"enemies":"3 Darklings","floor":35.0,"turns":10.0},{"damage":0.0,"enemies":"Orb Walker","floor":39.0,"turns":4.0},{"damage":15.0,"enemies":"Spire Growth","floor":41.0,"turns":7.0},{"damage":47.0,"enemies":"Maw","floor":46.0,"turns":8.0},{"damage":12.0,"enemies":"3 Darklings","floor":47.0,"turns":7.0},{"damage":65,"enemies":"Donu and Deca","floor":50,"turns":4}],"seed_played":"6455656201359772429","potions_obtained":[{"floor":3.0,"key":"AttackPotion"},{"floor":7.0,"key":"GhostInAJar"},{"floor":10.0,"key":"Poison Potion"},{"floor":13.0,"key":"FairyPotion"},{"floor":14.0,"key":"Strength Potion"},{"floor":20.0,"key":"Explosive Potion"},{"floor":22.0,"key":"Poison Potion"},{"floor":30.0,"key":"Energy Potion"},{"floor":33.0,"key":"GamblersBrew"},{"floor":39.0,"key":"Energy Potion"},{"floor":41.0,"key":"LiquidBronze"},{"floor":47.0,"key":"Fire Potion"}],"is_trial":false,"path_per_floor":["M","M","M","T","$","R","M","M","T","E","?","R","M","M","R","B",null,"M","M","?","$","M","R","E","M","T","R","?","R","M","$","R","B",null,"M","?","$","?","M","R","M","R","T","R","$","M","M","?","R","B"],"character_chosen":"THE_SILENT","items_purchased":["Footwork","Thread and Needle","Slice","Infinite Blades","After Image"],"campfire_rested":3,"item_purchase_floors":[5,21,21,21,37],"current_hp_per_floor":[53,51,45,45,45,45,41,38,38,23,23,23,4,4,4,16,61,52,27,27,27,12,49,19,14,14,14,14,51,51,51,51,76,76,40,40,40,40,40,40,25,25,25,62,62,15,3,62,62,0],"gold":89,"neow_bonus":"RANDOM_COMMON_RELIC","is_prod":false,"is_daily":false,"chose_seed":false,"campfire_upgraded":8,"win_rate":0,"timestamp":1559927099,"path_taken":["M","M","M","?","$","R","M","M","T","E","?","R","?","M","R","BOSS","M","M","?","$","M","R","E","?","T","R","?","R","?","$","R","BOSS","M","?","$","?","?","R","M","R","T","R","$","M","M","?","R","BOSS"],"build_version":"2019-01-23","purchased_purges":1,"victory":false,"max_hp_per_floor":[66,66,66,66,66,66,66,66,66,76,76,76,76,76,76,76,76,76,76,76,76,76,76,76,76,76,76,76,76,76,76,76,76,76,76,76,76,76,76,76,76,76,76,76,76,76,76,62,62,62],"card_choices":[{"not_picked":["Poisoned Stab","PiercingWail"],"picked":"Accuracy","floor":1.0},{"not_picked":["Bane","Quick Slash"],"picked":"Backflip","floor":2.0},{"not_picked":["Underhanded Strike","Predator"],"picked":"Cloak And Dagger","floor":3.0},{"not_picked":["Dagger Spray","Dodge and Roll"],"picked":"Blade Dance","floor":7.0},{"not_picked":["Deflect","Dodge and Roll"],"picked":"Envenom","floor":8.0},{"not_picked":["Accuracy","Bane"],"picked":"After Image","floor":10.0},{"not_picked":["Dodge and Roll","Quick Slash"],"picked":"Blade Dance","floor":13.0},{"not_picked":["Dagger Throw","Flying Knee"],"picked":"Dagger Spray","floor":14.0},{"not_picked":["Doppelganger","Unload"],"picked":"Burst","floor":16.0},{"not_picked":["Poisoned Stab","Quick Slash"],"picked":"Bouncing Flask","floor":18.0},{"not_picked":["Distraction","Catalyst"],"picked":"Endless Agony","floor":19.0},{"not_picked":["Dagger Spray","Leg Sweep","Flying Knee"],"picked":"SKIP","floor":22.0},{"not_picked":["Sucker Punch","Tactician"],"picked":"Escape Plan","floor":24.0},{"not_picked":["Dodge and Roll","Noxious Fumes"],"picked":"Backstab","floor":25.0},{"not_picked":["Dodge and Roll","Underhanded Strike"],"picked":"Deflect","floor":25.0},{"not_picked":["Expertise","Dagger Spray"],"picked":"Choke+1","floor":30.0},{"not_picked":["Acrobatics","All Out Attack+1"],"picked":"Blur","floor":30.0},{"not_picked":["Malaise","Phantasmal Killer"],"picked":"A Thousand Cuts","floor":33.0},{"not_picked":["Dagger Throw","Terror"],"picked":"Caltrops+1","floor":35.0},{"not_picked":["Bane","Poisoned Stab"],"picked":"Cloak And Dagger","floor":35.0},{"not_picked":["PiercingWail","Deflect"],"picked":"Prepared","floor":39.0},{"not_picked":["Predator+1","Choke","Poisoned Stab+1"],"picked":"SKIP","floor":39.0},{"not_picked":["Finisher","Setup"],"picked":"Slice","floor":41.0},{"not_picked":["Dodge and Roll","Poisoned Stab","Unload"],"picked":"SKIP","floor":41.0},{"not_picked":["Bane+1","Masterful Stab+1"],"picked":"Acrobatics+1","floor":46.0},{"not_picked":["Dodge and Roll","Dagger Spray+1","Underhanded Strike"],"picked":"SKIP","floor":46.0},{"not_picked":["Flying Knee","Choke"],"picked":"Slice+1","floor":47.0},{"not_picked":["Wraith Form v2","Poisoned Stab","Noxious Fumes"],"picked":"SKIP","floor":47.0}],"player_experience":363668,"relics_obtained":[{"floor":4.0,"key":"Pantograph"},{"floor":9.0,"key":"Regal Pillow"},{"floor":10.0,"key":"Pear"},{"floor":24.0,"key":"Prayer Wheel"},{"floor":26.0,"key":"Dodecahedron"},{"floor":43.0,"key":"Blue Candle"}],"event_choices":[{"damage_healed":0.0,"max_hp_gain":0.0,"max_hp_loss":0.0,"gold_gain":275.0,"event_name":"Golden Shrine","player_choice":"Desecrate","floor":11.0,"gold_loss":0.0,"damage_taken":0.0,"cards_obtained":["Regret"]},{"damage_healed":0.0,"max_hp_gain":0.0,"max_hp_loss":0.0,"gold_gain":0.0,"event_name":"The Woman in Blue","player_choice":"Bought 1 Potion","floor":20.0,"gold_loss":0.0,"damage_taken":0.0},{"damage_healed":0.0,"max_hp_gain":0.0,"max_hp_loss":0.0,"gold_gain":0.0,"event_name":"WeMeetAgain","player_choice":"Paid Gold","floor":28.0,"gold_loss":86.0,"damage_taken":0.0,"relics_obtained":["Tiny Chest"]},{"damage_healed":0.0,"max_hp_gain":0.0,"max_hp_loss":0.0,"gold_gain":0.0,"event_name":"Mysterious Sphere","player_choice":"Ignored","floor":36.0,"gold_loss":0.0,"damage_taken":0.0},{"damage_healed":0.0,"max_hp_gain":0.0,"max_hp_loss":0.0,"gold_gain":0.0,"event_name":"FaceTrader","player_choice":"Trade","floor":38.0,"gold_loss":0.0,"damage_taken":0.0,"relics_obtained":["CultistMask"]},{"damage_healed":62.0,"max_hp_gain":0.0,"max_hp_loss":14.0,"gold_gain":0.0,"event_name":"The Moai Head","player_choice":"Heal","floor":48.0,"gold_loss":0.0,"damage_taken":0.0}],"is_beta":false,"boss_relics":[{"not_picked":["Lizard Tail","White Beast Statue"],"picked":"Astrolabe"},{"not_picked":["Coffee Dripper","HoveringKite"],"picked":"Black Star"}],"items_purged_floors":[31],"is_endless":false,"potions_floor_spawned":[3,7,10,13,14,22,30,33,39,41,47],"killed_by":"Donu and Deca","ascension_level":15}