{"gold_per_floor":[112,131,141,155,167,202,202,202,249,261,290,328,340,352,364,452,464,464,464,291,291,291,291,291,291,291,291,291,291,291,291,291,291,291,291,291,291,291,291,291,291,291,291,291,291,291,84,84,84,84,84],"floor_reached":52,"playtime":2713,"items_purged":["Parasite"],"score":2009,"play_id":"6289c360-8a7b-4d42-b54a-0e8b2d5458f9","local_time":"20190607002441","is_ascension_mode":true,"campfire_choices":[{"data":"Demon Form","floor":7.0,"key":"SMITH"},{"data":"Shrug It Off","floor":10.0,"key":"SMITH"},{"data":"Inflame","floor":13.0,"key":"SMITH"},{"data":"Uppercut","floor":15.0,"key":"SMITH"},{"data":"Pommel Strike","floor":23.0,"key":"SMITH"},{"data":"Heavy Blade","floor":25.0,"key":"SMITH"},{"data":"Headbutt","floor":29.0,"key":"SMITH"},{"floor":32.0,"key":"REST"},{"data":"Shrug It Off","floor":41,"key":"SMITH"},{"data":"Flame Barrier","floor":49,"key":"SMITH"}],"neow_cost":"NONE","seed_source_timestamp":5236459171418,"circlet_count":0,"master_deck":["AscendersBane","Strike_R+1","Strike_R+1","Strike_R+1","Strike_R+1","Defend_R+1","Defend_R+1","Defend_R+1","Defend_R+1","Bash+1","Uppercut+1","Pommel Strike+1","Iron Wave+1","Shrug It Off+1","Demon Form+1","Inflame+1","Bludgeon","Armaments+1","Headbutt+1","Blood for Blood+1","Heavy Blade+1","Seeing Red+1","Flame Barrier+1","Pommel Strike","Shrug It Off+1","Reaper","Heavy Blade+1","Battle Trance","Rage","Ghostly Armor+1","Body Slam+1","Shrug It Off","Flame Barrier+1"],"special_seed":0,"relics":["Burning Blood","Meat on the Bone","MawBank","Bottled Tornado","Ectoplasm","Red Mask","Vajra","Dream Catcher","Darkstone Periapt","Smiling Mask","Cursed Key","Du-Vu Doll","Ginger","Bottled Lightning","Sundial","Mercury Hourglass","Oddly Smooth Stone"],"potions_floor_usage":[40,44,50,51],"damage_taken":[{"damage":1.0,"enemies":"Cultist","floor":1.0,"turns":3.0},{"damage":11.0,"enemies":"Jaw Worm","floor":2.0,"turns":3.0},{"damage":2.0,"enemies":"2 Louse","floor":3.0,"turns":3.0},{"damage":0.0,"enemies":"Large Slime","floor":4.0,"turns":4.0},{"damage":5.0,"enemies":"Gremlin Gang","floor":5.0,"turns":5.0},{"damage":39.0,"enemies":"3 Sentries","floor":6.0,"turns":12.0},{"damage":6.0,"enemies":"2 Fungi Beasts","floor":11.0,"turns":4.0},{"damage":20.0,"enemies":"Lagavulin","floor":12.0,"turns":6.0},{"damage":29.0,"enemies":"The Guardian","floor":16.0,"turns":8.0},{"damage":19.0,"enemies":"Spheric Guardian","floor":18.0,"turns":4.0},{"damage":43.0,"enemies":"Masked Bandits","floor":19.0,"turns":4.0},{"damage":11.0,"enemies":"3 Byrds","floor":22.0,"turns":6.0},{"damage":24.0,"enemies":"Book of Stabbing","floor":24.0,"turns":4.0},{"damage":0.0,"enemies":"Centurion and Healer","floor":27.0,"turns":4.0},{"damage":15.0,"enemies":"3 Cultists","floor":30.0,"turns":4.0},{"damage":12.0,"enemies":"Gremlin Leader","floor":31.0,"turns":5.0},{"damage":24.0,"enemies":"Champ","floor":33.0,"turns":6.0},{"damage":0,"enemies":"3 Darklings","floor":35,"turns":4},{"damage":0,"enemies":"Orb Walker","floor":36,"turns":3},{"damage":34,"enemies":"Mind Bloom Boss Battle","floor":37,"turns":4},{"damage":7,"enemies":"4 Shapes","floor":38,"turns":6},{"damage":42,"enemies":"Nemesis","floor":40,"turns":7},{"damage":9,"enemies":"Maw","floor":42,"turns":5},{"damage":0,"enemies":"Giant Head","floor":44,"turns":4},{"damage":0,"enemies":"3 Darklings","floor":45,"turns":4},{"damage":35,"enemies":"Reptomancer","floor":46,"turns":4},{"damage":7,"enemies":"Sphere and 2 Shapes","floor":48,"turns":7},{"damage":44,"enemies":"Awakened One","floor":50,"turns":9},{"damage":42,"enemies":"Donu and Deca","floor":51,"turns":7}],"seed_played":"-886993073363676412","potions_obtained":[{"floor":2.0,"key":"AttackPotion"},{"floor":5.0,"key":"Poison Potion"},{"floor":11.0,"key":"Swift Potion"},{"floor":18.0,"key":"BloodPotion"},{"floor":22.0,"key":"BloodPotion"},{"floor":24.0,"key":"Fire Potion"},{"floor":30.0,"key":"Energy Potion"},{"floor":36,"key":"Fire Potion"},{"floor":37,"key":"Ancient Potion"},{"floor":39,"key":"Regen Potion"},{"floor":42,"key":"Fire Potion"},{"floor":46,"key":"Weak Potion"}],"is_trial":false,"path_per_floor":["M","M","M","M","M","E","R","?","T","R","M","E","R","$","R","B",null,"M","?","$","?","M","R","E","R","T","M","?","R","M","E","R","B",null,"M","M","?","M","?","E","R","M","T","E","M","E","$","M","R","B","B",null],"character_chosen":"IRONCLAD","items_purchased":["Vajra","Oddly Smooth Stone"],"campfire_rested":1,"item_purchase_floors":[20,47],"current_hp_per_floor":[73,68,72,75,75,42,42,35,35,35,47,45,45,45,45,34,65,52,34,34,34,41,41,42,42,42,48,48,48,51,45,67,49,69,75,75,64,63,63,59,59,75,81,81,81,64,64,77,77,51,51],"gold":84,"neow_bonus":"UPGRADE_CARD","is_prod":false,"is_daily":false,"chose_seed":false,"campfire_upgraded":9,"win_rate":0,"timestamp":1559892281,"path_taken":["M","?","M","M","M","E","R","?","T","R","M","E","R","$","R","BOSS","M","?","$","?","M","R","E","R","T","M","?","R","M","E","R","BOSS","M","?","?","M","?","E","R","?","T","E","M","E","$","M","R","BOSS","BOSS"],"build_version":"2019-01-23","purchased_purges":1,"victory":true,"max_hp_per_floor":[75,75,75,75,75,75,75,75,75,75,75,75,75,75,75,75,75,75,75,75,75,75,75,75,75,75,75,75,75,75,75,75,75,75,75,75,75,75,75,75,75,75,81,81,81,81,78,78,78,78,78],"card_choices":[{"not_picked":["Clash","Armaments"],"picked":"Uppercut","floor":1.0},{"not_picked":["True Grit","Sever Soul"],"picked":"Pommel Strike","floor":2.0},{"not_picked":["Havoc","Combust","Uppercut"],"picked":"SKIP","floor":3.0},{"not_picked":["Heavy Blade","Sword Boomerang"],"picked":"Iron Wave","floor":4.0},{"not_picked":["Second Wind","Dropkick"],"picked":"Shrug It Off","floor":5.0},{"not_picked":["Body Slam","Cleave"],"picked":"Demon Form","floor":6.0},{"not_picked":["Burning Pact","Havoc","Bloodletting"],"picked":"SKIP","floor":11.0},{"not_picked":["Dropkick","Thunderclap"],"picked":"Inflame","floor":12.0},{"not_picked":["Immolate","Double Tap"],"picked":"Bludgeon","floor":16.0},{"not_picked":["Clash","Warcry"],"picked":"Armaments+1","floor":18.0},{"not_picked":["Warcry","Sever Soul"],"picked":"Headbutt","floor":19.0},{"not_picked":["Disarm","Perfected Strike"],"picked":"Blood for Blood+1","floor":22.0},{"not_picked":["Evolve","Wild Strike"],"picked":"Heavy Blade","floor":24.0},{"not_picked":["Flex","Armaments"],"picked":"Seeing Red+1","floor":27.0},{"not_picked":["Armaments","Cleave"],"picked":"Flame Barrier+1","floor":30.0},{"not_picked":["Flex","Exhume"],"picked":"Pommel Strike","floor":31.0},{"not_picked":["Iron Wave","Flex"],"picked":"Shrug It Off","floor":32.0},{"not_picked":["Feed","Juggernaut"],"picked":"Reaper","floor":33.0},{"not_picked":["Hemokinesis+1","Bloodletting+1","Intimidate"],"picked":"SKIP","floor":35},{"not_picked":["True Grit","Hemokinesis"],"picked":"Heavy Blade+1","floor":36},{"not_picked":["Iron Wave","Power Through","Pommel Strike"],"picked":"SKIP","floor":38},{"not_picked":["Havoc","Corruption"],"picked":"Battle Trance","floor":40},{"not_picked":["Pummel","Thunderclap"],"picked":"Rage","floor":42},{"not_picked":["Clash","Bloodletting"],"picked":"Ghostly Armor+1","floor":44},{"not_picked":["Corruption","Flex+1"],"picked":"Body Slam+1","floor":45},{"not_picked":["Bludgeon","Twin Strike"],"picked":"Shrug It Off","floor":46},{"not_picked":["Corruption","Perfected Strike"],"picked":"Flame Barrier","floor":48}],"player_experience":832956,"relics_obtained":[{"floor":6.0,"key":"Meat on the Bone"},{"floor":9.0,"key":"MawBank"},{"floor":12.0,"key":"Bottled Tornado"},{"floor":19.0,"key":"Red Mask"},{"floor":24.0,"key":"Dream Catcher"},{"floor":26.0,"key":"Darkstone Periapt"},{"floor":31.0,"key":"Smiling Mask"},{"floor":37,"key":"Du-Vu Doll"},{"floor":40,"key":"Ginger"},{"floor":43,"key":"Bottled Lightning"},{"floor":44,"key":"Sundial"},{"floor":46,"key":"Mercury Hourglass"}],"event_choices":[{"cards_removed":["Strike_R"],"damage_healed":0.0,"max_hp_gain":0.0,"max_hp_loss":0.0,"gold_gain":0.0,"event_name":"Golden Wing","player_choice":"Card Removal","floor":8.0,"gold_loss":0.0,"damage_taken":7.0},{"damage_healed":0.0,"max_hp_gain":0.0,"max_hp_loss":0.0,"gold_gain":0.0,"event_name":"Masked Bandits","player_choice":"Fought Bandits","floor":19.0,"gold_loss":0.0,"damage_taken":0.0},{"damage_healed":0.0,"max_hp_gain":0.0,"max_hp_loss":0.0,"gold_gain":0.0,"event_name":"Back to Basics","player_choice":"Simplicity","floor":21.0,"gold_loss":0.0,"damage_taken":0.0,"cards_upgraded":["Strike_R","Strike_R","Strike_R","Strike_R","Defend_R","Defend_R","Defend_R","Defend_R"]},{"damage_healed":0.0,"max_hp_gain":0.0,"max_hp_loss":0.0,"gold_gain":0.0,"event_name":"Accursed Blacksmith","player_choice":"Forge","floor":28.0,"gold_loss":0.0,"damage_taken":0.0,"cards_upgraded":["Iron Wave"]},{"damage_healed":0,"gold_gain":0,"player_choice":"Fight","damage_taken":0,"max_hp_gain":0,"max_hp_loss":0,"event_name":"MindBloom","floor":37,"gold_loss":0},{"damage_healed":0,"gold_gain":0,"player_choice":"Got Potions","damage_taken":0,"max_hp_gain":0,"max_hp_loss":0,"event_name":"Lab","floor":39,"gold_loss":0}],"is_beta":false,"boss_relics":[{"not_picked":["Runic Dome","Mark of Pain"],"picked":"Ectoplasm"},{"not_picked":["White Beast Statue","Runic Pyramid"],"picked":"Cursed Key"}],"items_purged_floors":[47],"is_endless":false,"potions_floor_spawned":[2,5,11,18,22,24,30,36,37,42,46,48],"ascension_level":20}