{"gold_per_floor":[113,132,151,171,94,127,127,158,158,158,333,363,363,377,377,473,473,490,405,504,219,235,235,268,193,193,193,193,203,213,233,233,335,335,346,446,446,177,189,189,201,201,201,201,212,212,212,241,241,241,241,241,35,35],"floor_reached":54,"playtime":5273,"items_purged":["Doubt"],"score":762,"play_id":"1b346018-3c28-4cc3-a37d-3c9ce52a39ee","local_time":"20190109154053","is_ascension_mode":true,"campfire_choices":[{"data":"Blur","floor":7.0,"key":"SMITH"},{"floor":13.0,"key":"REST"},{"floor":15.0,"key":"REST"},{"floor":23.0,"key":"REST"},{"data":"Footwork","floor":27.0,"key":"SMITH"},{"floor":32.0,"key":"RECALL"},{"data":"Footwork","floor":40.0,"key":"SMITH"},{"floor":42.0,"key":"REST"},{"data":"Caltrops","floor":44.0,"key":"SMITH"},{"floor":46.0,"key":"REST"},{"data":"After Image","floor":49.0,"key":"SMITH"},{"data":"After Image","floor":52,"key":"SMITH"}],"neow_cost":"NONE","seed_source_timestamp":166316332683697,"circlet_count":0,"master_deck":["Defend_G","Defend_G","Defend_G","Defend_G","Defend_G","Strike_G","Strike_G+1","Strike_G","Strike_G","Survivor","Neutralize","Underhanded Strike","Flying Knee","Caltrops+1","Cloak And Dagger","Noxious Fumes+1","Blur+1","After Image+1","Prepared","Cloak And Dagger","After Image+1","All Out Attack+1","Dodge and Roll","Deadly Poison","Poisoned Stab","Backflip","Backflip+1","Footwork+1","Dagger Throw+1","Dagger Throw+1","Blur+1","Bouncing Flask","Setup+1","Poisoned Stab+1","Phantasmal Killer","Dodge and Roll","Dash+1","Blur","Footwork+1","Dash+1","Dagger Throw+1","Catalyst+1","Outmaneuver","Choke+1"],"special_seed":0,"relics":["White Beast Statue","The Courier","Pantograph","Thread and Needle","Tingsha","Orichalcum","Orrery","Molten Egg 2","TwistedFunnel","Smiling Mask","Incense Burner","Boot","Whetstone","Oddly Smooth Stone","Bottled Lightning"],"potions_floor_usage":[50,50],"damage_taken":[{"damage":0.0,"enemies":"Small Slimes","floor":1.0,"turns":4.0},{"damage":13.0,"enemies":"Jaw Worm","floor":2.0,"turns":5.0},{"damage":0.0,"enemies":"2 Louse","floor":3.0,"turns":2.0},{"damage":1.0,"enemies":"2 Fungi Beasts","floor":4.0,"turns":3.0},{"damage":22.0,"enemies":"Lagavulin","floor":6.0,"turns":9.0},{"damage":9.0,"enemies":"3 Sentries","floor":8.0,"turns":8.0},{"damage":27.0,"enemies":"Gremlin Nob","floor":12.0,"turns":7.0},{"damage":0.0,"enemies":"Red Slaver","floor":14.0,"turns":5.0},{"damage":4.0,"enemies":"Slime Boss","floor":16.0,"turns":13.0},{"damage":11.0,"enemies":"Chosen","floor":18.0,"turns":7.0},{"damage":17.0,"enemies":"2 Thieves","floor":22.0,"turns":4.0},{"damage":36.0,"enemies":"Gremlin Leader","floor":24.0,"turns":9.0},{"damage":2.0,"enemies":"Snake Plant","floor":29.0,"turns":4.0},{"damage":9.0,"enemies":"Sentry and Sphere","floor":30.0,"turns":6.0},{"damage":0.0,"enemies":"Centurion and Healer","floor":31.0,"turns":9.0},{"damage":35.0,"enemies":"Collector","floor":33.0,"turns":15.0},{"damage":1.0,"enemies":"3 Shapes","floor":35.0,"turns":5.0},{"damage":0.0,"enemies":"Mind Bloom Boss Battle","floor":36.0,"turns":10.0},{"damage":5.0,"enemies":"Orb Walker","floor":39.0,"turns":5.0},{"damage":44.0,"enemies":"Transient","floor":41.0,"turns":5.0},{"damage":5.0,"enemies":"3 Darklings","floor":45.0,"turns":8.0},{"damage":35.0,"enemies":"Reptomancer","floor":48.0,"turns":8.0},{"damage":48,"enemies":"Awakened One","floor":50,"turns":18},{"damage":88,"enemies":"Shield and Spear","floor":54,"turns":8}],"seed_played":"-1521127543898135790","potions_obtained":[{"floor":1.0,"key":"GhostInAJar"},{"floor":2.0,"key":"Dexterity Potion"},{"floor":3.0,"key":"GhostInAJar"},{"floor":4.0,"key":"Regen Potion"},{"floor":6.0,"key":"Strength Potion"},{"floor":8.0,"key":"SteroidPotion"},{"floor":12.0,"key":"SkillPotion"},{"floor":14.0,"key":"GhostInAJar"},{"floor":16.0,"key":"GamblersBrew"},{"floor":18.0,"key":"Explosive Potion"},{"floor":22.0,"key":"Regen Potion"},{"floor":24.0,"key":"PowerPotion"},{"floor":29.0,"key":"Fire Potion"},{"floor":30.0,"key":"FearPotion"},{"floor":31.0,"key":"Fruit Juice"},{"floor":33.0,"key":"SpeedPotion"},{"floor":35.0,"key":"Dexterity Potion"},{"floor":36.0,"key":"Ancient Potion"},{"floor":39.0,"key":"LiquidBronze"},{"floor":41.0,"key":"SteroidPotion"},{"floor":45.0,"key":"Dexterity Potion"},{"floor":48.0,"key":"EssenceOfSteel"}],"is_trial":false,"path_per_floor":["M","M","M","M","$","E","R","E","T","?","?","E","R","M","R","B",null,"M","?","?","$","M","R","E","?","T","R","?","M","M","M","R","B",null,"M","?","?","$","M","R","M","R","T","R","M","R","?","E","R","B",null,"R","$","E"],"character_chosen":"THE_SILENT","items_purchased":["Noxious Fumes","TwistedFunnel","Footwork","Blur","Footwork","Boot","Dash+1","Bottled Lightning"],"campfire_rested":5,"item_purchase_floors":[5,21,21,38,38,38,38,53],"current_hp_per_floor":[70,57,57,56,56,49,49,40,40,33,33,6,27,27,48,66,70,59,59,59,59,42,63,42,42,42,42,42,40,31,36,36,26,75,74,75,75,75,70,70,26,48,48,48,43,65,65,30,30,7,75,75,75,0],"gold":35,"neow_bonus":"BOSS_RELIC","is_prod":false,"is_daily":false,"chose_seed":false,"campfire_upgraded":6,"win_rate":0,"timestamp":1547077253,"path_taken":["M","M","M","M","$","E","R","E","T","?","?","E","R","M","R","BOSS","M","?","?","$","M","R","E","?","T","R","?","M","?","M","R","BOSS","M","?","?","$","?","R","M","R","T","R","M","R","?","E","R","BOSS","R","$","E"],"build_version":"2019-01-03v4","purchased_purges":1,"victory":false,"max_hp_per_floor":[70,70,70,70,70,70,70,70,70,70,70,70,70,70,70,70,70,70,70,70,70,70,70,70,70,70,70,70,70,70,75,75,75,75,75,75,75,75,75,75,75,75,75,75,75,75,75,75,75,75,75,75,75,75],"card_choices":[{"not_picked":["Bane","Predator"],"picked":"Underhanded Strike","floor":1.0},{"not_picked":["PiercingWail","Predator"],"picked":"Flying Knee","floor":2.0},{"not_picked":["Escape Plan","Dodge and Roll"],"picked":"Caltrops","floor":3.0},{"not_picked":["Sucker Punch","Slice"],"picked":"Cloak And Dagger","floor":4.0},{"not_picked":["Flechettes","Distraction"],"picked":"Blur","floor":6.0},{"not_picked":["Deflect","Quick Slash"],"picked":"After Image","floor":8.0},{"not_picked":["Finisher","Dagger Spray"],"picked":"Prepared","floor":12.0},{"not_picked":["Outmaneuver","PiercingWail"],"picked":"Cloak And Dagger","floor":14.0},{"not_picked":["Doppelganger","Glass Knife"],"picked":"After Image","floor":16.0},{"not_picked":["Dagger Spray","Slice"],"picked":"All Out Attack","floor":17.0},{"not_picked":["Distraction","Skewer"],"picked":"Dodge and Roll","floor":17.0},{"not_picked":["Slice","Prepared"],"picked":"Deadly Poison","floor":17.0},{"not_picked":["Eviscerate","Underhanded Strike"],"picked":"Poisoned Stab","floor":17.0},{"not_picked":["Deflect","Dodge and Roll"],"picked":"Backflip","floor":17.0},{"not_picked":["Setup","Cloak And Dagger+1"],"picked":"Backflip+1","floor":18.0},{"not_picked":["Wraith Form v2","Underhanded Strike+1"],"picked":"Dagger Throw+1","floor":22.0},{"not_picked":["Slice+1","Backflip"],"picked":"Dagger Throw+1","floor":24.0},{"not_picked":["Accuracy+1","Cloak And Dagger+1"],"picked":"Bouncing Flask","floor":29.0},{"not_picked":["PiercingWail","Deflect"],"picked":"Setup+1","floor":30.0},{"not_picked":["PiercingWail+1","Riddle With Holes+1"],"picked":"Poisoned Stab+1","floor":31.0},{"not_picked":["Wraith Form v2","A Thousand Cuts"],"picked":"Phantasmal Killer","floor":33.0},{"not_picked":["Bane+1","Sucker Punch+1"],"picked":"Dodge and Roll","floor":35.0},{"not_picked":["PiercingWail+1","Sucker Punch+1"],"picked":"Dash+1","floor":36.0},{"not_picked":["Underhanded Strike+1","Acrobatics"],"picked":"Dagger Throw+1","floor":39.0},{"not_picked":["Malaise","Dagger Spray+1"],"picked":"Catalyst+1","floor":41.0},{"not_picked":["Heel Hook+1","Blade Dance"],"picked":"Outmaneuver","floor":45.0},{"not_picked":["Bane+1","Quick Slash+1"],"picked":"Choke+1","floor":48.0}],"player_experience":321575,"relics_obtained":[{"floor":6.0,"key":"The Courier"},{"floor":8.0,"key":"Pantograph"},{"floor":9.0,"key":"Thread and Needle"},{"floor":12.0,"key":"Orichalcum"},{"floor":24.0,"key":"Smiling Mask"},{"floor":36.0,"key":"Incense Burner"},{"floor":43.0,"key":"Whetstone"},{"floor":48.0,"key":"Oddly Smooth Stone"}],"event_choices":[{"damage_healed":0.0,"max_hp_gain":0.0,"max_hp_loss":0.0,"gold_gain":0.0,"event_name":"Scrap Ooze","player_choice":"Success","floor":10.0,"gold_loss":0.0,"damage_taken":7.0,"relics_obtained":["Tingsha"]},{"damage_healed":0.0,"max_hp_gain":0.0,"max_hp_loss":0.0,"gold_gain":175.0,"event_name":"Liars Game","player_choice":"AGREE","floor":11.0,"gold_loss":0.0,"damage_taken":0.0,"cards_obtained":["Doubt"]},{"damage_healed":0.0,"max_hp_gain":0.0,"max_hp_loss":0.0,"gold_gain":0.0,"event_name":"Addict","player_choice":"Obtained Relic","floor":19.0,"gold_loss":85.0,"damage_taken":0.0,"relics_obtained":["Molten Egg 2"]},{"damage_healed":0.0,"max_hp_gain":0.0,"max_hp_loss":0.0,"gold_gain":99.0,"event_name":"Nest","player_choice":"Stole From Cult","floor":20.0,"gold_loss":0.0,"damage_taken":0.0},{"cards_removed":["Strike_G"],"damage_healed":0.0,"max_hp_gain":0.0,"max_hp_loss":0.0,"gold_gain":0.0,"event_name":"Beggar","player_choice":"Gave Gold","floor":25.0,"gold_loss":75.0,"damage_taken":0.0},{"damage_healed":0.0,"max_hp_gain":0.0,"max_hp_loss":0.0,"gold_gain":0.0,"event_name":"Duplicator","player_choice":"Copied","floor":28.0,"gold_loss":0.0,"damage_taken":0.0,"cards_obtained":["Blur"]},{"damage_healed":0.0,"max_hp_gain":0.0,"max_hp_loss":0.0,"gold_gain":0.0,"event_name":"MindBloom","player_choice":"Fight","floor":36.0,"gold_loss":0.0,"damage_taken":0.0},{"damage_healed":0.0,"max_hp_gain":0.0,"max_hp_loss":0.0,"gold_gain":0.0,"event_name":"Upgrade Shrine","player_choice":"Upgraded","floor":37.0,"gold_loss":0.0,"damage_taken":0.0,"cards_upgraded":["Noxious Fumes"]},{"damage_healed":0.0,"max_hp_gain":0.0,"max_hp_loss":0.0,"gold_gain":0.0,"event_name":"Tomb of Lord Red Mask","player_choice":"Ignored","floor":47.0,"gold_loss":0.0,"damage_taken":0.0}],"is_beta":false,"boss_relics":[{"not_picked":["Calling Bell","Snecko Eye"],"picked":"Orrery"},{"not_picked":["Velvet Choker","Coffee Dripper","Sozu"]}],"items_purged_floors":[21],"is_endless":false,"potions_floor_spawned":[1,2,3,4,6,8,12,14,16,18,22,24,29,30,31,33,35,36,39,41,45,48],"killed_by":"Shield and Spear","ascension_level":1}