{"gold_per_floor":[113,124,274,274,288,288,315,315,363,378,391,391,417,431,431,507,507,522,522,69,55,55,55,55],"floor_reached":24,"playtime":1005,"items_purged":["Decay"],"score":486,"play_id":"97563990-d8ab-45dc-ad80-66073ed2baa1","local_time":"20190607091723","is_ascension_mode":true,"campfire_choices":[{"data":"Flying Knee","floor":6.0,"key":"SMITH"},{"floor":8.0,"key":"REST"},{"floor":12.0,"key":"REST"},{"floor":15.0,"key":"REST"},{"floor":23.0,"key":"REST"}],"neow_cost":"NONE","seed_source_timestamp":274546291097500,"circlet_count":0,"master_deck":["AscendersBane","Defend_G+1","Defend_G+1","Defend_G+1","Defend_G+1","Defend_G+1","Strike_G+1","Strike_G+1","Strike_G+1","Strike_G+1","Survivor","Neutralize","Poisoned Stab","Flying Knee+1","Doubt","Accuracy","Dagger Throw","Predator","Dodge and Roll","Dagger Spray","After Image","Dash","Night Terror","Writhe","Injury","Clumsy","Blade Dance","Accuracy","Footwork","Well Laid Plans","Accuracy","Accuracy","Backstab"],"special_seed":0,"relics":["Ring of the Snake","NeowsBlessing","PreservedInsect","Happy Flower","The Courier","Calling Bell","Oddly Smooth Stone","Matryoshka","The Specimen","Orichalcum"],"potions_floor_usage":[24,24],"damage_taken":[{"damage":0.0,"enemies":"Cultist","floor":1.0,"turns":1.0},{"damage":0.0,"enemies":"2 Louse","floor":2.0,"turns":1.0},{"damage":0.0,"enemies":"Small Slimes","floor":5.0,"turns":2.0},{"damage":43.0,"enemies":"Lagavulin","floor":7.0,"turns":8.0},{"damage":15.0,"enemies":"Exordium Thugs","floor":10.0,"turns":4.0},{"damage":6.0,"enemies":"Red Slaver","floor":11.0,"turns":3.0},{"damage":17.0,"enemies":"3 Sentries","floor":13.0,"turns":7.0},{"damage":0.0,"enemies":"2 Fungi Beasts","floor":14.0,"turns":3.0},{"damage":11.0,"enemies":"Hexaghost","floor":16.0,"turns":12.0},{"damage":15.0,"enemies":"Shell Parasite","floor":18.0,"turns":13.0},{"damage":23.0,"enemies":"2 Thieves","floor":21.0,"turns":4.0},{"damage":44,"enemies":"Gremlin Leader","floor":24,"turns":8}],"seed_played":"8102113782050961754","potions_obtained":[{"floor":10.0,"key":"Strength Potion"},{"floor":11.0,"key":"Swift Potion"},{"floor":16.0,"key":"Swift Potion"},{"floor":21.0,"key":"PowerPotion"}],"is_trial":false,"path_per_floor":["M","M","?","?","M","R","E","R","T","M","M","R","E","M","R","B",null,"M","?","$","M","?","R","E"],"character_chosen":"THE_SILENT","items_purchased":["Accuracy","Orichalcum","Footwork","Well Laid Plans","Accuracy","Accuracy"],"campfire_rested":4,"item_purchase_floors":[20,20,20,20,20,20],"current_hp_per_floor":[59,59,59,59,59,59,16,35,35,20,14,33,16,16,35,24,56,41,41,41,18,18,37,0],"gold":55,"neow_bonus":"THREE_ENEMY_KILL","is_prod":false,"is_daily":false,"chose_seed":false,"campfire_upgraded":1,"win_rate":0,"timestamp":1559924243,"path_taken":["M","?","?","?","M","R","E","R","T","?","M","R","E","M","R","BOSS","M","?","$","M","?","R","E"],"build_version":"2019-01-23","purchased_purges":1,"victory":false,"max_hp_per_floor":[66,66,66,66,66,66,66,66,66,66,66,66,66,66,66,66,66,66,66,66,66,66,66,66],"card_choices":[{"not_picked":["Cloak And Dagger","Deflect"],"picked":"Poisoned Stab","floor":1.0},{"not_picked":["Flechettes","Backflip"],"picked":"Flying Knee","floor":2.0},{"not_picked":["Tactician","Flying Knee"],"picked":"Dagger Throw","floor":5.0},{"not_picked":["Wraith Form v2","Night Terror"],"picked":"Predator","floor":7.0},{"not_picked":["PiercingWail","Outmaneuver"],"picked":"Dodge and Roll","floor":10.0},{"not_picked":["Cloak And Dagger","Caltrops"],"picked":"Dagger Spray","floor":11.0},{"not_picked":["PiercingWail","Predator"],"picked":"After Image","floor":13.0},{"not_picked":["Poisoned Stab","Dodge and Roll"],"picked":"Dash","floor":14.0},{"not_picked":["Tools of the Trade","Venomology"],"picked":"Night Terror","floor":16.0},{"not_picked":["Acrobatics","Backflip"],"picked":"Blade Dance","floor":18.0},{"not_picked":["Backflip","Masterful Stab"],"picked":"Backstab","floor":21.0}],"player_experience":362663,"relics_obtained":[{"floor":7.0,"key":"PreservedInsect"},{"floor":9.0,"key":"Happy Flower"},{"floor":13.0,"key":"The Courier"},{"floor":17.0,"key":"Oddly Smooth Stone"},{"floor":17.0,"key":"Matryoshka"},{"floor":17.0,"key":"The Specimen"}],"event_choices":[{"damage_healed":0.0,"max_hp_gain":0.0,"max_hp_loss":0.0,"gold_gain":150.0,"event_name":"Liars Game","player_choice":"AGREE","floor":3.0,"gold_loss":0.0,"damage_taken":0.0,"cards_obtained":["Doubt"]},{"damage_healed":0.0,"max_hp_gain":0.0,"max_hp_loss":0.0,"gold_gain":0.0,"cards_transformed":["Strike_G"],"event_name":"Living Wall","player_choice":"Change","floor":4.0,"gold_loss":0.0,"damage_taken":0.0,"cards_obtained":["Accuracy"]},{"damage_healed":0.0,"max_hp_gain":0.0,"max_hp_loss":0.0,"gold_gain":0.0,"event_name":"Forgotten Altar","player_choice":"Smashed Altar","floor":19.0,"gold_loss":0.0,"damage_taken":0.0,"cards_obtained":["Decay"]},{"damage_healed":0.0,"max_hp_gain":0.0,"max_hp_loss":0.0,"gold_gain":0.0,"event_name":"Back to Basics","player_choice":"Simplicity","floor":22.0,"gold_loss":0.0,"damage_taken":0.0,"cards_upgraded":["Defend_G","Defend_G","Defend_G","Defend_G","Defend_G","Strike_G","Strike_G","Strike_G","Strike_G"]}],"is_beta":false,"boss_relics":[{"not_picked":["Runic Pyramid","Busted Crown"],"picked":"Calling Bell"}],"items_purged_floors":[20],"is_endless":false,"potions_floor_spawned":[10,11,13,16,21],"killed_by":"Gremlin Leader","ascension_level":15}