{"gold_per_floor":[218,3,3,20,20,20,45,64,64,90,90,90,120,195,195,269,269,285,304,319,319,338,338,351,351,398,430,530,44,44,72,72,148,148,166,184,198,68,84,84,115,170,170,170,187,87,122,134,134,134,134],"floor_reached":52,"playtime":3325,"items_purged":["Strike_R","Strike_R"],"score":2061,"play_id":"2de507b7-fd8c-45db-b03c-1447ac7f3cb8","local_time":"20190527130001","is_ascension_mode":true,"campfire_choices":[{"data":"Metamorphosis","floor":6.0,"key":"SMITH"},{"data":"Immolate","floor":11.0,"key":"SMITH"},{"data":"1","floor":15.0,"key":"LIFT"},{"data":"2","floor":23,"key":"LIFT"},{"data":"3","floor":25,"key":"LIFT"},{"data":"Fiend Fire","floor":30,"key":"SMITH"},{"data":"Uppercut","floor":32,"key":"SMITH"},{"data":"Whirlwind","floor":40,"key":"SMITH"},{"data":"Bash","floor":44,"key":"SMITH"},{"data":"Heavy Blade","floor":49,"key":"SMITH"}],"neow_cost":"NONE","seed_source_timestamp":12441745125211,"circlet_count":0,"master_deck":["AscendersBane","Strike_R","Defend_R","Defend_R+1","Defend_R+1","Defend_R","Bash+1","Metamorphosis+1","Shrug It Off","Anger","Immolate+1","Intimidate+1","Spot Weakness+1","Fiend Fire+1","Pummel+1","Rage+1","Metallicize","Uppercut+1","Headbutt","Offering+1","Dual Wield+1","Double Tap+1","Shockwave+1","Whirlwind+1","Shrug It Off+1","Headbutt+1","Reaper","Heavy Blade+1"],"special_seed":0,"relics":["Burning Blood","Bird Faced Urn","Toxic Egg 2","Boot","FossilizedHelix","Girya","Coffee Dripper","Anchor","Ornamental Fan","StoneCalendar","Bottled Lightning","Shuriken","MealTicket","Ancient Tea Set","Mark of Pain","Pantograph","Charon\u0027s Ashes","Bottled Flame","Nunchaku"],"potions_floor_usage":[37,51,51],"damage_taken":[{"damage":10.0,"enemies":"Small Slimes","floor":1.0,"turns":3.0},{"damage":9.0,"enemies":"Jaw Worm","floor":4.0,"turns":4.0},{"damage":10.0,"enemies":"3 Sentries","floor":7.0,"turns":5.0},{"damage":0.0,"enemies":"2 Louse","floor":8.0,"turns":4.0},{"damage":3.0,"enemies":"Gremlin Nob","floor":10.0,"turns":3.0},{"damage":0.0,"enemies":"3 Sentries","floor":13.0,"turns":3.0},{"damage":23.0,"enemies":"The Guardian","floor":16.0,"turns":8.0},{"damage":9.0,"enemies":"Shell Parasite","floor":18.0,"turns":4.0},{"damage":0.0,"enemies":"Chosen","floor":19.0,"turns":3.0},{"damage":22.0,"enemies":"Snake Plant","floor":20.0,"turns":3.0},{"damage":0.0,"enemies":"Snecko","floor":22.0,"turns":3.0},{"damage":8,"enemies":"Cultist and Chosen","floor":24,"turns":5},{"damage":0,"enemies":"Book of Stabbing","floor":27,"turns":3},{"damage":0,"enemies":"Colosseum Slavers","floor":28,"turns":4},{"damage":0,"enemies":"Colosseum Nobs","floor":28,"turns":2},{"damage":0,"enemies":"Gremlin Leader","floor":31,"turns":1},{"damage":21,"enemies":"Champ","floor":33,"turns":7},{"damage":0,"enemies":"3 Shapes","floor":35,"turns":2},{"damage":0,"enemies":"3 Darklings","floor":36,"turns":1},{"damage":0,"enemies":"Jaw Worm Horde","floor":37,"turns":3},{"damage":15,"enemies":"Transient","floor":39,"turns":6},{"damage":6,"enemies":"Giant Head","floor":41,"turns":5},{"damage":0,"enemies":"2 Orb Walkers","floor":42,"turns":2},{"damage":0,"enemies":"Writhing Mass","floor":45,"turns":2},{"damage":0,"enemies":"Reptomancer","floor":47,"turns":2},{"damage":16,"enemies":"Maw","floor":48,"turns":5},{"damage":57,"enemies":"Donu and Deca","floor":50,"turns":7},{"damage":43,"enemies":"Time Eater","floor":51,"turns":8}],"seed_played":"-5440274883681932733","potions_obtained":[{"floor":4.0,"key":"EssenceOfSteel"},{"floor":8.0,"key":"FearPotion"},{"floor":10.0,"key":"AttackPotion"},{"floor":16.0,"key":"PowerPotion"},{"floor":20.0,"key":"Fruit Juice"},{"floor":24,"key":"Poison Potion"},{"floor":28,"key":"Block Potion"},{"floor":37,"key":"PowerPotion"}],"is_trial":false,"path_per_floor":["M","$","?","M","?","R","E","M","T","E","R","T","E","?","R","B",null,"M","M","M","?","M","R","M","R","T","E","?","$","R","E","R","B",null,"M","M","M","$","M","R","E","?","T","R","M","$","E","M","R","B","B",null],"character_chosen":"IRONCLAD","items_purchased":["Metamorphosis","Shuriken","MealTicket","Shrug It Off+1"],"campfire_rested":0,"item_purchase_floors":[2,29,29,38],"current_hp_per_floor":[64,64,69,66,42,42,38,44,44,47,47,47,53,42,42,25,66,63,69,58,58,64,64,64,64,64,70,82,82,82,85,85,70,81,85,85,85,85,76,76,76,85,85,85,85,85,85,75,75,49,54],"gold":134,"neow_bonus":"HUNDRED_GOLD","is_prod":false,"is_daily":false,"chose_seed":false,"campfire_upgraded":7,"win_rate":0,"timestamp":1558954801,"path_taken":["M","$","?","M","?","R","E","M","T","E","R","?","E","?","R","BOSS","M","M","M","?","M","R","M","R","T","E","?","$","R","E","R","BOSS","M","M","M","$","M","R","E","?","T","R","M","$","E","M","R","BOSS","BOSS"],"build_version":"2019-01-23","purchased_purges":2,"victory":true,"max_hp_per_floor":[75,75,80,80,80,80,80,80,80,80,80,80,80,80,80,80,80,80,80,85,85,85,85,85,85,85,85,85,85,85,85,85,85,85,85,85,85,85,85,85,85,85,85,85,85,85,85,85,85,85,85],"card_choices":[{"not_picked":["Havoc","Burning Pact","Clash"],"picked":"SKIP","floor":1.0},{"not_picked":["Disarm","Rampage"],"picked":"Shrug It Off","floor":4.0},{"not_picked":["Combust","True Grit"],"picked":"Anger","floor":7.0},{"not_picked":["Wild Strike","Armaments"],"picked":"Immolate","floor":8.0},{"not_picked":["Bloodletting+1","Searing Blow"],"picked":"Intimidate+1","floor":10.0},{"not_picked":["Blood for Blood","Combust"],"picked":"Spot Weakness+1","floor":13.0},{"not_picked":["Bludgeon","Dark Embrace"],"picked":"Fiend Fire","floor":16.0},{"not_picked":["Perfected Strike","Clothesline","Heavy Blade"],"picked":"SKIP","floor":18.0},{"not_picked":["Clash","Second Wind+1"],"picked":"Pummel+1","floor":19.0},{"not_picked":["Cleave","Warcry+1"],"picked":"Rage+1","floor":20.0},{"not_picked":["True Grit+1","Body Slam"],"picked":"Headbutt","floor":22},{"not_picked":["Clash","Anger"],"picked":"Offering+1","floor":24},{"not_picked":["Sever Soul","Warcry+1"],"picked":"Dual Wield+1","floor":27},{"not_picked":["Anger","Cleave","Sword Boomerang"],"picked":"SKIP","floor":31},{"not_picked":["Immolate","Dark Embrace"],"picked":"Double Tap+1","floor":33},{"not_picked":["Cleave","True Grit+1"],"picked":"Shockwave+1","floor":35},{"not_picked":["Body Slam","Searing Blow","Thunderclap"],"picked":"SKIP","floor":36},{"not_picked":["Flex+1","Twin Strike"],"picked":"Whirlwind","floor":37},{"not_picked":["Flex+1","Heavy Blade"],"picked":"Headbutt+1","floor":39},{"not_picked":["Perfected Strike","Body Slam+1"],"picked":"Reaper","floor":41},{"not_picked":["Headbutt+1","Sword Boomerang","Immolate"],"picked":"SKIP","floor":45},{"not_picked":["Perfected Strike","Pommel Strike+1"],"picked":"Heavy Blade","floor":47},{"not_picked":["Cleave+1","Carnage","Headbutt"],"picked":"SKIP","floor":48}],"player_experience":91818,"relics_obtained":[{"floor":7.0,"key":"Bird Faced Urn"},{"floor":9.0,"key":"Toxic Egg 2"},{"floor":10.0,"key":"Boot"},{"floor":12.0,"key":"FossilizedHelix"},{"floor":13.0,"key":"Girya"},{"floor":26,"key":"Anchor"},{"floor":27,"key":"Ornamental Fan"},{"floor":28,"key":"StoneCalendar"},{"floor":28,"key":"Bottled Lightning"},{"floor":31,"key":"Ancient Tea Set"},{"floor":41,"key":"Pantograph"},{"floor":42,"key":"Charon\u0027s Ashes"},{"floor":43,"key":"Bottled Flame"},{"floor":47,"key":"Nunchaku"}],"event_choices":[{"damage_healed":0.0,"max_hp_gain":5.0,"max_hp_loss":0.0,"gold_gain":0.0,"event_name":"Big Fish","player_choice":"Donut","floor":3.0,"gold_loss":0.0,"damage_taken":0.0},{"damage_healed":0.0,"max_hp_gain":0.0,"max_hp_loss":0.0,"gold_gain":0.0,"event_name":"Shining Light","player_choice":"Entered Light","floor":5.0,"gold_loss":0.0,"damage_taken":24.0,"cards_upgraded":["Defend_R","Defend_R"]},{"damage_healed":0.0,"max_hp_gain":0.0,"max_hp_loss":0.0,"gold_gain":75.0,"event_name":"World of Goop","player_choice":"Gather Gold","floor":14.0,"gold_loss":0.0,"damage_taken":11.0},{"damage_healed":0.0,"max_hp_gain":0.0,"max_hp_loss":0.0,"gold_gain":0.0,"cards_transformed":["Strike_R","Strike_R"],"event_name":"Drug Dealer","player_choice":"Became Test Subject","floor":21.0,"gold_loss":0.0,"damage_taken":0.0,"cards_obtained":["Metallicize","Uppercut"]},{"damage_healed":0,"gold_gain":0,"player_choice":"Fight","damage_taken":0,"max_hp_gain":0,"max_hp_loss":0,"event_name":"Colosseum","floor":28,"gold_loss":0},{"damage_healed":0,"gold_gain":0,"player_choice":"Fought Nobs","damage_taken":0,"max_hp_gain":0,"max_hp_loss":0,"event_name":"Colosseum","floor":28,"gold_loss":0},{"damage_healed":0,"gold_gain":0,"player_choice":"Fight","damage_taken":0,"max_hp_gain":0,"max_hp_loss":0,"event_name":"Mysterious Sphere","floor":42,"gold_loss":0}],"is_beta":false,"boss_relics":[{"not_picked":["Eternal Feather","Runic Dome"],"picked":"Coffee Dripper"},{"not_picked":["Black Star","Runic Cube"],"picked":"Mark of Pain"}],"items_purged_floors":[38,46],"is_endless":false,"potions_floor_spawned":[4,8,10,16,20,24,28,28,36,37,39],"ascension_level":20}