{"gold_per_floor":[366,48,66,66,89,120,120,151,228,259,280,296,296,2,2,121,121,146,161,161,175,190,233,233,274,274,338,338,338,356,380,380,510,510,525,858,399,415,42,42,142,142,142,152,179,208,252,274,286,298],"floor_reached":51,"playtime":3895,"items_purged":["Normality","Strike_G"],"score":1003,"play_id":"fae227cc-8875-438c-ac39-329e163bfd2a","local_time":"20190607082711","is_ascension_mode":true,"campfire_choices":[{"data":"Dash","floor":7.0,"key":"SMITH"},{"data":"Neutralize","floor":13.0,"key":"SMITH"},{"floor":15.0,"key":"REST"},{"floor":24.0,"key":"REST"},{"data":"Malaise","floor":29.0,"key":"SMITH"},{"floor":32.0,"key":"REST"},{"data":"Cloak And Dagger","floor":40.0,"key":"SMITH"},{"data":"Well Laid Plans","floor":42.0,"key":"SMITH"},{"data":"PiercingWail","floor":49.0,"key":"SMITH"}],"neow_cost":"CURSE","seed_source_timestamp":71453878179698,"circlet_count":0,"master_deck":["Defend_G","Defend_G","Defend_G","Defend_G","Defend_G","Survivor","Neutralize+1","Dash+1","Cloak And Dagger+1","Flying Knee","Injury","Infinite Blades","Endless Agony","Backflip","Backflip","Malaise+1","Acrobatics+1","Calculated Gamble+1","Doppelganger+1","Caltrops+1","Footwork+1","Setup","Backstab","Backstab","Bouncing Flask+1","Backstab+1","Terror","Neutralize+1","Flash of Steel+1","PiercingWail+1","Endless Agony+1","Bullet Time","Backflip+1","Dash+1","Well Laid Plans+1","Dodge and Roll+1","PiercingWail+1","Noxious Fumes+1"],"special_seed":0,"relics":["Ring of the Snake","Orichalcum","Unceasing Top","Centennial Puzzle","Shuriken","Dodecahedron","Du-Vu Doll","Astrolabe","Molten Egg 2","Pen Nib","Singing Bowl","Tiny Chest","Coffee Dripper","Vajra","ClockworkSouvenir","Paper Crane","Ginger","The Courier","MawBank","Boot"],"potions_floor_usage":[50,50],"damage_taken":[{"damage":4.0,"enemies":"Jaw Worm","floor":1.0,"turns":5.0},{"damage":0.0,"enemies":"Small Slimes","floor":3.0,"turns":3.0},{"damage":0.0,"enemies":"Cultist","floor":5.0,"turns":3.0},{"damage":18.0,"enemies":"3 Sentries","floor":6.0,"turns":9.0},{"damage":8.0,"enemies":"Gremlin Nob","floor":8.0,"turns":5.0},{"damage":15.0,"enemies":"Lagavulin","floor":10.0,"turns":4.0},{"damage":1.0,"enemies":"Exordium Wildlife","floor":11.0,"turns":3.0},{"damage":4.0,"enemies":"Gremlin Gang","floor":12.0,"turns":4.0},{"damage":20.0,"enemies":"The Guardian","floor":16.0,"turns":9.0},{"damage":5.0,"enemies":"Chosen","floor":18.0,"turns":6.0},{"damage":4.0,"enemies":"3 Byrds","floor":19.0,"turns":4.0},{"damage":1.0,"enemies":"Cultist and Chosen","floor":21.0,"turns":9.0},{"damage":12.0,"enemies":"Snecko","floor":22.0,"turns":5.0},{"damage":7.0,"enemies":"Book of Stabbing","floor":23.0,"turns":6.0},{"damage":15.0,"enemies":"Gremlin Leader","floor":25.0,"turns":7.0},{"damage":6.0,"enemies":"Slavers","floor":27.0,"turns":5.0},{"damage":8.0,"enemies":"Centurion and Healer","floor":30.0,"turns":4.0},{"damage":10.0,"enemies":"3 Cultists","floor":31.0,"turns":5.0},{"damage":6.0,"enemies":"Champ","floor":33.0,"turns":8.0},{"damage":3.0,"enemies":"3 Shapes","floor":35.0,"turns":3.0},{"damage":11.0,"enemies":"3 Darklings","floor":38.0,"turns":5.0},{"damage":0.0,"enemies":"Mind Bloom Boss Battle","floor":41.0,"turns":6.0},{"damage":0.0,"enemies":"Spire Growth","floor":44.0,"turns":4.0},{"damage":0.0,"enemies":"Giant Head","floor":45.0,"turns":7.0},{"damage":0.0,"enemies":"4 Shapes","floor":46.0,"turns":5.0},{"damage":20.0,"enemies":"Nemesis","floor":47.0,"turns":7.0},{"damage":0.0,"enemies":"Sphere and 2 Shapes","floor":48.0,"turns":5.0},{"damage":26,"enemies":"Time Eater","floor":50,"turns":8}],"seed_played":"-7571739513426489266","potions_obtained":[{"floor":1.0,"key":"Strength Potion"},{"floor":6.0,"key":"Swift Potion"},{"floor":12.0,"key":"LiquidBronze"},{"floor":16.0,"key":"GhostInAJar"},{"floor":22.0,"key":"SneckoOil"},{"floor":25.0,"key":"Fire Potion"},{"floor":30.0,"key":"PowerPotion"},{"floor":31.0,"key":"Swift Potion"},{"floor":38.0,"key":"GhostInAJar"},{"floor":44.0,"key":"AttackPotion"},{"floor":45.0,"key":"PowerPotion"},{"floor":46.0,"key":"Strength Potion"},{"floor":47.0,"key":"GhostInAJar"}],"is_trial":false,"path_per_floor":["M","$","M","?","M","E","R","E","T","E","M","M","R","$","R","B",null,"M","M","?","M","M","E","R","E","T","E","?","R","M","M","R","B",null,"M","?","$","M","$","R","?","R","T","M","E","M","E","M","R","B",null],"character_chosen":"THE_SILENT","items_purchased":["Orichalcum","Weak Potion","Cloak And Dagger","Du-Vu Doll","Vajra","ClockworkSouvenir","Paper Crane","Dash+1","Well Laid Plans"],"campfire_rested":3,"item_purchase_floors":[2,2,2,14,37,37,39,39,39],"current_hp_per_floor":[66,66,66,66,66,48,48,40,40,25,24,20,20,20,41,21,58,53,49,49,48,36,29,50,35,35,29,29,29,21,11,32,26,59,56,56,56,47,47,47,47,47,47,49,49,49,31,33,33,7],"gold":310,"neow_bonus":"TWO_FIFTY_GOLD","is_prod":false,"is_daily":false,"chose_seed":false,"campfire_upgraded":6,"win_rate":1,"timestamp":1559914031,"path_taken":["M","$","M","?","M","E","R","E","T","E","M","M","R","$","R","BOSS","M","M","?","M","?","E","R","E","T","E","?","R","M","?","R","BOSS","M","?","$","M","$","R","?","R","T","M","E","M","E","M","R","BOSS"],"build_version":"2019-01-23","purchased_purges":2,"victory":true,"max_hp_per_floor":[70,70,70,70,70,70,70,70,70,70,70,70,70,70,70,70,70,70,70,70,70,70,70,70,70,70,70,70,70,70,70,70,70,70,70,70,70,72,72,72,72,72,72,74,74,74,76,78,78,78],"card_choices":[{"not_picked":["Sucker Punch","Cloak And Dagger"],"picked":"Dash","floor":1.0},{"not_picked":["Acrobatics","Catalyst"],"picked":"Flying Knee","floor":3.0},{"not_picked":["Acrobatics","Cloak And Dagger"],"picked":"Infinite Blades","floor":5.0},{"not_picked":["Tools of the Trade","Poisoned Stab"],"picked":"Endless Agony","floor":6.0},{"not_picked":["Prepared","Slice","Choke"],"picked":"SKIP","floor":8.0},{"not_picked":["Prepared","Infinite Blades"],"picked":"Backflip","floor":10.0},{"not_picked":["Quick Slash","Grand Finale"],"picked":"Backflip","floor":11.0},{"not_picked":["Sucker Punch","Finisher","Expertise"],"picked":"SKIP","floor":12.0},{"not_picked":["Night Terror","Doppelganger"],"picked":"Malaise","floor":16.0},{"not_picked":["Bane+1","Acrobatics"],"picked":"Caltrops+1","floor":18.0},{"not_picked":["Sucker Punch+1","Blade Dance"],"picked":"Footwork+1","floor":19.0},{"not_picked":["Deadly Poison","Blade Dance"],"picked":"Backstab","floor":21.0},{"not_picked":["Backflip+1","Underhanded Strike"],"picked":"Backstab","floor":22.0},{"not_picked":["Slice","Skewer"],"picked":"Bouncing Flask+1","floor":23.0},{"not_picked":["Acrobatics+1","Cloak And Dagger"],"picked":"Backstab+1","floor":25.0},{"not_picked":["Predator+1","Tools of the Trade"],"picked":"Terror","floor":27.0},{"not_picked":["Poisoned Stab+1","Cloak And Dagger"],"picked":"PiercingWail","floor":30.0},{"not_picked":["Cloak And Dagger","Distraction+1"],"picked":"Endless Agony+1","floor":31.0},{"not_picked":["Venomology","Phantasmal Killer"],"picked":"Bullet Time","floor":33.0},{"not_picked":["Flying Knee+1","Acrobatics"],"picked":"Backflip+1","floor":35.0},{"not_picked":["Quick Slash+1","Heel Hook+1","Bane+1"],"picked":"Singing Bowl","floor":38.0},{"not_picked":["Predator+1","Prepared+1"],"picked":"Dodge and Roll+1","floor":41.0},{"not_picked":["Noxious Fumes","Distraction","Blade Dance"],"picked":"Singing Bowl","floor":44.0},{"not_picked":["Reflex+1","Leg Sweep"],"picked":"PiercingWail+1","floor":45.0},{"not_picked":["Heel Hook+1","Envenom"],"picked":"Noxious Fumes+1","floor":46.0},{"not_picked":["Noxious Fumes","Underhanded Strike+1","Tactician+1"],"picked":"Singing Bowl","floor":47.0},{"not_picked":["Finisher+1","Caltrops+1","Dodge and Roll"],"picked":"Singing Bowl","floor":48.0}],"player_experience":30600,"relics_obtained":[{"floor":6.0,"key":"Unceasing Top"},{"floor":8.0,"key":"Centennial Puzzle"},{"floor":9.0,"key":"Shuriken"},{"floor":10.0,"key":"Dodecahedron"},{"floor":23.0,"key":"Molten Egg 2"},{"floor":25.0,"key":"Pen Nib"},{"floor":26.0,"key":"Singing Bowl"},{"floor":27.0,"key":"Tiny Chest"},{"floor":41.0,"key":"Ginger"},{"floor":43.0,"key":"The Courier"},{"floor":45.0,"key":"MawBank"},{"floor":47.0,"key":"Boot"}],"event_choices":[{"damage_healed":0.0,"max_hp_gain":0.0,"max_hp_loss":0.0,"gold_gain":0.0,"event_name":"Golden Idol","player_choice":"Take Wound","floor":4.0,"gold_loss":0.0,"damage_taken":0.0,"relics_obtained":["Golden Idol"],"cards_obtained":["Injury"]},{"damage_healed":0.0,"max_hp_gain":0.0,"max_hp_loss":0.0,"gold_gain":0.0,"cards_transformed":["Strike_G"],"event_name":"Transmorgrifier","player_choice":"Transformed","floor":20.0,"gold_loss":0.0,"damage_taken":0.0,"cards_obtained":["Setup"]},{"damage_healed":0.0,"max_hp_gain":0.0,"max_hp_loss":0.0,"gold_gain":0.0,"event_name":"Match and Keep!","player_choice":"2 cards matched","floor":28.0,"gold_loss":0.0,"damage_taken":0.0,"cards_obtained":["Neutralize","Flash of Steel"]},{"damage_healed":0.0,"max_hp_gain":0.0,"max_hp_loss":0.0,"gold_gain":333.0,"event_name":"The Moai Head","player_choice":"Gave Idol","floor":36.0,"relics_lost":["Golden Idol"],"gold_loss":0.0,"damage_taken":0.0},{"damage_healed":0.0,"max_hp_gain":0.0,"max_hp_loss":0.0,"gold_gain":0.0,"event_name":"MindBloom","player_choice":"Fight","floor":41.0,"gold_loss":0.0,"damage_taken":0.0}],"is_beta":false,"boss_relics":[{"not_picked":["HoveringKite","Tiny House"],"picked":"Astrolabe"},{"not_picked":["Runic Dome","Snecko Eye"],"picked":"Coffee Dripper"}],"items_purged_floors":[2,37],"is_endless":false,"potions_floor_spawned":[1,6,12,16,22,25,30,31,38,44,45,46,47],"ascension_level":5}