{"gold_per_floor":[114,114,114,130,147,147,163,163,186,229,259,33,33,44,44,141,141,158,110,110,110,110,110,126,401,401,86,86,99,60,86,86,181,231,248,261,5,23,0,0,0,0,0,0,16,33,33,66,66,66],"floor_reached":50,"playtime":2003,"items_purged":["Regret","Regret"],"score":846,"play_id":"5bc415ac-7212-4bee-b0cd-5e0d5d152433","local_time":"20190605094758","is_ascension_mode":true,"campfire_choices":[{"data":"After Image","floor":6.0,"key":"SMITH"},{"data":"Infinite Blades","floor":8.0,"key":"SMITH"},{"floor":15.0,"key":"REST"},{"data":"Apotheosis","floor":23.0,"key":"SMITH"},{"floor":32.0,"key":"REST"},{"floor":40.0,"key":"REST"},{"data":"Blade Dance","floor":44.0,"key":"SMITH"},{"floor":47.0,"key":"REST"},{"floor":49.0,"key":"REST"}],"neow_cost":"CURSE","seed_source_timestamp":101894792782500,"circlet_count":0,"master_deck":["AscendersBane","Defend_G","Defend_G","Defend_G","Strike_G","Strike_G","Strike_G","Strike_G","Survivor","Neutralize","Infinite Blades+1","Poisoned Stab","Dash","After Image+1","Slice+1","Endless Agony+1","Backstab+1","Noxious Fumes","Apotheosis+1","Deadly Poison","A Thousand Cuts","Blade Dance+1","Accuracy","Accuracy","Flying Knee+1","Slice+1","Dagger Spray+1","Backstab+1","Deflect","Well Laid Plans+1","All Out Attack+1","Accuracy+1","Cloak And Dagger+1","Adrenaline","Concentrate","Dodge and Roll+1","Quick Slash+1","Adrenaline","Master of Strategy","Mayhem+1","Noxious Fumes+1","Deadly Poison+1","Choke+1"],"special_seed":0,"relics":["Ring of the Snake","Bag of Preparation","Molten Egg 2","MawBank","Juzu Bracelet","Nunchaku","Orrery","Frozen Egg 2","Regal Pillow","Lantern","Tiny House","Shuriken","Red Mask","Mummified Hand","Blue Candle"],"potions_floor_usage":[50,50],"damage_taken":[{"damage":1.0,"enemies":"Small Slimes","floor":1.0,"turns":4.0},{"damage":2.0,"enemies":"Jaw Worm","floor":4.0,"turns":3.0},{"damage":5.0,"enemies":"2 Louse","floor":5.0,"turns":2.0},{"damage":8.0,"enemies":"Large Slime","floor":7.0,"turns":7.0},{"damage":6.0,"enemies":"3 Sentries","floor":10.0,"turns":7.0},{"damage":0.0,"enemies":"3 Louse","floor":11.0,"turns":3.0},{"damage":5.0,"enemies":"Gremlin Gang","floor":14.0,"turns":3.0},{"damage":6.0,"enemies":"Hexaghost","floor":16.0,"turns":9.0},{"damage":5.0,"enemies":"Spheric Guardian","floor":18.0,"turns":3.0},{"damage":6.0,"enemies":"3 Byrds","floor":24.0,"turns":5.0},{"damage":6.0,"enemies":"Snecko","floor":29.0,"turns":4.0},{"damage":13.0,"enemies":"Book of Stabbing","floor":31.0,"turns":5.0},{"damage":54.0,"enemies":"Champ","floor":33.0,"turns":8.0},{"damage":1.0,"enemies":"3 Shapes","floor":35.0,"turns":4.0},{"damage":5.0,"enemies":"3 Darklings","floor":36.0,"turns":5.0},{"damage":45.0,"enemies":"Spire Growth","floor":38.0,"turns":5.0},{"damage":23.0,"enemies":"4 Shapes","floor":45.0,"turns":6.0},{"damage":10.0,"enemies":"Maw","floor":46.0,"turns":5.0},{"damage":0.0,"enemies":"Nemesis","floor":48.0,"turns":5.0},{"damage":89,"enemies":"Awakened One","floor":50,"turns":9}],"seed_played":"-8524209726736261870","potions_obtained":[{"floor":7.0,"key":"Explosive Potion"},{"floor":10.0,"key":"Block Potion"},{"floor":11.0,"key":"Dexterity Potion"},{"floor":31.0,"key":"SteroidPotion"},{"floor":34.0,"key":"PowerPotion"},{"floor":36.0,"key":"SpeedPotion"},{"floor":45.0,"key":"GhostInAJar"}],"is_trial":false,"path_per_floor":["M","?","?","M","M","R","M","R","T","E","M","$","T","M","R","B",null,"M","$","?","?","?","R","M","?","T","$","?","M","$","E","R","B",null,"M","M","$","M","?","R","?","?","T","R","M","M","R","E","R","B"],"character_chosen":"THE_SILENT","items_purchased":["Apotheosis","SkillPotion","Well Laid Plans+1","Regal Pillow","Accuracy+1","Shuriken"],"campfire_rested":5,"item_purchase_floors":[12,19,27,27,30,37],"current_hp_per_floor":[62,59,59,57,52,52,44,44,44,38,38,38,38,33,54,48,65,60,60,60,60,60,60,54,54,54,54,54,48,48,35,70,16,62,61,56,56,11,11,48,48,43,43,43,20,10,47,47,75,0],"gold":66,"neow_bonus":"TRANSFORM_TWO_CARDS","is_prod":false,"is_daily":false,"chose_seed":false,"campfire_upgraded":4,"win_rate":0,"timestamp":1559753278,"path_taken":["M","?","?","M","M","R","M","R","T","E","M","$","?","M","R","BOSS","M","$","?","?","?","R","M","?","T","$","?","M","?","E","R","BOSS","M","M","$","M","?","R","?","?","T","R","M","M","R","E","R","BOSS"],"build_version":"2019-01-23","purchased_purges":2,"victory":false,"max_hp_per_floor":[70,70,70,70,70,70,70,70,70,70,70,70,70,70,70,70,70,70,70,70,70,70,70,70,70,70,70,70,70,70,70,70,70,75,75,75,75,75,75,75,75,75,75,75,75,75,75,75,75,75],"card_choices":[{"not_picked":["Poisoned Stab","Dagger Throw"],"picked":"Dash","floor":1.0},{"not_picked":["Slice+1","Acrobatics"],"picked":"After Image","floor":4.0},{"not_picked":["Acrobatics","Underhanded Strike+1"],"picked":"Slice+1","floor":5.0},{"not_picked":["Backflip","Prepared"],"picked":"Endless Agony+1","floor":7.0},{"not_picked":["Outmaneuver","Deadly Poison"],"picked":"Backstab+1","floor":10.0},{"not_picked":["Prepared","Backflip"],"picked":"Noxious Fumes","floor":11.0},{"not_picked":["Prepared","PiercingWail"],"picked":"Deadly Poison","floor":14.0},{"not_picked":["Tools of the Trade","Phantasmal Killer"],"picked":"A Thousand Cuts","floor":16.0},{"not_picked":["Cloak And Dagger","Setup"],"picked":"Blade Dance","floor":17.0},{"not_picked":["Skewer+1","Dagger Spray+1"],"picked":"Accuracy","floor":17.0},{"not_picked":["Blade Dance","Dodge and Roll"],"picked":"Accuracy","floor":17.0},{"not_picked":["Storm of Steel","PiercingWail"],"picked":"Flying Knee+1","floor":17.0},{"not_picked":["Blade Dance","Skewer+1"],"picked":"Slice+1","floor":17.0},{"not_picked":["Masterful Stab+1","Caltrops"],"picked":"Dagger Spray+1","floor":18.0},{"not_picked":["PiercingWail","Concentrate"],"picked":"Deflect","floor":24.0},{"not_picked":["Underhanded Strike+1","Bane+1"],"picked":"All Out Attack+1","floor":29.0},{"not_picked":["Escape Plan","Underhanded Strike+1"],"picked":"Cloak And Dagger","floor":31.0},{"not_picked":["Unload+1","Malaise"],"picked":"Adrenaline","floor":33.0},{"not_picked":["Poisoned Stab+1","Backflip"],"picked":"Concentrate","floor":34.0},{"not_picked":["Deflect","Tactician"],"picked":"Dodge and Roll+1","floor":35.0},{"not_picked":["PiercingWail","Deadly Poison"],"picked":"Quick Slash+1","floor":36.0},{"not_picked":["Reflex","Bane+1"],"picked":"Adrenaline","floor":38.0},{"not_picked":["Blind","Magnetism+1"],"picked":"Master of Strategy","floor":42.0},{"not_picked":["Good Instincts","Blind"],"picked":"Mayhem+1","floor":42.0},{"not_picked":["Flying Knee+1","Blade Dance"],"picked":"Noxious Fumes+1","floor":45.0},{"not_picked":["Underhanded Strike+1","Well Laid Plans+1"],"picked":"Deadly Poison+1","floor":46.0},{"not_picked":["Infinite Blades+1","Escape Plan"],"picked":"Choke+1","floor":48.0}],"player_experience":313080,"relics_obtained":[{"floor":9.0,"key":"MawBank"},{"floor":10.0,"key":"Juzu Bracelet"},{"floor":13.0,"key":"Nunchaku"},{"floor":26.0,"key":"Frozen Egg 2"},{"floor":31.0,"key":"Lantern"},{"floor":43.0,"key":"Mummified Hand"},{"floor":48.0,"key":"Blue Candle"}],"event_choices":[{"damage_healed":0.0,"max_hp_gain":0.0,"max_hp_loss":0.0,"gold_gain":0.0,"event_name":"Scrap Ooze","player_choice":"Success","floor":2.0,"gold_loss":0.0,"damage_taken":3.0,"relics_obtained":["Bag of Preparation"]},{"damage_healed":0.0,"max_hp_gain":0.0,"max_hp_loss":0.0,"gold_gain":0.0,"event_name":"Big Fish","player_choice":"Box","floor":3.0,"gold_loss":0.0,"damage_taken":0.0,"relics_obtained":["Molten Egg 2"],"cards_obtained":["Regret"]},{"damage_healed":0.0,"max_hp_gain":0.0,"max_hp_loss":0.0,"gold_gain":0.0,"event_name":"Ghosts","player_choice":"Ignored","floor":20.0,"gold_loss":0.0,"damage_taken":0.0},{"damage_healed":0.0,"max_hp_gain":0.0,"max_hp_loss":0.0,"gold_gain":0.0,"event_name":"Cursed Tome","player_choice":"Ignored","floor":21.0,"gold_loss":0.0,"damage_taken":0.0},{"damage_healed":0.0,"max_hp_gain":0.0,"max_hp_loss":0.0,"gold_gain":0.0,"event_name":"Duplicator","player_choice":"Copied","floor":22.0,"gold_loss":0.0,"damage_taken":0.0,"cards_obtained":["Backstab"]},{"damage_healed":0.0,"max_hp_gain":0.0,"max_hp_loss":0.0,"gold_gain":275.0,"event_name":"Golden Shrine","player_choice":"Desecrate","floor":25.0,"gold_loss":0.0,"damage_taken":0.0,"cards_obtained":["Regret"]},{"cards_removed":["Injury"],"damage_healed":0.0,"max_hp_gain":0.0,"max_hp_loss":0.0,"gold_gain":0.0,"event_name":"Fountain of Cleansing","player_choice":"Removed Curses","floor":28.0,"gold_loss":0.0,"damage_taken":0.0},{"damage_healed":0.0,"max_hp_gain":0.0,"max_hp_loss":0.0,"gold_gain":0.0,"event_name":"Tomb of Lord Red Mask","player_choice":"Paid","floor":39.0,"gold_loss":23.0,"damage_taken":0.0,"relics_obtained":["Red Mask"]},{"cards_removed":["Defend_G"],"damage_healed":0.0,"max_hp_gain":0.0,"max_hp_loss":0.0,"gold_gain":0.0,"event_name":"Falling","player_choice":"Removed Skill","floor":41.0,"gold_loss":0.0,"damage_taken":0.0},{"damage_healed":0.0,"max_hp_gain":0.0,"max_hp_loss":0.0,"gold_gain":0.0,"event_name":"SensoryStone","player_choice":"Memory 2","floor":42.0,"gold_loss":0.0,"damage_taken":5.0}],"is_beta":false,"boss_relics":[{"not_picked":["Black Star","White Beast Statue"],"picked":"Orrery"},{"not_picked":["Philosopher\u0027s Stone","HoveringKite"],"picked":"Tiny House"}],"items_purged_floors":[12,27],"is_endless":false,"potions_floor_spawned":[7,10,11,24,31,36,45,48],"killed_by":"Awakened One","ascension_level":12}