{"gold_per_floor":[117,130,146,296,296,296,7,34,34,68,80,110,148,178,190,279,291,314,376,408,438,450,462,474,486,498,510,381,120,120,132,132,132],"floor_reached":33,"playtime":2286,"items_purged":["Doubt","Doubt","Decay"],"score":506,"play_id":"9eb6a079-dcab-4ab8-91ca-15d96f1569c2","local_time":"20190514145700","is_ascension_mode":true,"campfire_choices":[{"floor":6.0,"key":"REST"},{"data":"Bash","floor":11.0,"key":"SMITH"},{"floor":15.0,"key":"REST"},{"floor":23.0,"key":"REST"},{"data":"Immolate","floor":25.0,"key":"SMITH"},{"floor":27.0,"key":"REST"},{"data":"Whirlwind","floor":30.0,"key":"SMITH"},{"data":"Carnage","floor":32.0,"key":"SMITH"}],"neow_cost":"PERCENT_DAMAGE","seed_source_timestamp":24856978849278,"circlet_count":0,"master_deck":["AscendersBane","Strike_R","Strike_R+1","Strike_R","Strike_R","Strike_R+1","Defend_R","Defend_R","Defend_R","Defend_R","Bash+1","Clothesline","Sword Boomerang","Rampage","Reckless Charge","Shrug It Off","Shrug It Off","Immolate+1","Ghostly Armor+1","Evolve","Metallicize","Whirlwind+1","Carnage+1"],"special_seed":0,"relics":["Burning Blood","Incense Burner","Happy Flower","Torii","WingedGreaves","MawBank","Odd Mushroom","Cursed Key","Enchiridion","Mummified Hand"],"potions_floor_usage":[33,33],"damage_taken":[{"damage":7.0,"enemies":"Cultist","floor":1.0,"turns":4.0},{"damage":7.0,"enemies":"Jaw Worm","floor":2.0,"turns":4.0},{"damage":4.0,"enemies":"Small Slimes","floor":3.0,"turns":3.0},{"damage":8.0,"enemies":"Gremlin Nob","floor":8.0,"turns":3.0},{"damage":11.0,"enemies":"Lagavulin","floor":10.0,"turns":5.0},{"damage":14.0,"enemies":"Exordium Wildlife","floor":12.0,"turns":4.0},{"damage":12.0,"enemies":"The Mushroom Lair","floor":13.0,"turns":4.0},{"damage":15.0,"enemies":"Lots of Slimes","floor":14.0,"turns":5.0},{"damage":29.0,"enemies":"Slime Boss","floor":16.0,"turns":9.0},{"damage":1.0,"enemies":"Chosen","floor":18.0,"turns":3.0},{"damage":7.0,"enemies":"Spheric Guardian","floor":20.0,"turns":5.0},{"damage":33.0,"enemies":"Shelled Parasite and Fungi","floor":21.0,"turns":5.0},{"damage":16.0,"enemies":"Snecko","floor":31.0,"turns":5.0},{"damage":54,"enemies":"Collector","floor":33,"turns":9}],"seed_played":"-15466037811452350","potions_obtained":[{"floor":3.0,"key":"SkillPotion"},{"floor":8.0,"key":"Ancient Potion"},{"floor":13.0,"key":"Strength Potion"},{"floor":14.0,"key":"FearPotion"},{"floor":16.0,"key":"SpeedPotion"},{"floor":18.0,"key":"SpeedPotion"}],"is_trial":false,"path_per_floor":["M","M","M","?","?","R","$","E","T","E","R","M","?","M","R","B",null,"M","?","M","M","?","R","?","R","T","R","$","$","R","M","R","B"],"character_chosen":"IRONCLAD","items_purchased":["Happy Flower","Fire Potion","Metallicize","Whirlwind","SteroidPotion"],"campfire_rested":4,"item_purchase_floors":[7,7,28,29,29],"current_hp_per_floor":[49,48,50,50,27,49,49,47,47,42,42,34,28,19,41,18,61,66,59,58,31,10,32,32,32,32,54,54,54,54,44,44,0],"gold":132,"neow_bonus":"ONE_RARE_RELIC","is_prod":false,"is_daily":false,"chose_seed":false,"campfire_upgraded":4,"win_rate":0,"timestamp":1557838620,"path_taken":["M","M","?","?","?","R","$","E","T","E","R","M","?","M","R","BOSS","M","?","M","?","?","R","?","R","T","R","$","$","R","M","R","BOSS"],"build_version":"2019-01-23","purchased_purges":3,"victory":false,"max_hp_per_floor":[75,75,75,75,75,75,75,75,75,75,75,75,75,75,75,75,75,75,75,75,75,75,75,75,75,75,75,75,75,75,75,75,75],"card_choices":[{"not_picked":["Entrench","Headbutt"],"picked":"Clothesline","floor":1.0},{"not_picked":["Flex","Warcry"],"picked":"Sword Boomerang","floor":2.0},{"not_picked":["Clash","Cleave"],"picked":"Rampage","floor":3.0},{"not_picked":["Burning Pact","Perfected Strike","Warcry"],"picked":"SKIP","floor":8.0},{"not_picked":["Clash","Combust"],"picked":"Reckless Charge","floor":10.0},{"not_picked":["Rupture","Seeing Red","Pommel Strike"],"picked":"SKIP","floor":12.0},{"not_picked":["Headbutt","Shockwave"],"picked":"Shrug It Off","floor":13.0},{"not_picked":["Flame Barrier","Thunderclap"],"picked":"Shrug It Off","floor":14.0},{"not_picked":["Offering","Dark Embrace"],"picked":"Immolate","floor":16.0},{"not_picked":["Warcry","Second Wind","Sword Boomerang"],"picked":"SKIP","floor":18.0},{"not_picked":["Warcry","Second Wind","Sword Boomerang"],"picked":"SKIP","floor":18.0},{"not_picked":["Heavy Blade","Sentinel"],"picked":"Ghostly Armor+1","floor":20.0},{"not_picked":["Havoc","Cleave"],"picked":"Evolve","floor":21.0},{"not_picked":["Cleave","Armaments"],"picked":"Carnage","floor":31.0}],"player_experience":185881,"relics_obtained":[{"floor":8.0,"key":"Torii"},{"floor":9.0,"key":"WingedGreaves"},{"floor":10.0,"key":"MawBank"},{"floor":13.0,"key":"Odd Mushroom"},{"floor":22.0,"key":"Enchiridion"},{"floor":26.0,"key":"Mummified Hand"}],"event_choices":[{"damage_healed":0.0,"max_hp_gain":0.0,"max_hp_loss":0.0,"gold_gain":150.0,"event_name":"Liars Game","player_choice":"AGREE","floor":4.0,"gold_loss":0.0,"damage_taken":0.0,"cards_obtained":["Doubt"]},{"damage_healed":0.0,"max_hp_gain":0.0,"max_hp_loss":0.0,"gold_gain":0.0,"event_name":"Shining Light","player_choice":"Entered Light","floor":5.0,"gold_loss":0.0,"damage_taken":23.0,"cards_upgraded":["Strike_R","Strike_R"]},{"damage_healed":0.0,"max_hp_gain":0.0,"max_hp_loss":0.0,"gold_gain":0.0,"event_name":"Mushrooms","player_choice":"Fought Mushrooms","floor":13.0,"gold_loss":0.0,"damage_taken":0.0},{"damage_healed":0.0,"max_hp_gain":0.0,"max_hp_loss":0.0,"gold_gain":50.0,"event_name":"FaceTrader","player_choice":"Touch","floor":19.0,"gold_loss":0.0,"damage_taken":7.0},{"damage_healed":0.0,"max_hp_gain":0.0,"max_hp_loss":0.0,"gold_gain":0.0,"event_name":"Cursed Tome","player_choice":"Obtained Book","floor":22.0,"gold_loss":0.0,"damage_taken":21.0},{"damage_healed":0.0,"max_hp_gain":0.0,"max_hp_loss":0.0,"gold_gain":0.0,"event_name":"Forgotten Altar","player_choice":"Smashed Altar","floor":24.0,"gold_loss":0.0,"damage_taken":0.0,"cards_obtained":["Decay"]}],"is_beta":false,"boss_relics":[{"not_picked":["Calling Bell","Philosopher\u0027s Stone"],"picked":"Cursed Key"}],"items_purged_floors":[7,28,29],"is_endless":false,"potions_floor_spawned":[3,8,12,13,14,16,18,31],"killed_by":"Collector","ascension_level":20}