{"gold_per_floor":[110,121,139,150,164,197,197,212,258,274,294,324,358,376,376,376],"floor_reached":16,"playtime":982,"items_purged":[],"score":236,"play_id":"040c5f35-51a5-4602-ba93-9511a831a775","local_time":"20190607144150","is_ascension_mode":true,"campfire_choices":[{"floor":7.0,"key":"REST"},{"floor":15.0,"key":"REST"}],"neow_cost":"NONE","seed_source_timestamp":1371372014426879,"circlet_count":0,"master_deck":["AscendersBane","Defend_G","Defend_G","Defend_G","Defend_G","Defend_G","Strike_G","Strike_G","Strike_G","Strike_G","Strike_G","Survivor","Neutralize","Sucker Punch","Predator","Backstab","Blur","PiercingWail","Backflip","Well Laid Plans","Backflip","Bouncing Flask"],"special_seed":0,"relics":["Ring of the Snake","Orichalcum","Bag of Preparation","Blood Vial","Odd Mushroom","Blue Candle"],"potions_floor_usage":[16],"damage_taken":[{"damage":1.0,"enemies":"2 Louse","floor":1.0,"turns":3.0},{"damage":3.0,"enemies":"Jaw Worm","floor":2.0,"turns":3.0},{"damage":0.0,"enemies":"Cultist","floor":3.0,"turns":3.0},{"damage":12.0,"enemies":"Large Slime","floor":4.0,"turns":6.0},{"damage":11.0,"enemies":"Exordium Wildlife","floor":5.0,"turns":4.0},{"damage":29.0,"enemies":"Lagavulin","floor":6.0,"turns":7.0},{"damage":0.0,"enemies":"Blue Slaver","floor":8.0,"turns":3.0},{"damage":7.0,"enemies":"Gremlin Gang","floor":10.0,"turns":6.0},{"damage":0.0,"enemies":"Large Slime","floor":11.0,"turns":6.0},{"damage":13.0,"enemies":"The Mushroom Lair","floor":12.0,"turns":6.0},{"damage":10.0,"enemies":"Gremlin Nob","floor":13.0,"turns":4.0},{"damage":1.0,"enemies":"Looter","floor":14.0,"turns":3.0},{"damage":38,"enemies":"Slime Boss","floor":16,"turns":8}],"seed_played":"-1506866822056556557","potions_obtained":[{"floor":2.0,"key":"Regen Potion"},{"floor":4.0,"key":"SpeedPotion"},{"floor":8.0,"key":"FearPotion"},{"floor":10.0,"key":"Energy Potion"},{"floor":11.0,"key":"Strength Potion"},{"floor":14.0,"key":"FearPotion"}],"is_trial":false,"path_per_floor":["M","M","M","M","M","E","R","M","T","M","M","?","E","M","R","B"],"character_chosen":"THE_SILENT","items_purchased":[],"campfire_rested":2,"item_purchase_floors":[],"current_hp_per_floor":[58,55,55,43,32,18,37,37,37,32,34,23,15,16,35,0],"gold":376,"neow_bonus":"RANDOM_COMMON_RELIC","is_prod":false,"is_daily":false,"chose_seed":false,"campfire_upgraded":0,"win_rate":0,"timestamp":1559943710,"path_taken":["M","M","M","M","M","E","R","M","T","M","M","?","E","M","R","BOSS"],"build_version":"2019-01-23","purchased_purges":0,"victory":false,"max_hp_per_floor":[66,66,66,66,66,66,66,66,66,66,66,66,66,66,66,66],"card_choices":[{"not_picked":["Slice","Prepared"],"picked":"Sucker Punch","floor":1.0},{"not_picked":["Underhanded Strike","Reflex","Quick Slash"],"picked":"SKIP","floor":2.0},{"not_picked":["Underhanded Strike","Slice"],"picked":"Predator","floor":3.0},{"not_picked":["Cloak And Dagger","Flying Knee"],"picked":"Backstab","floor":4.0},{"not_picked":["Bane","Deflect"],"picked":"Blur","floor":5.0},{"not_picked":["Blade Dance","Skewer","Grand Finale"],"picked":"SKIP","floor":6.0},{"not_picked":["Bane","Outmaneuver"],"picked":"PiercingWail","floor":8.0},{"not_picked":["Calculated Gamble","Prepared"],"picked":"Backflip","floor":10.0},{"not_picked":["Underhanded Strike","Setup"],"picked":"Well Laid Plans","floor":11.0},{"not_picked":["Dagger Throw","Quick Slash"],"picked":"Backflip","floor":12.0},{"not_picked":["Terror","Flying Knee"],"picked":"Bouncing Flask","floor":13.0},{"not_picked":["Eviscerate","Sucker Punch","Backflip"],"picked":"SKIP","floor":14.0}],"player_experience":833285,"relics_obtained":[{"floor":6.0,"key":"Bag of Preparation"},{"floor":9.0,"key":"Blood Vial"},{"floor":12.0,"key":"Odd Mushroom"},{"floor":13.0,"key":"Blue Candle"}],"event_choices":[{"damage_healed":0.0,"max_hp_gain":0.0,"max_hp_loss":0.0,"gold_gain":0.0,"event_name":"Mushrooms","player_choice":"Fought Mushrooms","floor":12.0,"gold_loss":0.0,"damage_taken":0.0}],"is_beta":false,"boss_relics":[],"items_purged_floors":[],"is_endless":false,"potions_floor_spawned":[2,4,8,10,11,14],"killed_by":"Slime Boss","ascension_level":20}