{"gold_per_floor":[218,231,247,262,7,7,36,55,55,73,99,174,190,219,219,296,296,308,17,35,395,406,406,423,433,506,523,538,538],"floor_reached":29,"playtime":1649,"items_purged":["Strike_R","Strike_R"],"score":442,"play_id":"a258f6d6-25df-4b8a-b572-fa2cbbabca0f","local_time":"20190410223617","is_ascension_mode":true,"campfire_choices":[{"data":"Apotheosis","floor":6.0,"key":"SMITH"},{"data":"Metallicize","floor":15,"key":"SMITH"},{"floor":23,"key":"REST"}],"neow_cost":"NONE","seed_source_timestamp":72837702880,"circlet_count":0,"master_deck":["AscendersBane","Strike_R","Strike_R","Strike_R","Defend_R","Defend_R","Defend_R","Defend_R","Bash","Whirlwind","Carnage","Spot Weakness","Apotheosis+1","True Grit","Disarm","Battle Trance","Metallicize+1","Battle Trance","Immolate","Anger","Shockwave"],"special_seed":0,"relics":["Burning Blood","Turnip","Pantograph","Self Forming Clay","Potion Belt","Black Star","ClockworkSouvenir"],"potions_floor_usage":[11,14,14,25,29,29],"damage_taken":[{"damage":1.0,"enemies":"Cultist","floor":1.0,"turns":3.0},{"damage":6.0,"enemies":"Jaw Worm","floor":2.0,"turns":5.0},{"damage":5.0,"enemies":"Small Slimes","floor":3.0,"turns":2.0},{"damage":4.0,"enemies":"Red Slaver","floor":4.0,"turns":5.0},{"damage":20.0,"enemies":"Lagavulin","floor":7.0,"turns":6.0},{"damage":0.0,"enemies":"3 Louse","floor":8.0,"turns":3.0},{"damage":0.0,"enemies":"Lots of Slimes","floor":10.0,"turns":1.0},{"damage":20,"enemies":"3 Sentries","floor":11,"turns":4},{"damage":7,"enemies":"Looter","floor":13,"turns":4},{"damage":16,"enemies":"Lagavulin","floor":14,"turns":5},{"damage":28,"enemies":"Slime Boss","floor":16,"turns":9},{"damage":6,"enemies":"Spheric Guardian","floor":18,"turns":8},{"damage":11,"enemies":"Chosen","floor":20,"turns":7},{"damage":26,"enemies":"Snake Plant","floor":22,"turns":5},{"damage":13,"enemies":"Cultist and Chosen","floor":24,"turns":5},{"damage":11,"enemies":"Sentry and Sphere","floor":25,"turns":5},{"damage":3,"enemies":"3 Cultists","floor":27,"turns":4},{"damage":22,"enemies":"Snecko","floor":28,"turns":6},{"damage":22,"enemies":"Book of Stabbing","floor":29,"turns":2}],"seed_played":"8284116727248637975","potions_obtained":[{"floor":2.0,"key":"SteroidPotion"},{"floor":3.0,"key":"Regen Potion"},{"floor":11,"key":"FearPotion"},{"floor":20,"key":"GamblersBrew"},{"floor":22,"key":"Poison Potion"},{"floor":28,"key":"Poison Potion"}],"is_trial":false,"path_per_floor":["M","M","M","M","$","R","E","M","T","M","E","?","M","E","R","B",null,"M","$","M","?","M","R","M","M","T","M","M","E"],"character_chosen":"IRONCLAD","items_purchased":["Apotheosis","ClockworkSouvenir"],"campfire_rested":1,"item_purchase_floors":[5,19],"current_hp_per_floor":[77,77,78,80,80,80,66,72,72,78,64,53,52,56,56,58,75,75,75,70,30,10,34,27,22,22,25,9,0],"gold":538,"neow_bonus":"HUNDRED_GOLD","is_prod":false,"is_daily":false,"chose_seed":false,"campfire_upgraded":2,"win_rate":0,"timestamp":1554928577,"path_taken":["M","?","M","M","$","R","E","M","T","M","E","?","M","E","R","BOSS","M","$","M","?","?","R","M","M","T","M","M","E"],"build_version":"2019-01-23","purchased_purges":2,"victory":false,"max_hp_per_floor":[80,80,80,80,80,80,80,80,80,80,80,80,80,80,80,80,80,80,80,80,80,80,80,80,80,80,80,80,80],"card_choices":[{"not_picked":["Thunderclap","Warcry"],"picked":"Whirlwind","floor":1.0},{"not_picked":["Fire Breathing","Pommel Strike"],"picked":"Carnage","floor":2.0},{"not_picked":["Feel No Pain","Flex"],"picked":"Spot Weakness","floor":3.0},{"not_picked":["Cleave","Flex","Heavy Blade"],"picked":"SKIP","floor":4.0},{"not_picked":["Reckless Charge","Iron Wave"],"picked":"True Grit","floor":7.0},{"not_picked":["Ghostly Armor","Clash"],"picked":"Disarm","floor":8.0},{"not_picked":["Flex","Evolve","Combust"],"picked":"SKIP","floor":10.0},{"not_picked":["Thunderclap","Pummel"],"picked":"Battle Trance","floor":11},{"not_picked":["Power Through","True Grit"],"picked":"Metallicize","floor":13},{"not_picked":["Heavy Blade","Clash"],"picked":"Battle Trance","floor":14},{"not_picked":["Dark Embrace","Fiend Fire"],"picked":"Immolate","floor":16},{"not_picked":["Dual Wield","Iron Wave","Armaments"],"picked":"SKIP","floor":18},{"not_picked":["Clash","Carnage","Reckless Charge"],"picked":"SKIP","floor":20},{"not_picked":["Pommel Strike+1","Flex"],"picked":"Anger","floor":22},{"not_picked":["Sword Boomerang","Exhume","Wild Strike"],"picked":"SKIP","floor":24},{"not_picked":["Clash","Sword Boomerang"],"picked":"Shockwave","floor":25},{"not_picked":["Havoc","Battle Trance","Uppercut"],"picked":"SKIP","floor":27},{"not_picked":["Cleave","Iron Wave","Flex"],"picked":"SKIP","floor":28}],"player_experience":118150,"relics_obtained":[{"floor":7.0,"key":"Turnip"},{"floor":9.0,"key":"Pantograph"},{"floor":11,"key":"Self Forming Clay"},{"floor":14,"key":"Potion Belt"}],"event_choices":[{"damage_healed":0,"gold_gain":75,"player_choice":"Gather Gold","damage_taken":11,"max_hp_gain":0,"max_hp_loss":0,"event_name":"World of Goop","floor":12,"gold_loss":0},{"damage_healed":0,"gold_gain":360,"player_choice":"GOLD GOLD GOLD GOLD ","damage_taken":40,"max_hp_gain":0,"max_hp_loss":0,"event_name":"Knowing Skull","floor":21,"potions_obtained":[],"gold_loss":0,"cards_obtained":[]}],"is_beta":false,"boss_relics":[{"not_picked":["Runic Cube","Pandora\u0027s Box"],"picked":"Black Star"}],"items_purged_floors":[5,19],"is_endless":false,"potions_floor_spawned":[2,3,11,13,20,22,28],"killed_by":"Book of Stabbing","ascension_level":13}