{"gold_per_floor":[110,120,120,132,145,145,145,145,145,145,163,173,186,203,203,278,278,293,147,167,180,95,95,27,41,41,41,41,41,60,90,90,167,167,183,283,283,296,307,307,307,307,307,320,320,1,1,19,19,19],"floor_reached":51,"playtime":2954,"items_purged":["Parasite"],"score":1216,"play_id":"90d572b6-e99f-4e53-a0e7-0611c21d029b","local_time":"20190514141237","is_ascension_mode":true,"campfire_choices":[{"floor":6.0,"key":"DIG"},{"floor":8.0,"key":"DIG"},{"floor":10.0,"key":"DIG"},{"floor":15.0,"key":"DIG"},{"floor":23.0,"key":"DIG"},{"floor":27.0,"key":"DIG"},{"floor":32.0,"key":"DIG"},{"floor":40.0,"key":"DIG"},{"floor":45.0,"key":"DIG"},{"floor":49,"key":"DIG"}],"neow_cost":"PERCENT_DAMAGE","seed_source_timestamp":21418400074531,"circlet_count":0,"master_deck":["AscendersBane","Bash","Carnage","Anger","Pommel Strike","Clothesline","Inflame","Disarm+1","Armaments+1","Pummel","Impervious+1","Pommel Strike","Flame Barrier+1","Reaper","Fiend Fire","Clothesline","Ghostly Armor+1","Evolve","Rage+1","Power Through+1","Apotheosis+1","Body Slam","Entrench+1","Feel No Pain","True Grit+1","Havoc+1","Limit Break+1","Burning Pact+1","Headbutt","Battle Trance+1"],"special_seed":0,"relics":["Burning Blood","Shovel","The Courier","Blood Vial","Pocketwatch","Torii","Strawberry","Toxic Egg 2","Pandora\u0027s Box","Darkstone Periapt","Smiling Mask","Regal Pillow","Anchor","Mercury Hourglass","Orichalcum","Paper Frog","Cursed Key","WingedGreaves","Potion Belt","Vajra","Art of War","Membership Card","War Paint","Happy Flower"],"potions_floor_usage":[50,50,50],"damage_taken":[{"damage":18.0,"enemies":"Jaw Worm","floor":1.0,"turns":6.0},{"damage":0.0,"enemies":"Cultist","floor":2.0,"turns":2.0},{"damage":7.0,"enemies":"Small Slimes","floor":4.0,"turns":3.0},{"damage":8.0,"enemies":"3 Louse","floor":5.0,"turns":3.0},{"damage":2.0,"enemies":"2 Fungi Beasts","floor":11.0,"turns":4.0},{"damage":13.0,"enemies":"Blue Slaver","floor":12.0,"turns":3.0},{"damage":7.0,"enemies":"Lots of Slimes","floor":13.0,"turns":4.0},{"damage":2.0,"enemies":"Looter","floor":14.0,"turns":3.0},{"damage":9.0,"enemies":"Hexaghost","floor":16.0,"turns":8.0},{"damage":3.0,"enemies":"Shell Parasite","floor":18.0,"turns":6.0},{"damage":13.0,"enemies":"2 Thieves","floor":20.0,"turns":4.0},{"damage":2.0,"enemies":"Cultist and Chosen","floor":21.0,"turns":5.0},{"damage":22.0,"enemies":"3 Cultists","floor":25.0,"turns":6.0},{"damage":0.0,"enemies":"Sentry and Sphere","floor":30.0,"turns":5.0},{"damage":9.0,"enemies":"Slavers","floor":31.0,"turns":5.0},{"damage":51.0,"enemies":"Automaton","floor":33.0,"turns":10.0},{"damage":1.0,"enemies":"3 Shapes","floor":35.0,"turns":4.0},{"damage":0.0,"enemies":"Mind Bloom Boss Battle","floor":36.0,"turns":4.0},{"damage":0.0,"enemies":"Orb Walker","floor":38.0,"turns":2.0},{"damage":2.0,"enemies":"Transient","floor":39.0,"turns":6.0},{"damage":34.0,"enemies":"Sphere and 2 Shapes","floor":44.0,"turns":6.0},{"damage":0,"enemies":"Spire Growth","floor":48,"turns":3},{"damage":26,"enemies":"Awakened One","floor":50,"turns":10}],"seed_played":"8781956586322999221","potions_obtained":[{"floor":1.0,"key":"PowerPotion"},{"floor":2.0,"key":"BloodPotion"},{"floor":4.0,"key":"SmokeBomb"},{"floor":13.0,"key":"EssenceOfSteel"},{"floor":20.0,"key":"SkillPotion"},{"floor":31.0,"key":"Ancient Potion"},{"floor":33.0,"key":"Dexterity Potion"},{"floor":44.0,"key":"SpeedPotion"},{"floor":48,"key":"Regen Potion"}],"is_trial":false,"path_per_floor":["M","M","?","M","M","R","?","R","T","R","M","M","M","M","R","B",null,"M","$","M","M","?","R","$","M","T","R","?","?","M","E","R","B",null,"M","?","?","M","M","R","$","$","T","M","R","$","?","M","R","B",null],"character_chosen":"IRONCLAD","items_purchased":["Apotheosis+1","Feel No Pain","Membership Card","War Paint","PowerPotion"],"campfire_rested":0,"item_purchase_floors":[19,24,46,46,46],"current_hp_per_floor":[38,44,44,50,48,48,30,30,30,37,43,38,39,45,45,44,73,82,82,75,82,82,82,82,66,66,66,66,66,78,77,77,38,71,78,82,82,82,82,82,82,82,88,60,60,60,60,68,68,66],"gold":19,"neow_bonus":"ONE_RARE_RELIC","is_prod":false,"is_daily":false,"chose_seed":false,"campfire_upgraded":0,"win_rate":0,"timestamp":1557835957,"path_taken":["M","M","?","M","?","R","?","R","T","R","M","M","M","M","R","BOSS","M","$","M","M","?","R","$","M","T","R","?","?","?","E","R","BOSS","M","?","?","M","M","R","$","$","T","M","R","$","?","?","R","BOSS"],"build_version":"2019-01-23","purchased_purges":1,"victory":true,"max_hp_per_floor":[75,75,75,75,75,75,75,75,75,82,82,82,82,82,82,82,82,82,82,82,82,82,82,82,82,82,82,82,82,82,82,82,82,82,82,82,82,82,82,82,82,82,88,88,88,85,85,85,85,85],"card_choices":[{"not_picked":["Hemokinesis","Warcry"],"picked":"Carnage","floor":1.0},{"not_picked":["Reckless Charge","Headbutt"],"picked":"Anger","floor":2.0},{"not_picked":["Searing Blow","Shockwave"],"picked":"Pommel Strike","floor":4.0},{"not_picked":["Havoc","Headbutt"],"picked":"Clothesline","floor":5.0},{"not_picked":["Second Wind","Perfected Strike"],"picked":"Inflame","floor":11.0},{"not_picked":["Bloodletting","Bludgeon"],"picked":"Disarm","floor":12.0},{"not_picked":["Thunderclap","Rampage"],"picked":"Armaments","floor":13.0},{"not_picked":["Anger","Pommel Strike"],"picked":"Pummel","floor":14.0},{"not_picked":["Barricade","Fiend Fire"],"picked":"Impervious+1","floor":16.0},{"not_picked":["Inflame","Clash"],"picked":"Power Through+1","floor":18.0},{"not_picked":["Thunderclap","Heavy Blade"],"picked":"Body Slam","floor":20.0},{"not_picked":["Heavy Blade","Infernal Blade+1"],"picked":"Entrench+1","floor":21.0},{"not_picked":["Iron Wave","Sword Boomerang"],"picked":"Warcry+1","floor":25.0},{"not_picked":["Shockwave+1","Combust"],"picked":"True Grit+1","floor":30.0},{"not_picked":["Whirlwind","Rage+1"],"picked":"Havoc+1","floor":31.0},{"not_picked":["Berserk","Demon Form"],"picked":"Limit Break+1","floor":33.0},{"not_picked":["Cleave","Wild Strike","Iron Wave+1"],"picked":"SKIP","floor":35.0},{"not_picked":["Perfected Strike","Feel No Pain"],"picked":"Burning Pact+1","floor":36.0},{"not_picked":["Clash","Body Slam","Brutality"],"picked":"SKIP","floor":38.0},{"not_picked":["Twin Strike+1","Sever Soul","Metallicize"],"picked":"SKIP","floor":39.0},{"not_picked":["Cleave+1","Heavy Blade"],"picked":"Headbutt","floor":44.0},{"not_picked":["Cleave+1","Clash+1"],"picked":"Battle Trance+1","floor":48}],"player_experience":182927,"relics_obtained":[{"floor":6.0,"key":"The Courier"},{"floor":8.0,"key":"Pocketwatch"},{"floor":9.0,"key":"Torii"},{"floor":10.0,"key":"Strawberry"},{"floor":15.0,"key":"Toxic Egg 2"},{"floor":23.0,"key":"Smiling Mask"},{"floor":26.0,"key":"Regal Pillow"},{"floor":27.0,"key":"Anchor"},{"floor":31.0,"key":"Orichalcum"},{"floor":32.0,"key":"Paper Frog"},{"floor":36.0,"key":"WingedGreaves"},{"floor":40.0,"key":"Potion Belt"},{"floor":43.0,"key":"Vajra"},{"floor":45.0,"key":"Art of War"},{"floor":49,"key":"Happy Flower"}],"event_choices":[{"cards_removed":["Strike_R"],"damage_healed":0.0,"max_hp_gain":0.0,"max_hp_loss":0.0,"gold_gain":0.0,"event_name":"Bonfire Elementals","player_choice":"Offered Basic","floor":3.0,"gold_loss":0.0,"damage_taken":0.0},{"damage_healed":0.0,"max_hp_gain":0.0,"max_hp_loss":0.0,"gold_gain":0.0,"event_name":"Scrap Ooze","player_choice":"Success","floor":7.0,"gold_loss":0.0,"damage_taken":18.0,"relics_obtained":["Blood Vial"]},{"damage_healed":0.0,"max_hp_gain":0.0,"max_hp_loss":0.0,"gold_gain":0.0,"event_name":"Addict","player_choice":"Obtained Relic","floor":22.0,"gold_loss":85.0,"damage_taken":0.0,"relics_obtained":["Darkstone Periapt"]},{"damage_healed":0.0,"max_hp_gain":0.0,"max_hp_loss":0.0,"gold_gain":0.0,"event_name":"Vampires","player_choice":"Ignored","floor":28.0,"gold_loss":0.0,"damage_taken":0.0},{"damage_healed":0.0,"max_hp_gain":0.0,"max_hp_loss":0.0,"gold_gain":0.0,"event_name":"WeMeetAgain","player_choice":"Gave Potion","floor":29.0,"gold_loss":0.0,"damage_taken":0.0,"relics_obtained":["Mercury Hourglass"]},{"damage_healed":0.0,"max_hp_gain":0.0,"max_hp_loss":0.0,"gold_gain":0.0,"event_name":"MindBloom","player_choice":"Fight","floor":36.0,"gold_loss":0.0,"damage_taken":0.0},{"cards_removed":["Warcry"],"damage_healed":0.0,"max_hp_gain":0.0,"max_hp_loss":0.0,"gold_gain":0.0,"event_name":"Falling","player_choice":"Removed Skill","floor":37.0,"gold_loss":0.0,"damage_taken":0.0},{"damage_healed":0.0,"max_hp_gain":0.0,"max_hp_loss":0.0,"gold_gain":0.0,"event_name":"SecretPortal","player_choice":"Ignored","floor":47.0,"gold_loss":0.0,"damage_taken":0.0}],"is_beta":false,"boss_relics":[{"not_picked":["Black Star","Sozu"],"picked":"Pandora\u0027s Box"},{"not_picked":["Calling Bell","Runic Pyramid"],"picked":"Cursed Key"}],"items_purged_floors":[46],"is_endless":false,"potions_floor_spawned":[1,2,4,13,20,31,33,35,44,48],"ascension_level":19}