{"gold_per_floor":[111,111,125,300,0,35,35,52,52,71,87,87,87,87,87,216,216,234,234,333,349,35,35,35,35,35,35,59,72,88,112,112,112],"floor_reached":33,"playtime":2614,"items_purged":["Doubt"],"score":247,"play_id":"ea1d187e-7763-42f1-9d7f-c6be037b60ee","local_time":"20181017153056","is_ascension_mode":false,"campfire_choices":[{"floor":7,"key":"REST"},{"data":"Cleave","floor":13,"key":"SMITH"},{"floor":15,"key":"REST"},{"data":"Combust","floor":23,"key":"SMITH"},{"data":"Inflame","floor":25,"key":"SMITH"},{"data":"Reaper","floor":27,"key":"SMITH"},{"floor":32,"key":"REST"}],"neow_cost":"","seed_source_timestamp":318061915778585,"circlet_count":0,"master_deck":["Strike_R","Strike_R","Strike_R","Strike_R","Defend_R","Defend_R","Defend_R","Defend_R","Bash","Cleave+1","Clothesline","Battle Trance","Dual Wield","Inflame+1","Iron Wave","Reaper+1","Anger+1","Whirlwind+1","Combust+1","Seeing Red","Second Wind","Headbutt","Rage"],"relics":["Burning Blood","Happy Flower","Sundial","Anchor","Golden Idol","Empty Cage","Ornamental Fan","Matryoshka"],"potions_floor_usage":[18,18,21,33],"damage_taken":[{"damage":3,"enemies":"2 Louse","floor":1,"turns":4},{"damage":10,"enemies":"Small Slimes","floor":3,"turns":3},{"damage":44,"enemies":"3 Sentries","floor":6,"turns":7},{"damage":1,"enemies":"Cultist","floor":8,"turns":3},{"damage":19,"enemies":"Gremlin Gang","floor":10,"turns":5},{"damage":3,"enemies":"2 Fungi Beasts","floor":11,"turns":4},{"damage":43,"enemies":"Slime Boss","floor":16,"turns":10},{"damage":44,"enemies":"3 Byrds","floor":18,"turns":6},{"damage":17,"enemies":"2 Thieves","floor":21,"turns":4},{"damage":17,"enemies":"Snecko","floor":28,"turns":4},{"damage":24,"enemies":"Centurion and Healer","floor":29,"turns":7},{"damage":6,"enemies":"3 Cultists","floor":30,"turns":3},{"damage":14,"enemies":"Snecko","floor":31,"turns":4},{"damage":96,"enemies":"Automaton","floor":33,"turns":7}],"seed_played":"-8579856157457156217","potions_obtained":[{"floor":1,"key":"LiquidBronze"},{"floor":6,"key":"Swift Potion"},{"floor":10,"key":"FearPotion"},{"floor":18,"key":"Fire Potion"},{"floor":29,"key":"Energy Potion"},{"floor":30,"key":"SmokeBomb"}],"is_trial":false,"path_per_floor":["M","$","M","?","$","E","R","M","T","M","M","$","R","?","R","B",null,"M","$","?","M","$","R","?","R","T","R","M","M","M","M","R"],"character_chosen":"IRONCLAD","items_purchased":["Battle Trance","Happy Flower","Ornamental Fan","Combust"],"campfire_rested":3,"item_purchase_floors":[5,5,22,22],"current_hp_per_floor":[80,80,76,76,76,38,62,67,67,54,57,57,57,57,80,43,80,46,46,46,45,45,45,71,71,71,71,67,65,65,57,80,0],"gold":112,"neow_bonus":"","is_prod":false,"is_daily":false,"chose_seed":false,"campfire_upgraded":4,"win_rate":0.0,"timestamp":1539783056,"path_taken":["M","$","M","?","$","E","R","M","T","M","?","$","R","?","R","BOSS","M","$","?","M","$","R","?","R","T","R","M","M","?","M","R","BOSS"],"build_version":"2018-10-11","purchased_purges":1,"victory":false,"max_hp_per_floor":[80,80,80,80,80,80,80,80,80,80,80,80,80,80,80,80,80,80,80,80,80,80,80,80,80,80,80,80,80,80,80,80,80],"card_choices":[{"not_picked":["Reckless Charge","Anger"],"picked":"Cleave","floor":1},{"not_picked":["Second Wind","Twin Strike"],"picked":"Clothesline","floor":3},{"not_picked":["Bloodletting","Brutality"],"picked":"Dual Wield","floor":6},{"not_picked":["Twin Strike","Flex"],"picked":"Inflame","floor":8},{"not_picked":["Twin Strike","Rupture"],"picked":"Iron Wave","floor":10},{"not_picked":["Rupture","Flex","True Grit"],"picked":"SKIP","floor":11},{"not_picked":["Limit Break","Impervious"],"picked":"Reaper","floor":16},{"not_picked":["Body Slam","Disarm"],"picked":"Anger+1","floor":18},{"not_picked":["Thunderclap+1","Rupture"],"picked":"Whirlwind+1","floor":21},{"not_picked":["True Grit","Body Slam+1"],"picked":"Seeing Red","floor":28},{"not_picked":["Iron Wave","Cleave"],"picked":"Second Wind","floor":29},{"not_picked":["Thunderclap","Pommel Strike"],"picked":"Headbutt","floor":30},{"not_picked":["Clash","Heavy Blade"],"picked":"Rage","floor":31}],"player_experience":20863,"relics_obtained":[{"floor":6,"key":"Sundial"},{"floor":9,"key":"Anchor"},{"floor":26,"key":"Matryoshka"}],"event_choices":[{"event_name":"Liars Game","player_choice":"agreed","floor":4,"damage_taken":0},{"event_name":"Golden Idol","player_choice":"Take Wound","floor":14,"damage_taken":0},{"event_name":"Nest","player_choice":"Stole From Cult","floor":20,"damage_taken":0},{"event_name":"The Library","player_choice":"Heal","floor":24,"damage_taken":0}],"is_beta":false,"boss_relics":[{"not_picked":["Busted Crown","Runic Pyramid"],"picked":"Empty Cage"}],"items_purged_floors":[5],"is_endless":false,"potions_floor_spawned":[1,6,10,18,29,30],"killed_by":"Automaton","ascension_level":0}