{"gold_per_floor":[116,128,303,303,303,331,331,358,358,370,386,386,406,418,418,418],"floor_reached":16,"playtime":1232,"items_purged":[],"score":117,"play_id":"d8b45494-fd1e-40b1-a216-3a9b943ec32b","local_time":"20180914224818","is_ascension_mode":true,"campfire_choices":[{"floor":7,"key":"REST"},{"floor":12,"key":"REST"},{"floor":15,"key":"REST"}],"neow_cost":"NONE","seed_source_timestamp":53469600189192,"circlet_count":0,"master_deck":["Strike_B","Strike_B","Strike_B","Defend_B","Defend_B","Defend_B","Defend_B","Zap","Dualcast","Genetic Algorithm+1","Redo","Doubt","Skim","Sunder","Storm","Hologram","Conserve Battery"],"relics":["Snecko Eye","Blood Vial","Pen Nib","Matryoshka"],"potions_floor_usage":[6,10],"damage_taken":[{"damage":0,"enemies":"Small Slimes","floor":1,"turns":3},{"damage":2,"enemies":"Jaw Worm","floor":2,"turns":6},{"damage":39,"enemies":"Gremlin Nob","floor":6,"turns":5},{"damage":1,"enemies":"Cultist","floor":10,"turns":4},{"damage":24,"enemies":"Large Slime","floor":11,"turns":5},{"damage":18,"enemies":"Exordium Wildlife","floor":13,"turns":5},{"damage":10,"enemies":"2 Fungi Beasts","floor":14,"turns":3},{"damage":56,"enemies":"Slime Boss","floor":16,"turns":9}],"seed_played":"-5241408190523175415","potions_obtained":[{"floor":2,"key":"Block Potion"},{"floor":6,"key":"Swift Potion"}],"is_trial":false,"path_per_floor":["M","M","?","?","?","E","R","T","T","M","M","R","M","M","R"],"character_chosen":"DEFECT","items_purchased":[],"campfire_rested":3,"item_purchase_floors":[],"current_hp_per_floor":[75,73,73,73,66,27,49,49,49,50,28,50,34,26,48,0],"gold":418,"neow_bonus":"BOSS_RELIC","is_prod":false,"is_daily":false,"chose_seed":false,"campfire_upgraded":0,"win_rate":0,"timestamp":1536958098,"path_taken":["M","M","?","?","?","E","R","?","T","?","M","R","M","M","R","BOSS"],"build_version":"2018-09-12","purchased_purges":0,"victory":false,"max_hp_per_floor":[75,75,75,75,75,75,75,75,75,75,75,75,75,75,75,75],"card_choices":[{"not_picked":["Steam","Hologram"],"picked":"Genetic Algorithm","floor":1},{"not_picked":["Sweeping Beam","Ball Lightning"],"picked":"Redo","floor":2},{"not_picked":["Redo","Core Surge"],"picked":"Skim","floor":6},{"not_picked":["Conserve Battery","Leap"],"picked":"Sunder","floor":10},{"not_picked":["Ball Lightning","Reprogram"],"picked":"Storm","floor":11},{"not_picked":["Barrage","Beam Cell"],"picked":"Hologram","floor":13},{"not_picked":["Barrage","Stack"],"picked":"Conserve Battery","floor":14}],"player_experience":188201,"relics_obtained":[{"floor":6,"key":"Blood Vial"},{"floor":8,"key":"Pen Nib"},{"floor":9,"key":"Matryoshka"}],"event_choices":[{"event_name":"Liars Game","player_choice":"agreed","floor":3,"damage_taken":0},{"event_name":"Living Wall","player_choice":"Grow","floor":4,"damage_taken":0},{"event_name":"Golden Wing","player_choice":"Card Removal","floor":5,"damage_taken":0}],"is_beta":true,"boss_relics":[],"items_purged_floors":[],"is_endless":false,"potions_floor_spawned":[2,6],"killed_by":"Slime Boss","ascension_level":3}