{"gold_per_floor":[115,26,26,26,101,136,136,165,247,247,280,303,331,0,0,77,77,91,110,110,10,25,25,42,75,75,101,120,137,12,24,24,99,99,119,119,133,152,152,152,186,186,213,213,46,268,268,96,96,96,96,96,96,42,69,69],"floor_reached":56,"playtime":3173,"items_purged":["Strike_G","Pain","Masterful Stab"],"score":2059,"play_id":"94b425ee-a34a-4297-aaee-c7a1c2755889","local_time":"20190607162602","is_ascension_mode":true,"campfire_choices":[{"data":"Predator","floor":7.0,"key":"SMITH"},{"data":"Neutralize","floor":10.0,"key":"SMITH"},{"data":"Apotheosis","floor":15.0,"key":"SMITH"},{"floor":23.0,"key":"REST"},{"floor":32.0,"key":"REST"},{"floor":40,"key":"RECALL"},{"data":"Bullet Time","floor":42,"key":"SMITH"},{"data":"Bullet Time","floor":44,"key":"SMITH"},{"data":"Glass Knife","floor":49,"key":"SMITH"},{"data":"Footwork","floor":53,"key":"SMITH"}],"neow_cost":"NONE","seed_source_timestamp":1375510243408938,"circlet_count":0,"master_deck":["AscendersBane","Survivor+1","Neutralize+1","Predator+1","Crippling Poison+1","Prepared","Bullet Time+1","Riddle With Holes","Doppelganger","Apotheosis+1","Footwork+1","Doppelganger","Glass Knife+1","Footwork","Footwork","Backflip","Predator","Skewer","Backflip+1","Outmaneuver","Bouncing Flask","Footwork","Adrenaline+1","Backflip","Dash","Cloak And Dagger","A Thousand Cuts","Acrobatics+1","Bullet Time+1","Catalyst","Escape Plan","Adrenaline","Backflip","Footwork"],"special_seed":0,"relics":["Ring of the Snake","NeowsBlessing","Vajra","Ice Cream","Paper Crane","Boot","PreservedInsect","Bronze Scales","Pandora\u0027s Box","WarpedTongs","Ginger","Question Card","Red Mask","Eternal Feather","Pantograph","Art of War","War Paint","Blood Vial"],"potions_floor_usage":[51,56],"damage_taken":[{"damage":0.0,"enemies":"2 Louse","floor":1.0,"turns":1.0},{"damage":0.0,"enemies":"3 Sentries","floor":6.0,"turns":1.0},{"damage":0.0,"enemies":"Lagavulin","floor":8.0,"turns":1.0},{"damage":21.0,"enemies":"Gremlin Nob","floor":11.0,"turns":4.0},{"damage":12.0,"enemies":"3 Sentries","floor":13.0,"turns":6.0},{"damage":6.0,"enemies":"Slime Boss","floor":16.0,"turns":9.0},{"damage":6.0,"enemies":"3 Byrds","floor":18.0,"turns":2.0},{"damage":11.0,"enemies":"2 Thieves","floor":19.0,"turns":3.0},{"damage":6.0,"enemies":"Centurion and Healer","floor":22.0,"turns":5.0},{"damage":20.0,"enemies":"Cultist and Chosen","floor":24.0,"turns":5.0},{"damage":4.0,"enemies":"Book of Stabbing","floor":25.0,"turns":4.0},{"damage":23.0,"enemies":"Masked Bandits","floor":27.0,"turns":4.0},{"damage":0.0,"enemies":"Snecko","floor":28.0,"turns":2.0},{"damage":1.0,"enemies":"3 Cultists","floor":29.0,"turns":5.0},{"damage":0.0,"enemies":"Centurion and Healer","floor":31.0,"turns":3.0},{"damage":20.0,"enemies":"Collector","floor":33.0,"turns":9.0},{"damage":6.0,"enemies":"Orb Walker","floor":35.0,"turns":3.0},{"damage":0,"enemies":"3 Darklings","floor":37,"turns":3},{"damage":0,"enemies":"Jaw Worm Horde","floor":38,"turns":3},{"damage":0,"enemies":"Giant Head","floor":41,"turns":5},{"damage":30,"enemies":"Awakened One","floor":50,"turns":10},{"damage":31,"enemies":"Donu and Deca","floor":51,"turns":6},{"damage":47,"enemies":"Shield and Spear","floor":55,"turns":8},{"damage":46,"enemies":"The Heart","floor":56,"turns":5}],"seed_played":"7393376219755907475","potions_obtained":[{"floor":1.0,"key":"Fire Potion"},{"floor":11.0,"key":"Regen Potion"},{"floor":13.0,"key":"PowerPotion"},{"floor":19.0,"key":"EssenceOfSteel"},{"floor":22.0,"key":"FearPotion"},{"floor":27.0,"key":"Swift Potion"},{"floor":35.0,"key":"Regen Potion"},{"floor":37,"key":"LiquidBronze"},{"floor":55,"key":"SteroidPotion"}],"is_trial":false,"path_per_floor":["M","$","?","$","?","E","R","E","T","R","E","T","E","$","R","B",null,"M","M","?","$","M","R","M","E","T","?","M","M","$","M","R","B",null,"M","?","M","M","$","R","E","R","T","R","$","?","?","$","R","B","B",null,"R","$","E","B"],"character_chosen":"THE_SILENT","items_purchased":["Crippling Poison","Apotheosis","Footwork","Art of War","War Paint","Backflip"],"campfire_rested":2,"item_purchase_floors":[2,14,14,45,48,54],"current_hp_per_floor":[59,59,59,59,48,48,48,48,48,48,27,27,30,30,30,24,56,50,39,39,39,33,52,32,28,28,5,5,4,4,4,23,3,50,44,44,44,44,44,62,62,66,66,66,66,66,66,66,66,36,45,61,66,66,19,0],"gold":69,"neow_bonus":"THREE_ENEMY_KILL","is_prod":false,"is_daily":false,"chose_seed":false,"campfire_upgraded":7,"win_rate":0,"timestamp":1559949962,"path_taken":["M","$","?","?","?","E","R","E","T","R","E","?","E","$","R","BOSS","M","?","?","$","M","R","?","E","T","?","M","M","$","M","R","BOSS","M","?","?","M","?","R","E","R","T","R","$","?","?","$","R","BOSS","BOSS","R","$","E","BOSS"],"build_version":"2019-01-23","purchased_purges":3,"victory":false,"max_hp_per_floor":[66,66,66,66,66,66,66,66,66,66,66,66,66,66,66,66,66,66,66,66,66,66,66,66,66,66,66,66,66,66,66,66,66,66,66,66,66,66,66,66,66,66,66,66,66,66,66,66,66,66,66,66,66,66,66,66],"card_choices":[{"not_picked":["Deflect","Dagger Spray"],"picked":"Predator","floor":1.0},{"not_picked":["Terror","Sucker Punch"],"picked":"Prepared","floor":6.0},{"not_picked":["Finisher","Prepared"],"picked":"Bullet Time","floor":8.0},{"not_picked":["Masterful Stab","Quick Slash"],"picked":"Riddle With Holes","floor":11.0},{"not_picked":["Backstab","Flying Knee"],"picked":"Doppelganger","floor":13.0},{"not_picked":["Wraith Form v2","Tools of the Trade"],"picked":"Doppelganger","floor":16.0},{"not_picked":["Deadly Poison","Backstab"],"picked":"Bouncing Flask","floor":18.0},{"not_picked":["Infinite Blades","Slice"],"picked":"Footwork","floor":19.0},{"not_picked":["Outmaneuver","Quick Slash","Sucker Punch"],"picked":"SKIP","floor":22.0},{"not_picked":["Poisoned Stab","Skewer","Dagger Throw"],"picked":"SKIP","floor":24.0},{"not_picked":["Heel Hook","Bane"],"picked":"Adrenaline","floor":25.0},{"not_picked":["Dagger Spray","Flying Knee","Slice+1"],"picked":"Backflip","floor":27.0},{"not_picked":["Eviscerate","Outmaneuver","Blade Dance"],"picked":"Dash","floor":28.0},{"not_picked":["Infinite Blades","Footwork","Flechettes"],"picked":"Cloak And Dagger","floor":29.0},{"not_picked":["PiercingWail","Dodge and Roll","Sucker Punch+1","Underhanded Strike+1"],"picked":"SKIP","floor":31.0},{"not_picked":["Storm of Steel","Venomology","Grand Finale"],"picked":"A Thousand Cuts","floor":33.0},{"not_picked":["Sucker Punch+1","Quick Slash","Poisoned Stab"],"picked":"Acrobatics+1","floor":35.0},{"not_picked":["Dagger Spray","Backstab+1","Concentrate+1"],"picked":"Catalyst","floor":37},{"not_picked":["Catalyst","Cloak And Dagger","Dagger Throw+1"],"picked":"Escape Plan","floor":38},{"not_picked":["Venomology","Acrobatics","Dagger Spray"],"picked":"Adrenaline","floor":41},{"not_picked":["Grand Finale","Endless Agony","Calculated Gamble"],"picked":"Footwork","floor":55}],"player_experience":836541,"relics_obtained":[{"floor":6.0,"key":"Vajra"},{"floor":8.0,"key":"Ice Cream"},{"floor":9.0,"key":"Paper Crane"},{"floor":11.0,"key":"Boot"},{"floor":12.0,"key":"PreservedInsect"},{"floor":13.0,"key":"Bronze Scales"},{"floor":25.0,"key":"Ginger"},{"floor":26.0,"key":"Question Card"},{"floor":27.0,"key":"Red Mask"},{"floor":41,"key":"Pantograph"},{"floor":55,"key":"Blood Vial"}],"event_choices":[{"damage_healed":0.0,"max_hp_gain":0.0,"max_hp_loss":0.0,"gold_gain":0.0,"event_name":"Upgrade Shrine","player_choice":"Upgraded","floor":3.0,"gold_loss":0.0,"damage_taken":0.0,"cards_upgraded":["Crippling Poison"]},{"damage_healed":0.0,"max_hp_gain":0.0,"max_hp_loss":0.0,"gold_gain":75.0,"event_name":"World of Goop","player_choice":"Gather Gold","floor":5.0,"gold_loss":0.0,"damage_taken":11.0},{"damage_healed":0.0,"max_hp_gain":0.0,"max_hp_loss":0.0,"gold_gain":0.0,"event_name":"Accursed Blacksmith","player_choice":"Rummage","floor":20.0,"gold_loss":0.0,"damage_taken":0.0,"relics_obtained":["WarpedTongs"],"cards_obtained":["Pain"]},{"damage_healed":0.0,"max_hp_gain":0.0,"max_hp_loss":0.0,"gold_gain":0.0,"event_name":"Masked Bandits","player_choice":"Fought Bandits","floor":27.0,"gold_loss":0.0,"damage_taken":0.0},{"damage_healed":0.0,"max_hp_gain":0.0,"max_hp_loss":0.0,"gold_gain":0.0,"event_name":"Duplicator","player_choice":"Copied","floor":36.0,"gold_loss":0.0,"damage_taken":0.0,"cards_obtained":["Bullet Time"]},{"damage_healed":0,"gold_gain":222,"player_choice":"Wore Mask","damage_taken":0,"max_hp_gain":0,"max_hp_loss":0,"event_name":"Tomb of Lord Red Mask","floor":46,"gold_loss":0},{"damage_healed":0,"gold_gain":0,"player_choice":"Upgraded","damage_taken":0,"max_hp_gain":0,"max_hp_loss":0,"event_name":"Upgrade Shrine","floor":47,"gold_loss":0,"cards_upgraded":["Adrenaline"]}],"is_beta":false,"boss_relics":[{"not_picked":["Velvet Choker","Philosopher\u0027s Stone"],"picked":"Pandora\u0027s Box"},{"not_picked":["HoveringKite","Coffee Dripper"],"picked":"Eternal Feather"}],"items_purged_floors":[14,21,30],"is_endless":false,"potions_floor_spawned":[1,11,13,19,22,27,35,37,38,55],"killed_by":"The Heart","ascension_level":20}