{"gold_per_floor":[116,116,129,141,12,12,30,60,137,153,153,179,196,228,228,328,328,339,356,356,207,220,238,238,256,282,155,171,171,185,185,185,280,280,299,311,329,11,11,11,43,43,43,57,74,74,74,174,174,174],"floor_reached":51,"playtime":3888,"items_purged":["Defend_G","Strike_G"],"score":691,"play_id":"da674aba-2960-4b9d-a64a-b20b8b0fd479","local_time":"20190523191424","is_ascension_mode":false,"campfire_choices":[{"data":"Bouncing Flask","floor":6.0,"key":"SMITH"},{"data":"Bane","floor":11.0,"key":"SMITH"},{"floor":15.0,"key":"REST"},{"data":"Corpse Explosion","floor":24.0,"key":"SMITH"},{"floor":29.0,"key":"REST"},{"floor":32.0,"key":"REST"},{"floor":40.0,"key":"REST"},{"floor":42.0,"key":"REST"},{"floor":47.0,"key":"REST"},{"data":"Dodge and Roll","floor":49.0,"key":"SMITH"}],"neow_cost":"NONE","seed_source_timestamp":177495884193400,"circlet_count":0,"master_deck":["Defend_G","Defend_G","Defend_G","Strike_G","Strike_G","Survivor+1","Neutralize","Bane+1","Tactician","Bane+1","Bouncing Flask+1","Deadly Poison","Flying Knee","Sucker Punch","Deadly Poison+1","Leg Sweep","Corpse Explosion+1","Poisoned Stab","Dodge and Roll+1","Bullet Time","Backflip","Deflect","Slice+1","Slice+1","Adrenaline","Dagger Throw","Dash+1","Doppelganger","Poisoned Stab+1","Noxious Fumes+1","Blade Dance+1","Secret Technique","Good Instincts","Backstab+1","Outmaneuver","Catalyst+1","Bane+1","Dodge and Roll+1"],"special_seed":0,"relics":["Ring of the Serpent","Tough Bandages","Kunai","Orichalcum","Strawberry","Oddly Smooth Stone","Lizard Tail","War Paint","Juzu Bracelet","Molten Egg 2","Prayer Wheel"],"potions_floor_usage":[50,50],"damage_taken":[{"damage":2.0,"enemies":"2 Louse","floor":1.0,"turns":3.0},{"damage":0.0,"enemies":"Cultist","floor":3.0,"turns":4.0},{"damage":0.0,"enemies":"Small Slimes","floor":4.0,"turns":5.0},{"damage":9.0,"enemies":"Exordium Thugs","floor":7.0,"turns":4.0},{"damage":13.0,"enemies":"Lagavulin","floor":8.0,"turns":4.0},{"damage":11.0,"enemies":"Lots of Slimes","floor":10.0,"turns":5.0},{"damage":5.0,"enemies":"Looter","floor":13.0,"turns":3.0},{"damage":19.0,"enemies":"3 Sentries","floor":14.0,"turns":8.0},{"damage":20.0,"enemies":"Slime Boss","floor":16.0,"turns":11.0},{"damage":2.0,"enemies":"3 Byrds","floor":18.0,"turns":6.0},{"damage":0.0,"enemies":"Chosen","floor":19.0,"turns":4.0},{"damage":29.0,"enemies":"Snake Plant","floor":22.0,"turns":3.0},{"damage":11.0,"enemies":"3 Cultists","floor":23.0,"turns":4.0},{"damage":5.0,"enemies":"Cultist and Chosen","floor":25.0,"turns":5.0},{"damage":3.0,"enemies":"Shelled Parasite and Fungi","floor":28.0,"turns":4.0},{"damage":24.0,"enemies":"Snake Plant","floor":30.0,"turns":3.0},{"damage":42.0,"enemies":"Champ","floor":33.0,"turns":17.0},{"damage":42.0,"enemies":"3 Shapes","floor":35.0,"turns":4.0},{"damage":12.0,"enemies":"3 Darklings","floor":36.0,"turns":2.0},{"damage":35.0,"enemies":"Jaw Worm Horde","floor":37.0,"turns":5.0},{"damage":24.0,"enemies":"Nemesis","floor":41.0,"turns":7.0},{"damage":29.0,"enemies":"Spire Growth","floor":44.0,"turns":4.0},{"damage":0.0,"enemies":"3 Darklings","floor":45.0,"turns":3.0},{"damage":0.0,"enemies":"Mind Bloom Boss Battle","floor":48.0,"turns":6.0},{"damage":31,"enemies":"Donu and Deca","floor":50,"turns":5}],"seed_played":"9134744490077880965","potions_obtained":[{"floor":1.0,"key":"Block Potion"},{"floor":8.0,"key":"Explosive Potion"},{"floor":10.0,"key":"Poison Potion"},{"floor":18.0,"key":"Dexterity Potion"},{"floor":28.0,"key":"Explosive Potion"},{"floor":41.0,"key":"Weak Potion"},{"floor":44.0,"key":"PowerPotion"}],"is_trial":false,"path_per_floor":["M","?","M","M","$","R","M","E","T","M","R","T","M","E","R","B",null,"M","M","?","$","M","M","R","M","T","$","M","R","M","?","R","B",null,"M","M","M","$","?","R","E","R","T","M","M","?","R","?","R","B",null],"character_chosen":"THE_SILENT","items_purchased":["Bouncing Flask","Deadly Poison","Backflip","Deflect","Dagger Throw","War Paint","Secret Technique"],"campfire_rested":6,"item_purchase_floors":[5,5,21,21,27,38,38],"current_hp_per_floor":[68,68,68,68,68,68,59,46,46,35,35,35,30,18,41,21,77,75,75,75,75,46,35,35,30,30,30,27,50,26,26,49,7,77,35,23,38,38,38,61,37,60,60,31,31,31,54,54,54,23],"gold":174,"neow_bonus":"REMOVE_CARD","is_prod":false,"is_daily":false,"chose_seed":false,"campfire_upgraded":4,"win_rate":0.0,"timestamp":1558664064,"path_taken":["M","?","M","?","$","R","M","E","T","M","R","?","M","E","R","BOSS","M","M","?","?","?","M","R","M","T","$","M","R","M","?","R","BOSS","M","M","M","$","?","R","E","R","T","M","M","?","R","?","R","BOSS"],"build_version":"2019-01-23","purchased_purges":2,"victory":true,"max_hp_per_floor":[70,70,70,70,70,70,70,70,70,70,70,70,70,77,77,77,77,77,77,77,77,77,77,77,77,77,77,77,77,77,77,77,77,77,77,77,77,77,77,77,77,77,77,77,77,77,77,77,77,77],"card_choices":[{"not_picked":["Predator","Quick Slash"],"picked":"Bane","floor":1.0},{"not_picked":["Caltrops","Blur"],"picked":"Tactician","floor":3.0},{"not_picked":["Infinite Blades","Heel Hook"],"picked":"Bane","floor":4.0},{"not_picked":["Acrobatics","Prepared"],"picked":"Flying Knee","floor":7.0},{"not_picked":["Masterful Stab","Glass Knife"],"picked":"Sucker Punch","floor":8.0},{"not_picked":["Expertise","Bane"],"picked":"Deadly Poison","floor":10.0},{"not_picked":["Caltrops","Underhanded Strike","Expertise"],"picked":"SKIP","floor":13.0},{"not_picked":["Infinite Blades","Sucker Punch"],"picked":"Leg Sweep","floor":14.0},{"not_picked":["Wraith Form v2","Glass Knife"],"picked":"Corpse Explosion","floor":16.0},{"not_picked":["Infinite Blades","Slice"],"picked":"Poisoned Stab","floor":18.0},{"not_picked":["Quick Slash","Deadly Poison"],"picked":"Dodge and Roll","floor":19.0},{"not_picked":["Sucker Punch","Blade Dance"],"picked":"Slice+1","floor":22.0},{"not_picked":["PiercingWail","Underhanded Strike"],"picked":"Slice+1","floor":23.0},{"not_picked":["Backflip","Blur"],"picked":"Adrenaline","floor":25.0},{"not_picked":["Bane","Masterful Stab","Flying Knee"],"picked":"SKIP","floor":28.0},{"not_picked":["PiercingWail+1","Deadly Poison"],"picked":"Dash+1","floor":30.0},{"not_picked":["Glass Knife","After Image"],"picked":"Doppelganger","floor":33.0},{"not_picked":["Expertise+1","Escape Plan"],"picked":"Poisoned Stab+1","floor":35.0},{"not_picked":["Sucker Punch+1","Endless Agony"],"picked":"Noxious Fumes+1","floor":36.0},{"not_picked":["Flying Knee","Deflect"],"picked":"Blade Dance+1","floor":37.0},{"not_picked":["Jack Of All Trades","Blind"],"picked":"Good Instincts","floor":39.0},{"not_picked":["All Out Attack","Flying Knee"],"picked":"Backstab+1","floor":41.0},{"not_picked":["Bane+1","Acrobatics"],"picked":"Outmaneuver","floor":44.0},{"not_picked":["Deadly Poison","Well Laid Plans+1"],"picked":"Catalyst+1","floor":45.0},{"not_picked":["Deflect","Die Die Die+1"],"picked":"Dodge and Roll+1","floor":48.0}],"player_experience":30063,"relics_obtained":[{"floor":8.0,"key":"Tough Bandages"},{"floor":9.0,"key":"Kunai"},{"floor":12.0,"key":"Orichalcum"},{"floor":14.0,"key":"Strawberry"},{"floor":26.0,"key":"Oddly Smooth Stone"},{"floor":41.0,"key":"Juzu Bracelet"},{"floor":43.0,"key":"Molten Egg 2"},{"floor":48.0,"key":"Prayer Wheel"}],"event_choices":[{"damage_healed":0.0,"max_hp_gain":0.0,"max_hp_loss":0.0,"gold_gain":0.0,"event_name":"Upgrade Shrine","player_choice":"Upgraded","floor":2.0,"gold_loss":0.0,"damage_taken":0.0,"cards_upgraded":["Bane"]},{"damage_healed":0.0,"max_hp_gain":0.0,"max_hp_loss":0.0,"gold_gain":0.0,"cards_transformed":["Defend_G"],"event_name":"Transmorgrifier","player_choice":"Transformed","floor":20.0,"gold_loss":0.0,"damage_taken":0.0,"cards_obtained":["Bullet Time"]},{"damage_healed":0.0,"max_hp_gain":0.0,"max_hp_loss":0.0,"gold_gain":0.0,"event_name":"Vampires","player_choice":"Ignored","floor":31.0,"gold_loss":0.0,"damage_taken":0.0},{"damage_healed":0.0,"max_hp_gain":0.0,"max_hp_loss":0.0,"gold_gain":0.0,"event_name":"SensoryStone","player_choice":"Memory 1","floor":39.0,"gold_loss":0.0,"damage_taken":0.0},{"damage_healed":0.0,"max_hp_gain":0.0,"max_hp_loss":0.0,"gold_gain":0.0,"cards_transformed":["Strike_G"],"event_name":"Transmorgrifier","player_choice":"Transformed","floor":46.0,"gold_loss":0.0,"damage_taken":0.0,"cards_obtained":["Bane"]},{"damage_healed":0.0,"max_hp_gain":0.0,"max_hp_loss":0.0,"gold_gain":0.0,"event_name":"MindBloom","player_choice":"Fight","floor":48.0,"gold_loss":0.0,"damage_taken":0.0}],"is_beta":false,"boss_relics":[{"not_picked":["Black Star","Coffee Dripper"],"picked":"Ring of the Serpent"},{"not_picked":["Runic Dome","Philosopher\u0027s Stone"],"picked":"Lizard Tail"}],"items_purged_floors":[21,27],"is_endless":false,"potions_floor_spawned":[1,8,10,14,18,23,28,33,36,41,44,45],"ascension_level":0}