{"gold_per_floor":[18,33,33,108,120,120,146,146,169,169,237,267,417,433,433,433],"floor_reached":16,"playtime":487,"items_purged":[],"score":200,"play_id":"b76fed03-7db4-40e9-b572-71eeebd6abc6","local_time":"20190420024518","is_ascension_mode":true,"campfire_choices":[{"floor":6.0,"key":"REST"},{"data":"Armaments","floor":8.0,"key":"SMITH"},{"data":"Inflame","floor":10.0,"key":"SMITH"},{"data":"Iron Wave","floor":15.0,"key":"SMITH"}],"neow_cost":"NO_GOLD","seed_source_timestamp":55196562680678,"circlet_count":0,"master_deck":["AscendersBane","Strike_R","Strike_R","Strike_R","Strike_R","Strike_R","Defend_R+1","Defend_R","Defend_R","Defend_R","Bash+1","Bludgeon","Inflame+1","Armaments+1","Pummel","Doubt","Iron Wave+1"],"special_seed":0,"relics":["Burning Blood","Happy Flower","Anchor","Blood Vial"],"potions_floor_usage":[16],"damage_taken":[{"damage":0.0,"enemies":"Cultist","floor":1.0,"turns":2.0},{"damage":7.0,"enemies":"Jaw Worm","floor":2.0,"turns":3.0},{"damage":0.0,"enemies":"2 Louse","floor":5.0,"turns":1.0},{"damage":27.0,"enemies":"Gremlin Nob","floor":7.0,"turns":4.0},{"damage":5.0,"enemies":"3 Sentries","floor":12.0,"turns":7.0},{"damage":12.0,"enemies":"Large Slime","floor":14.0,"turns":5.0},{"damage":52,"enemies":"Hexaghost","floor":16,"turns":11}],"seed_played":"-6208577999258265380","potions_obtained":[{"floor":1.0,"key":"Explosive Potion"},{"floor":2.0,"key":"Dexterity Potion"},{"floor":5.0,"key":"BloodPotion"},{"floor":14.0,"key":"SkillPotion"}],"is_trial":false,"path_per_floor":["M","M","?","?","M","R","E","R","T","R","?","E","?","M","R","B"],"character_chosen":"IRONCLAD","items_purchased":[],"campfire_rested":1,"item_purchase_floors":[],"current_hp_per_floor":[74,73,50,39,45,67,46,46,46,46,46,54,54,50,50,0],"gold":433,"neow_bonus":"THREE_RARE_CARDS","is_prod":false,"is_daily":false,"chose_seed":false,"campfire_upgraded":3,"win_rate":0,"timestamp":1555753518,"path_taken":["M","?","?","?","M","R","E","R","T","R","?","E","?","M","R","BOSS"],"build_version":"2019-01-23","purchased_purges":0,"victory":false,"max_hp_per_floor":[75,75,75,75,75,75,75,75,75,75,75,75,75,75,75,75],"card_choices":[{"not_picked":["Brutality","Double Tap"],"picked":"Bludgeon","floor":0.0},{"not_picked":["Wild Strike","Infernal Blade"],"picked":"Inflame","floor":1.0},{"not_picked":["Combust","Searing Blow","Whirlwind"],"picked":"SKIP","floor":2.0},{"not_picked":["Dropkick","Corruption","Fire Breathing"],"picked":"SKIP","floor":5.0},{"not_picked":["Heavy Blade","Pummel"],"picked":"Armaments","floor":7.0},{"not_picked":["Rupture","Second Wind"],"picked":"Pummel","floor":12.0},{"not_picked":["Flex","Pummel"],"picked":"Iron Wave","floor":14.0}],"player_experience":731127,"relics_obtained":[{"floor":7.0,"key":"Happy Flower"},{"floor":9.0,"key":"Anchor"},{"floor":12.0,"key":"Blood Vial"}],"event_choices":[{"damage_healed":0.0,"max_hp_gain":0.0,"max_hp_loss":0.0,"gold_gain":0.0,"event_name":"Shining Light","player_choice":"Entered Light","floor":3.0,"gold_loss":0.0,"damage_taken":23.0,"cards_upgraded":["Defend_R","Bash"]},{"damage_healed":0.0,"max_hp_gain":0.0,"max_hp_loss":0.0,"gold_gain":75.0,"event_name":"World of Goop","player_choice":"Gather Gold","floor":4.0,"gold_loss":0.0,"damage_taken":11.0},{"damage_healed":0.0,"max_hp_gain":0.0,"max_hp_loss":0.0,"gold_gain":68.0,"event_name":"Golden Wing","player_choice":"Gained Gold","floor":11.0,"gold_loss":0.0,"damage_taken":0.0},{"damage_healed":0.0,"max_hp_gain":0.0,"max_hp_loss":0.0,"gold_gain":150.0,"event_name":"Liars Game","player_choice":"AGREE","floor":13.0,"gold_loss":0.0,"damage_taken":0.0,"cards_obtained":["Doubt"]}],"is_beta":false,"boss_relics":[],"items_purged_floors":[],"is_endless":false,"potions_floor_spawned":[1,2,5,14],"killed_by":"Hexaghost","ascension_level":17}