{"gold_per_floor":[11,11,28,40,54,54,54,54,54,70,70,145,9,9,9,139,139,164,187,187,4,20,20,20],"floor_reached":24,"playtime":579,"items_purged":[],"score":214,"play_id":"f1297149-e331-4d4c-9c10-b545e2f487da","local_time":"20190529072815","is_ascension_mode":true,"campfire_choices":[{"data":"Footwork","floor":6.0,"key":"SMITH"},{"data":"Footwork","floor":8.0,"key":"SMITH"},{"data":"Noxious Fumes","floor":15.0,"key":"SMITH"},{"floor":23.0,"key":"REST"}],"neow_cost":"NO_GOLD","seed_source_timestamp":120385114166500,"circlet_count":0,"master_deck":["Defend_G","Defend_G","Defend_G","Defend_G","Defend_G","Strike_G","Strike_G","Strike_G","Strike_G","Survivor","Neutralize","Glass Knife","Footwork+1","Crippling Poison","Footwork+1","Caltrops","Well Laid Plans","Injury","Noxious Fumes+1","Parasite","Corpse Explosion","Adrenaline","Deflect","Noxious Fumes","Noxious Fumes","Deadly Poison"],"special_seed":0,"relics":["Ring of the Snake","Golden Idol","Pear","Black Star","Oddly Smooth Stone"],"potions_floor_usage":[],"damage_taken":[{"damage":7.0,"enemies":"Small Slimes","floor":1.0,"turns":2.0},{"damage":0.0,"enemies":"Cultist","floor":3.0,"turns":3.0},{"damage":0.0,"enemies":"2 Louse","floor":4.0,"turns":2.0},{"damage":5.0,"enemies":"Looter","floor":5.0,"turns":4.0},{"damage":0.0,"enemies":"Large Slime","floor":10.0,"turns":5.0},{"damage":27.0,"enemies":"The Guardian","floor":16.0,"turns":9.0},{"damage":12.0,"enemies":"Shell Parasite","floor":18.0,"turns":6.0},{"damage":34.0,"enemies":"2 Thieves","floor":19.0,"turns":3.0},{"damage":18.0,"enemies":"Snake Plant","floor":22.0,"turns":5.0},{"damage":43,"enemies":"Gremlin Leader","floor":24,"turns":3}],"seed_played":"5956722796940869509","potions_obtained":[{"floor":1.0,"key":"Fire Potion"},{"floor":10.0,"key":"PowerPotion"},{"floor":16.0,"key":"LiquidBronze"},{"floor":19.0,"key":"Weak Potion"}],"is_trial":false,"path_per_floor":["M","?","M","M","M","R","?","R","T","M","?","?","$","$","R","B",null,"M","M","?","$","M","R","E"],"character_chosen":"THE_SILENT","items_purchased":["Corpse Explosion","Oddly Smooth Stone","Noxious Fumes"],"campfire_rested":1,"item_purchase_floors":[13,21,21],"current_hp_per_floor":[63,63,63,63,58,58,58,58,68,68,80,69,69,69,69,42,80,68,34,34,34,16,40,0],"gold":20,"neow_bonus":"THREE_RARE_CARDS","is_prod":false,"is_daily":false,"chose_seed":false,"campfire_upgraded":3,"win_rate":0,"timestamp":1559140095,"path_taken":["M","?","?","M","?","R","?","R","T","M","?","?","?","$","R","BOSS","M","M","?","?","?","R","E"],"build_version":"2019-01-23","purchased_purges":0,"victory":false,"max_hp_per_floor":[70,70,70,70,70,70,70,70,80,80,80,80,80,80,80,80,80,80,80,80,80,80,80,80],"card_choices":[{"not_picked":["Phantasmal Killer","Wraith Form v2"],"picked":"Glass Knife","floor":0.0},{"not_picked":["Deflect","Sucker Punch"],"picked":"Footwork","floor":1.0},{"not_picked":["Acrobatics","Dodge and Roll"],"picked":"Footwork","floor":3.0},{"not_picked":["Quick Slash","Finisher"],"picked":"Caltrops","floor":4.0},{"not_picked":["Heel Hook","Terror"],"picked":"Well Laid Plans","floor":5.0},{"not_picked":["Heel Hook","Underhanded Strike"],"picked":"Noxious Fumes","floor":10.0},{"not_picked":["Malaise","Venomology"],"picked":"Adrenaline","floor":16.0},{"not_picked":["Cloak And Dagger","Acrobatics"],"picked":"Deflect","floor":18.0},{"not_picked":["Flying Knee","Sucker Punch+1"],"picked":"Noxious Fumes","floor":19.0},{"not_picked":["All Out Attack+1","Dodge and Roll"],"picked":"Deadly Poison","floor":22.0}],"player_experience":126571,"relics_obtained":[{"floor":9.0,"key":"Pear"}],"event_choices":[{"damage_healed":0.0,"max_hp_gain":0.0,"max_hp_loss":0.0,"gold_gain":0.0,"cards_transformed":["Strike_G"],"event_name":"Transmorgrifier","player_choice":"Transformed","floor":2.0,"gold_loss":0.0,"damage_taken":0.0,"cards_obtained":["Crippling Poison"]},{"damage_healed":0.0,"max_hp_gain":0.0,"max_hp_loss":0.0,"gold_gain":0.0,"event_name":"Golden Idol","player_choice":"Take Wound","floor":7.0,"gold_loss":0.0,"damage_taken":0.0,"relics_obtained":["Golden Idol"],"cards_obtained":["Injury"]},{"damage_healed":20.0,"max_hp_gain":0.0,"max_hp_loss":0.0,"gold_gain":0.0,"event_name":"Mushrooms","player_choice":"Healed and dodged fight","floor":11.0,"gold_loss":0.0,"damage_taken":0.0,"cards_obtained":["Parasite"]},{"damage_healed":0.0,"max_hp_gain":0.0,"max_hp_loss":0.0,"gold_gain":75.0,"event_name":"World of Goop","player_choice":"Gather Gold","floor":12.0,"gold_loss":0.0,"damage_taken":11.0},{"damage_healed":0.0,"max_hp_gain":0.0,"max_hp_loss":0.0,"gold_gain":0.0,"event_name":"Ghosts","player_choice":"Ignored","floor":20.0,"gold_loss":0.0,"damage_taken":0.0}],"is_beta":false,"boss_relics":[{"not_picked":["Runic Pyramid","Coffee Dripper"],"picked":"Black Star"}],"items_purged_floors":[],"is_endless":false,"potions_floor_spawned":[1,10,16,19],"killed_by":"Gremlin Leader","ascension_level":3}