{"gold_per_floor":[110,110,130,130,55,55,68,103,195,228,240,272,284,311,323,335],"floor_reached":16,"playtime":611,"items_purged":[],"score":179,"play_id":"6e1a903d-bec4-4834-8c1d-e0e5e1ab6d95","local_time":"20190607071021","is_ascension_mode":true,"campfire_choices":[{"floor":6.0,"key":"REST"},{"floor":11.0,"key":"REST"},{"floor":15,"key":"REST"}],"neow_cost":"TEN_PERCENT_HP_LOSS","seed_source_timestamp":267412043253700,"circlet_count":0,"master_deck":["AscendersBane","Defend_G","Defend_G","Defend_G+1","Defend_G+1","Defend_G","Strike_G","Strike_G","Strike_G","Strike_G","Strike_G","Survivor","Neutralize","Night Terror","Outmaneuver","Injury","Dagger Spray","Deadly Poison","PiercingWail","Catalyst","Outmaneuver","Parasite","Crippling Poison"],"special_seed":0,"relics":["Ring of the Snake","Golden Idol","War Paint","MawBank","Frozen Egg 2"],"potions_floor_usage":[],"damage_taken":[{"damage":13.0,"enemies":"Jaw Worm","floor":1.0,"turns":5.0},{"damage":7.0,"enemies":"2 Louse","floor":3.0,"turns":5.0},{"damage":2.0,"enemies":"Small Slimes","floor":7.0,"turns":5.0},{"damage":47.0,"enemies":"3 Sentries","floor":8.0,"turns":11.0},{"damage":0.0,"enemies":"Exordium Thugs","floor":10.0,"turns":6.0},{"damage":25.0,"enemies":"Gremlin Gang","floor":12.0,"turns":6.0},{"damage":8,"enemies":"3 Louse","floor":14,"turns":3},{"damage":26,"enemies":"Slime Boss","floor":16,"turns":8}],"seed_played":"410968626154748349","potions_obtained":[{"floor":1.0,"key":"GamblersBrew"},{"floor":8.0,"key":"EssenceOfSteel"}],"is_trial":false,"path_per_floor":["M","?","M","?","?","R","M","E","T","M","R","M","?","M","R","B"],"character_chosen":"THE_SILENT","items_purchased":[],"campfire_rested":3,"item_purchase_floors":[],"current_hp_per_floor":[46,46,39,39,39,57,55,8,8,8,26,1,16,8,26,0],"gold":335,"neow_bonus":"THREE_RARE_CARDS","is_prod":false,"is_daily":false,"chose_seed":false,"campfire_upgraded":0,"win_rate":0,"timestamp":1559916621,"path_taken":["M","?","M","?","?","R","?","E","T","?","R","M","?","M","R","BOSS"],"build_version":"2019-01-23","purchased_purges":0,"victory":false,"max_hp_per_floor":[60,60,60,60,60,60,60,60,60,60,60,60,60,60,60,60],"card_choices":[{"not_picked":["Doppelganger","Phantasmal Killer"],"picked":"Night Terror","floor":0.0},{"not_picked":["Acrobatics","Dodge and Roll"],"picked":"Outmaneuver","floor":1.0},{"not_picked":["Accuracy","Dodge and Roll"],"picked":"Dagger Spray","floor":3.0},{"not_picked":["Finisher","Backflip"],"picked":"Deadly Poison","floor":7.0},{"not_picked":["Glass Knife","Dodge and Roll"],"picked":"PiercingWail","floor":8.0},{"not_picked":["Distraction","Slice"],"picked":"Catalyst","floor":10.0},{"not_picked":["Doppelganger","Dagger Throw"],"picked":"Outmaneuver","floor":12.0},{"not_picked":["Endless Agony","Prepared"],"picked":"Crippling Poison","floor":14}],"player_experience":357144,"relics_obtained":[{"floor":8.0,"key":"MawBank"},{"floor":9.0,"key":"Frozen Egg 2"}],"event_choices":[{"damage_healed":0.0,"max_hp_gain":0.0,"max_hp_loss":0.0,"gold_gain":0.0,"event_name":"Golden Idol","player_choice":"Take Wound","floor":2.0,"gold_loss":0.0,"damage_taken":0.0,"relics_obtained":["Golden Idol"],"cards_obtained":["Injury"]},{"damage_healed":0.0,"max_hp_gain":0.0,"max_hp_loss":0.0,"gold_gain":0.0,"event_name":"Big Fish","player_choice":"Box","floor":4.0,"gold_loss":0.0,"damage_taken":0.0,"relics_obtained":["War Paint"],"cards_obtained":["Regret"]},{"cards_removed":["Regret"],"damage_healed":0.0,"max_hp_gain":0.0,"max_hp_loss":0.0,"gold_gain":0.0,"event_name":"The Cleric","player_choice":"Card Removal","floor":5.0,"gold_loss":75.0,"damage_taken":0.0},{"damage_healed":15.0,"max_hp_gain":0.0,"max_hp_loss":0.0,"gold_gain":0.0,"event_name":"Mushrooms","player_choice":"Healed and dodged fight","floor":13.0,"gold_loss":0.0,"damage_taken":0.0,"cards_obtained":["Parasite"]}],"is_beta":false,"boss_relics":[],"items_purged_floors":[],"is_endless":false,"potions_floor_spawned":[1,8],"killed_by":"Slime Boss","ascension_level":15}