{"gold_per_floor":[116,116,132,182,203,203,244,244,244,280,293,307,307,35,35,131,131,146,164,177,177,192,192,107,107,107,7,45,45,45,59,59,155,155,178,511,524,37,37,64,79,90,90,102,102,114,128,128,128,128],"floor_reached":50,"playtime":2471,"items_purged":["Strike_R","Defend_R"],"score":1008,"play_id":"c1f61469-1a88-4e35-a62c-3af5c644a2e5","local_time":"20190526153138","is_ascension_mode":true,"campfire_choices":[{"data":"Carnage","floor":6.0,"key":"SMITH"},{"data":"Shockwave","floor":8.0,"key":"SMITH"},{"data":"Iron Wave","floor":15.0,"key":"SMITH"},{"floor":23.0,"key":"REST"},{"data":"Demon Form","floor":25.0,"key":"SMITH"},{"data":"Bludgeon","floor":30.0,"key":"SMITH"},{"floor":32.0,"key":"REST"},{"floor":49.0,"key":"REST"}],"neow_cost":"PERCENT_DAMAGE","seed_source_timestamp":15181462072595,"circlet_count":0,"master_deck":["AscendersBane","Strike_R+1","Defend_R","Defend_R","Bash","Anger+1","Carnage+1","Twin Strike","Shockwave+1","Reaper","Ghostly Armor","Iron Wave+1","Demon Form+1","Fire Breathing+1","Bludgeon+1","Rage","Sword Boomerang","Fiend Fire+1","Whirlwind","Shrug It Off+1","Reaper","Thunderclap+1","Shrug It Off+1","Shrug It Off","Rage+1"],"special_seed":0,"relics":["Burning Blood","Pear","Mercury Hourglass","Nunchaku","Whetstone","Sozu","Centennial Puzzle","Anchor","Meat on the Bone","Black Star","Charon\u0027s Ashes","Bag of Marbles","Pen Nib","Frozen Egg 2","Question Card"],"potions_floor_usage":[50],"damage_taken":[{"damage":10.0,"enemies":"2 Louse","floor":1.0,"turns":4.0},{"damage":2.0,"enemies":"Cultist","floor":3.0,"turns":4.0},{"damage":7.0,"enemies":"Small Slimes","floor":5.0,"turns":3.0},{"damage":10.0,"enemies":"3 Sentries","floor":7.0,"turns":4.0},{"damage":26.0,"enemies":"Gremlin Nob","floor":10.0,"turns":4.0},{"damage":6.0,"enemies":"Blue Slaver","floor":11.0,"turns":3.0},{"damage":15.0,"enemies":"Large Slime","floor":12.0,"turns":4.0},{"damage":14.0,"enemies":"Hexaghost","floor":16.0,"turns":9.0},{"damage":17.0,"enemies":"Spheric Guardian","floor":18.0,"turns":4.0},{"damage":13.0,"enemies":"Chosen","floor":19.0,"turns":4.0},{"damage":18.0,"enemies":"Centurion and Healer","floor":20.0,"turns":8.0},{"damage":20.0,"enemies":"Snake Plant","floor":22.0,"turns":4.0},{"damage":18.0,"enemies":"Slavers","floor":28.0,"turns":5.0},{"damage":11.0,"enemies":"Shelled Parasite and Fungi","floor":31.0,"turns":3.0},{"damage":81.0,"enemies":"Champ","floor":33.0,"turns":8.0},{"damage":29.0,"enemies":"3 Darklings","floor":35.0,"turns":5.0},{"damage":0.0,"enemies":"3 Shapes","floor":37.0,"turns":3.0},{"damage":64.0,"enemies":"Giant Head","floor":40.0,"turns":6.0},{"damage":14.0,"enemies":"Jaw Worm Horde","floor":41.0,"turns":3.0},{"damage":32.0,"enemies":"Transient","floor":42.0,"turns":6.0},{"damage":25.0,"enemies":"Spire Growth","floor":44.0,"turns":3.0},{"damage":13.0,"enemies":"3 Darklings","floor":46.0,"turns":4.0},{"damage":29.0,"enemies":"Maw","floor":47.0,"turns":6.0},{"damage":87,"enemies":"Donu and Deca","floor":50,"turns":6}],"seed_played":"5833942059932056988","potions_obtained":[{"floor":1.0,"key":"Fire Potion"},{"floor":3.0,"key":"Explosive Potion"},{"floor":7.0,"key":"BloodPotion"}],"is_trial":false,"path_per_floor":["M","?","M","?","M","R","E","R","T","E","M","M","?","$","R","B",null,"M","M","M","?","M","R","?","R","T","$","E","?","R","M","R","B",null,"M","?","M","$","?","E","M","M","T","M","?","M","M","?","R","B"],"character_chosen":"IRONCLAD","items_purchased":["Whetstone","Iron Wave","Charon\u0027s Ashes","Bag of Marbles"],"campfire_rested":3,"item_purchase_floors":[14,14,38,38],"current_hp_per_floor":[46,46,50,44,43,43,49,49,49,29,29,20,20,20,20,12,62,51,47,35,35,21,44,44,44,44,44,44,44,44,54,77,25,65,52,52,58,58,58,26,48,34,34,27,27,42,47,47,70,0],"gold":128,"neow_bonus":"REMOVE_TWO","is_prod":false,"is_daily":false,"chose_seed":false,"campfire_upgraded":5,"win_rate":0,"timestamp":1558877498,"path_taken":["M","?","M","?","?","R","E","R","T","E","M","M","?","$","R","BOSS","M","M","M","?","M","R","?","R","T","$","E","?","R","M","R","BOSS","M","?","M","$","?","E","M","?","T","M","?","M","?","?","R","BOSS"],"build_version":"2019-01-23","purchased_purges":2,"victory":false,"max_hp_per_floor":[75,68,68,68,68,68,78,78,78,78,78,78,78,78,78,78,78,78,78,78,78,78,78,78,78,78,78,78,78,78,78,78,78,78,78,78,78,78,78,78,78,78,78,78,78,78,78,78,78,78],"card_choices":[{"not_picked":["Second Wind","Sword Boomerang"],"picked":"Anger","floor":1.0},{"not_picked":["Infernal Blade","Sentinel"],"picked":"Carnage","floor":3.0},{"not_picked":["True Grit","Anger"],"picked":"Twin Strike","floor":5.0},{"not_picked":["Metallicize","Headbutt"],"picked":"Shockwave","floor":7.0},{"not_picked":["Clash","Metallicize"],"picked":"Reaper","floor":10.0},{"not_picked":["Hemokinesis","Clash","Combust"],"picked":"SKIP","floor":11.0},{"not_picked":["Evolve","Pummel"],"picked":"Ghostly Armor","floor":12.0},{"not_picked":["Exhume","Reaper"],"picked":"Demon Form","floor":16.0},{"not_picked":["Body Slam","Flex","Wild Strike"],"picked":"SKIP","floor":18.0},{"not_picked":["Clash","Dual Wield"],"picked":"Fire Breathing+1","floor":19.0},{"not_picked":["Pommel Strike","Rage"],"picked":"Bludgeon","floor":20.0},{"not_picked":["Flex","Clash","Searing Blow"],"picked":"SKIP","floor":22.0},{"not_picked":["Metallicize","Shockwave+1","Clash"],"picked":"SKIP","floor":28.0},{"not_picked":["Warcry","Corruption","Wild Strike"],"picked":"SKIP","floor":31.0},{"not_picked":["Bludgeon","Barricade"],"picked":"Fiend Fire","floor":33.0},{"not_picked":["True Grit","Perfected Strike+1","Warcry"],"picked":"SKIP","floor":35.0},{"not_picked":["Flex","Warcry"],"picked":"Whirlwind","floor":37.0},{"not_picked":["Sword Boomerang","Armaments"],"picked":"Shrug It Off+1","floor":40.0},{"not_picked":["Power Through","Clash","Rupture+1"],"picked":"SKIP","floor":41.0},{"not_picked":["Infernal Blade+1","Body Slam"],"picked":"Reaper","floor":42.0},{"not_picked":["Body Slam","Combust+1","Twin Strike"],"picked":"Thunderclap+1","floor":44.0},{"not_picked":["Combust+1","Flex+1","Twin Strike"],"picked":"Shrug It Off","floor":46.0},{"not_picked":["Rampage+1","Perfected Strike","Headbutt+1"],"picked":"Rage+1","floor":47.0}],"player_experience":81643,"relics_obtained":[{"floor":7.0,"key":"Pear"},{"floor":9.0,"key":"Mercury Hourglass"},{"floor":10.0,"key":"Nunchaku"},{"floor":26.0,"key":"Anchor"},{"floor":28.0,"key":"Meat on the Bone"},{"floor":40.0,"key":"Pen Nib"},{"floor":40.0,"key":"Frozen Egg 2"},{"floor":43.0,"key":"Question Card"}],"event_choices":[{"damage_healed":0.0,"max_hp_gain":0.0,"max_hp_loss":7.0,"gold_gain":0.0,"event_name":"Golden Idol","player_choice":"Lose Max HP","floor":2.0,"gold_loss":0.0,"damage_taken":0.0,"relics_obtained":["Golden Idol"]},{"damage_healed":0.0,"max_hp_gain":0.0,"max_hp_loss":0.0,"gold_gain":50.0,"event_name":"FaceTrader","player_choice":"Touch","floor":4.0,"gold_loss":0.0,"damage_taken":6.0},{"damage_healed":0.0,"max_hp_gain":0.0,"max_hp_loss":0.0,"gold_gain":0.0,"event_name":"Shining Light","player_choice":"Ignored","floor":13.0,"gold_loss":0.0,"damage_taken":0.0},{"damage_healed":0.0,"max_hp_gain":0.0,"max_hp_loss":0.0,"gold_gain":0.0,"cards_transformed":["Strike_R","Defend_R"],"event_name":"Drug Dealer","player_choice":"Became Test Subject","floor":21.0,"gold_loss":0.0,"damage_taken":0.0,"cards_obtained":["Rage","Sword Boomerang"]},{"damage_healed":0.0,"max_hp_gain":0.0,"max_hp_loss":0.0,"gold_gain":0.0,"event_name":"Addict","player_choice":"Obtained Relic","floor":24.0,"gold_loss":85.0,"damage_taken":0.0,"relics_obtained":["Centennial Puzzle"]},{"damage_healed":0.0,"max_hp_gain":0.0,"max_hp_loss":0.0,"gold_gain":0.0,"event_name":"Beggar","player_choice":"Ignored","floor":29.0,"gold_loss":0.0,"damage_taken":0.0},{"damage_healed":0.0,"max_hp_gain":0.0,"max_hp_loss":0.0,"gold_gain":333.0,"event_name":"The Moai Head","player_choice":"Gave Idol","floor":36.0,"relics_lost":["Golden Idol"],"gold_loss":0.0,"damage_taken":0.0},{"damage_healed":0.0,"max_hp_gain":0.0,"max_hp_loss":0.0,"gold_gain":0.0,"event_name":"Accursed Blacksmith","player_choice":"Forge","floor":39.0,"gold_loss":0.0,"damage_taken":0.0,"cards_upgraded":["Fiend Fire"]},{"damage_healed":0.0,"max_hp_gain":0.0,"max_hp_loss":0.0,"gold_gain":0.0,"event_name":"Duplicator","player_choice":"Copied","floor":45.0,"gold_loss":0.0,"damage_taken":0.0,"cards_obtained":["Shrug It Off"]},{"damage_healed":0.0,"max_hp_gain":0.0,"max_hp_loss":0.0,"gold_gain":0.0,"event_name":"Match and Keep!","player_choice":"0 cards matched","floor":48.0,"gold_loss":0.0,"damage_taken":0.0,"cards_obtained":[]}],"is_beta":false,"boss_relics":[{"not_picked":["Busted Crown","Velvet Choker"],"picked":"Sozu"},{"not_picked":["Lizard Tail","Cursed Key"],"picked":"Black Star"}],"items_purged_floors":[14,27],"is_endless":false,"potions_floor_spawned":[1,3,7,20,31,33,35,40,42,46],"killed_by":"Donu and Deca","ascension_level":20}