{"gold_per_floor":[113,33,50,68,85,85,111,111,166,183,197,217,228,257,257,355,405,415,426,71,71],"floor_reached":21,"playtime":2144,"items_purged":[],"score":185,"play_id":"ce199ccf-9906-43a2-885b-91e4745433dd","local_time":"20190409165701","is_ascension_mode":false,"campfire_choices":[{"data":"Bash","floor":6.0,"key":"SMITH"},{"data":"Carnage","floor":8.0,"key":"SMITH"},{"data":"Armaments","floor":15.0,"key":"SMITH"}],"neow_cost":"NONE","seed_source_timestamp":0,"circlet_count":0,"master_deck":["Strike_R+1","Strike_R","Strike_R","Strike_R","Strike_R","Defend_R","Defend_R","Defend_R","Defend_R","Bash+1","Inflame","Rampage","Pommel Strike","Cleave","Headbutt","Carnage+1","Shrug It Off","Power Through","Armaments+1","Disarm","Flame Barrier","Juggernaut","Flex","Armaments+1","Heavy Blade+1"],"special_seed":0,"relics":["Burning Blood","Bottled Lightning","Vajra","Odd Mushroom","Tiny House","HandDrill","Pen Nib"],"potions_floor_usage":[21],"damage_taken":[{"damage":10.0,"enemies":"Jaw Worm","floor":1.0,"turns":6.0},{"damage":0.0,"enemies":"Small Slimes","floor":3.0,"turns":3.0},{"damage":1.0,"enemies":"Cultist","floor":4.0,"turns":3.0},{"damage":4.0,"enemies":"2 Fungi Beasts","floor":5.0,"turns":3.0},{"damage":21.0,"enemies":"3 Sentries","floor":7.0,"turns":5.0},{"damage":5.0,"enemies":"Looter","floor":10.0,"turns":2.0},{"damage":6.0,"enemies":"Large Slime","floor":11.0,"turns":5.0},{"damage":3.0,"enemies":"Exordium Wildlife","floor":12.0,"turns":3.0},{"damage":0.0,"enemies":"Blue Slaver","floor":13.0,"turns":3.0},{"damage":11.0,"enemies":"The Mushroom Lair","floor":14.0,"turns":4.0},{"damage":57.0,"enemies":"Hexaghost","floor":16.0,"turns":10.0},{"damage":40.0,"enemies":"3 Byrds","floor":18.0,"turns":6.0},{"damage":32.0,"enemies":"Spheric Guardian","floor":19.0,"turns":7.0},{"damage":41,"enemies":"3 Cultists","floor":21,"turns":5}],"seed_played":"3176205174435661760","potions_obtained":[{"floor":0.0,"key":"BloodPotion"},{"floor":0.0,"key":"EssenceOfSteel"},{"floor":0.0,"key":"Regen Potion"},{"floor":7.0,"key":"Fire Potion"},{"floor":10.0,"key":"SteroidPotion"},{"floor":11.0,"key":"SkillPotion"},{"floor":13.0,"key":"Poison Potion"},{"floor":17.0,"key":"FairyPotion"},{"floor":18.0,"key":"SneckoOil"}],"is_trial":false,"path_per_floor":["M","$","M","M","M","R","E","R","T","M","M","M","M","?","R","B",null,"M","M","$","M"],"character_chosen":"IRONCLAD","items_purchased":["Rampage","HandDrill","Pen Nib"],"campfire_rested":0,"item_purchase_floors":[2,20,20],"current_hp_per_floor":[76,76,80,80,80,80,80,80,80,80,80,80,80,75,75,24,85,51,25,25,0],"gold":71,"neow_bonus":"THREE_SMALL_POTIONS","is_prod":false,"is_daily":false,"chose_seed":false,"campfire_upgraded":3,"win_rate":0.0,"timestamp":1554821821,"path_taken":["M","$","M","M","M","R","E","R","T","M","M","M","M","?","R","BOSS","M","M","$","M"],"build_version":"2019-01-23","purchased_purges":0,"victory":false,"max_hp_per_floor":[80,80,80,80,80,80,80,80,80,80,80,80,80,80,80,80,85,85,85,85,85],"card_choices":[{"not_picked":["Whirlwind","Clothesline"],"picked":"Inflame","floor":1.0},{"not_picked":["Bloodletting","Battle Trance"],"picked":"Pommel Strike","floor":3.0},{"not_picked":["Uppercut","Shrug It Off"],"picked":"Cleave","floor":4.0},{"not_picked":["Anger","Warcry"],"picked":"Headbutt","floor":5.0},{"not_picked":["Perfected Strike","Body Slam"],"picked":"Carnage","floor":7.0},{"not_picked":["Barricade","Flex"],"picked":"Shrug It Off","floor":10.0},{"not_picked":["Flex","Sever Soul"],"picked":"Power Through","floor":11.0},{"not_picked":["Second Wind","Rupture"],"picked":"Armaments","floor":12.0},{"not_picked":["Warcry","Reckless Charge"],"picked":"Disarm","floor":13.0},{"not_picked":["Wild Strike","Power Through"],"picked":"Flame Barrier","floor":14.0},{"not_picked":["Berserk","Barricade"],"picked":"Juggernaut","floor":16.0},{"not_picked":["Armaments","Pommel Strike"],"picked":"Flex","floor":17.0},{"not_picked":["Headbutt","Clash"],"picked":"Armaments+1","floor":18.0},{"not_picked":["Hemokinesis","Perfected Strike+1"],"picked":"Heavy Blade+1","floor":19.0}],"player_experience":47008,"relics_obtained":[{"floor":7.0,"key":"Bottled Lightning"},{"floor":9.0,"key":"Vajra"},{"floor":14.0,"key":"Odd Mushroom"}],"event_choices":[{"damage_healed":0.0,"max_hp_gain":0.0,"max_hp_loss":0.0,"gold_gain":0.0,"event_name":"Mushrooms","player_choice":"Fought Mushrooms","floor":14.0,"gold_loss":0.0,"damage_taken":0.0}],"is_beta":false,"boss_relics":[{"not_picked":["Ectoplasm","Runic Dome"],"picked":"Tiny House"}],"items_purged_floors":[],"is_endless":false,"potions_floor_spawned":[4,7,10,11,13,18],"killed_by":"3 Cultists","ascension_level":0}