{"gold_per_floor":[110,110,185,197,213,241,241,270,293,253,273,273,286,306,306,404,404,414,329,329,37,49,79,91,91,91,111,144,158,60,78,78,78],"floor_reached":33,"playtime":2970,"items_purged":["Writhe"],"score":279,"play_id":"91dd1cb5-0c8f-4a53-a9ed-07df7596684f","local_time":"20180715010356","is_ascension_mode":false,"campfire_choices":[{"data":"Zap","floor":7,"key":"SMITH"},{"floor":15,"key":"REST"},{"data":"Hello World","floor":25,"key":"SMITH"},{"floor":32,"key":"REST"}],"neow_cost":"CURSE","seed_source_timestamp":48199892610261,"circlet_count":0,"master_deck":["Strike_B","Strike_B","Strike_B","Defend_B","Defend_B","Defend_B","Zap+1","Loop","Defragment","Coolheaded","Sweeping Beam","Steam+1","Beam Cell","Tempest+1","Aggregate","Gash","Hello World+1","Electrodynamics","Streamline","Tempest+1","Fusion","Streamline+1","Ball Lightning","Storm","Force Field+1","Hologram","Doom and Gloom","Compile Driver+1"],"relics":["Cracked Core","Anchor","Ancient Tea Set","Happy Flower","Philosopher\u0027s Stone","War Paint","Lantern","Potion Belt","Pear","Red Mask"],"potions_floor_usage":[14,16,23,24,24,27,28,33],"damage_taken":[{"damage":10,"enemies":"2 Louse","floor":1,"turns":3},{"damage":6,"enemies":"Cultist","floor":4,"turns":4},{"damage":6,"enemies":"Jaw Worm","floor":5,"turns":4},{"damage":20,"enemies":"Lagavulin","floor":6,"turns":8},{"damage":16,"enemies":"Gremlin Nob","floor":8,"turns":4},{"damage":2,"enemies":"Looter","floor":11,"turns":3},{"damage":0,"enemies":"3 Louse","floor":13,"turns":3},{"damage":1,"enemies":"Exordium Thugs","floor":14,"turns":4},{"damage":25,"enemies":"Slime Boss","floor":16,"turns":6},{"damage":0,"enemies":"Chosen","floor":18,"turns":4},{"damage":12,"enemies":"Spheric Guardian","floor":22,"turns":3},{"damage":12,"enemies":"Gremlin Leader","floor":23,"turns":5},{"damage":8,"enemies":"3 Cultists","floor":24,"turns":3},{"damage":21,"enemies":"Cultist and Chosen","floor":27,"turns":5},{"damage":13,"floor":28,"turns":3},{"damage":0,"enemies":"Chosen and Byrds","floor":29,"turns":4},{"damage":3,"enemies":"Snake Plant","floor":31,"turns":2},{"damage":42,"enemies":"Collector","floor":33,"turns":7}],"seed_played":"9101735086536360506","potions_obtained":[{"floor":10,"key":"Block Potion"},{"floor":10,"key":"FairyPotion"},{"floor":10,"key":"Dexterity Potion"},{"floor":14,"key":"FocusPotion"},{"floor":16,"key":"Fire Potion"},{"floor":18,"key":"SpeedPotion"},{"floor":23,"key":"Fire Potion"},{"floor":27,"key":"SkillPotion"},{"floor":31,"key":"SteroidPotion"}],"is_trial":false,"path_per_floor":["M","?","?","M","M","E","R","E","T","?","M","?","M","M","R","B",null,"M","?","?","$","M","E","M","R","T","M","?","M","$","M","R"],"character_chosen":"DEFECT","items_purchased":["Lantern","Fusion","SmokeBomb"],"campfire_rested":2,"item_purchase_floors":[21,21,30],"current_hp_per_floor":[65,65,54,48,42,22,22,6,6,6,4,4,4,3,25,7,75,75,75,75,75,63,51,43,43,53,32,19,19,19,16,41,0],"gold":78,"neow_bonus":"TRANSFORM_TWO_CARDS","is_prod":false,"is_daily":false,"chose_seed":false,"campfire_upgraded":2,"win_rate":0.0,"timestamp":1531609436,"path_taken":["M","?","?","?","?","E","R","E","T","?","M","?","M","M","R","BOSS","M","?","?","$","M","E","M","R","T","M","?","M","?","M","R","BOSS"],"build_version":"2018-07-12","purchased_purges":1,"victory":false,"max_hp_per_floor":[75,75,75,75,75,75,75,75,75,75,75,75,75,75,75,75,75,75,75,75,75,75,75,75,75,85,85,85,85,85,85,85,85],"card_choices":[{"not_picked":["Streamline","Hologram"],"picked":"Coolheaded","floor":1},{"not_picked":["Undo","Hologram"],"picked":"Steam","floor":4},{"not_picked":["Sweeping Beam","Leap"],"picked":"Beam Cell","floor":5},{"not_picked":["Coolheaded","Go for the Eyes","Steam"],"picked":"SKIP","floor":6},{"not_picked":["Blizzard","Stack"],"picked":"Tempest","floor":8},{"not_picked":["Streamline","Leap"],"picked":"Aggregate","floor":11},{"not_picked":["Coolheaded","Go for the Eyes"],"picked":"Gash","floor":13},{"not_picked":["Steam","Reinforced Body"],"picked":"Hello World","floor":14},{"not_picked":["Buffer","Creative AI"],"picked":"Electrodynamics","floor":16},{"not_picked":["Conserve Battery","Chill"],"picked":"Streamline","floor":18},{"not_picked":["Redo+1","Sweeping Beam+1"],"picked":"Streamline+1","floor":22},{"not_picked":["Multi-Cast","Stack"],"picked":"Ball Lightning","floor":23},{"not_picked":["Skim","Beam Cell"],"picked":"Storm","floor":24},{"not_picked":["Ball Lightning","Cold Snap"],"picked":"Force Field+1","floor":27},{"not_picked":["Skim","Barrage"],"picked":"Hologram","floor":28},{"not_picked":["Undo+1","Ball Lightning"],"picked":"Doom and Gloom","floor":29},{"not_picked":["Rip and Tear","Go for the Eyes+1"],"picked":"Compile Driver+1","floor":31}],"player_experience":20978,"relics_obtained":[{"floor":6,"key":"Anchor"},{"floor":8,"key":"Ancient Tea Set"},{"floor":9,"key":"Happy Flower"},{"floor":23,"key":"Potion Belt"},{"floor":26,"key":"Pear"},{"floor":28,"key":"Red Mask"}],"event_choices":[{"event_name":"Transmorgrifier","player_choice":"Transform","floor":2,"damage_taken":0},{"event_name":"World of Goop","player_choice":"Gather Gold","floor":3,"damage_taken":0},{"event_name":"The Woman in Blue","player_choice":"Bought 3 Potions","floor":10,"damage_taken":0},{"event_name":"Golden Wing","player_choice":"Ignored","floor":12,"damage_taken":0},{"event_name":"Addict","player_choice":"Obtained Relic","floor":19,"damage_taken":0},{"event_name":"Duplicator","player_choice":"One dupe","floor":20,"damage_taken":0},{"event_name":"Masked Bandits","player_choice":"Fought over 111 gold","floor":28,"damage_taken":0}],"boss_relics":[{"not_picked":["Inserter","Ectoplasm"],"picked":"Philosopher\u0027s Stone"}],"items_purged_floors":[21],"is_endless":false,"potions_floor_spawned":[11,13,14,16,18,23,27,31],"killed_by":"Collector","ascension_level":0}