{"gold_per_floor":[116,126,145,160,160,160,185,185,185,335,351,351,31,42,42,113,113,80,90,90,90,103,103,103,103,103,3,3],"floor_reached":28,"playtime":1713,"items_purged":["Doubt","Dual Wield"],"score":440,"play_id":"72ecf3a2-bbc9-4298-a419-857a5b7f95f7","local_time":"20190605122440","is_ascension_mode":true,"campfire_choices":[{"data":"Armaments","floor":6,"key":"SMITH"},{"data":"Metallicize","floor":8,"key":"SMITH"},{"data":"Shockwave","floor":12,"key":"SMITH"},{"data":"Bash","floor":15,"key":"SMITH"},{"data":"Flame Barrier","floor":24,"key":"SMITH"}],"neow_cost":"NONE","seed_source_timestamp":1189844374866353,"circlet_count":0,"master_deck":["AscendersBane","Bash+1","Armaments+1","Shockwave+1","Burning Pact","Pommel Strike","Metallicize+1","Evolve","Headbutt","Inflame+1","Reaper","Dark Embrace+1","Havoc","Demon Form+1","Fiend Fire","Double Tap","Thunderclap","Flex","Flame Barrier+1","Second Wind"],"relics":["Burning Blood","Shuriken","Strawberry","Frozen Egg 2","Oddly Smooth Stone","Pandora\u0027s Box","Singing Bowl","Nilry\u0027s Codex","Bottled Tornado"],"potions_floor_usage":[16,23],"damage_taken":[{"damage":4,"enemies":"Jaw Worm","floor":1,"turns":5},{"damage":13,"enemies":"Small Slimes","floor":2,"turns":4},{"damage":3,"enemies":"2 Louse","floor":3,"turns":4},{"damage":10,"enemies":"Exordium Wildlife","floor":4,"turns":5},{"damage":19,"enemies":"3 Sentries","floor":7,"turns":9},{"damage":9,"enemies":"Looter","floor":11,"turns":3},{"damage":5,"enemies":"Blue Slaver","floor":14,"turns":4},{"damage":32,"enemies":"The Guardian","floor":16,"turns":16},{"damage":40,"enemies":"2 Thieves","floor":18,"turns":5},{"damage":19,"enemies":"Shell Parasite","floor":19,"turns":5},{"damage":17,"enemies":"Snake Plant","floor":22,"turns":5},{"damage":0,"enemies":"Gremlin Leader","floor":23,"turns":1},{"damage":18,"enemies":"3 Cultists","floor":28,"turns":3}],"seed_played":"3147152798650477770","potions_obtained":[{"floor":4,"key":"Weak Potion"},{"floor":11,"key":"Strength Potion"},{"floor":16,"key":"SmokeBomb"},{"floor":22,"key":"Fire Potion"}],"is_trial":false,"path_per_floor":["M","M","M","M","?","R","E","R","T","?","M","R","$","M","R","B",null,"M","M","?","?","M","E","R","?","T","$","M"],"character_chosen":"IRONCLAD","items_purchased":["Inflame+1","Oddly Smooth Stone"],"campfire_rested":0,"item_purchase_floors":[13,13],"current_hp_per_floor":[70,63,66,62,57,57,51,51,51,51,48,48,48,49,49,31,69,49,38,38,38,32,38,38,17,17,17,0],"gold":3,"neow_bonus":"TRANSFORM_CARD","is_prod":false,"is_daily":false,"chose_seed":false,"campfire_upgraded":5,"win_rate":0,"timestamp":1559762680,"path_taken":["M","M","M","M","?","R","E","R","T","?","M","R","$","M","R","BOSS","M","M","?","?","M","E","R","?","T","?","M"],"build_version":"2019-01-23","purchased_purges":2,"victory":false,"max_hp_per_floor":[75,75,75,75,75,75,82,82,82,82,82,82,82,82,82,82,82,82,82,82,82,84,84,84,84,84,84,84],"card_choices":[{"not_picked":["Perfected Strike","Wild Strike"],"picked":"Shockwave","floor":1},{"not_picked":["Seeing Red","Body Slam"],"picked":"Burning Pact","floor":2},{"not_picked":["Havoc","Iron Wave"],"picked":"Pommel Strike","floor":3},{"not_picked":["Warcry","Twin Strike"],"picked":"Metallicize","floor":4},{"not_picked":["Havoc","Infernal Blade"],"picked":"Evolve","floor":7},{"not_picked":["Armaments","Havoc"],"picked":"Headbutt","floor":11},{"not_picked":["Entrench","Anger"],"picked":"Reaper","floor":14},{"not_picked":["Fiend Fire","Feed"],"picked":"Dark Embrace+1","floor":16},{"not_picked":["Pommel Strike","Perfected Strike","Cleave"],"picked":"SKIP","floor":18},{"not_picked":["Havoc","Sever Soul"],"picked":"Second Wind","floor":19},{"not_picked":["Uppercut","Rampage","Clothesline"],"picked":"Singing Bowl","floor":22}],"player_experience":806084,"relics_obtained":[{"floor":7,"key":"Strawberry"},{"floor":9,"key":"Frozen Egg 2"},{"floor":25,"key":"Nilry\u0027s Codex"},{"floor":26,"key":"Bottled Tornado"}],"event_choices":[{"damage_healed":0,"gold_gain":0,"player_choice":"Success","damage_taken":5,"relics_obtained":["Shuriken"],"max_hp_gain":0,"max_hp_loss":0,"event_name":"Scrap Ooze","floor":5,"gold_loss":0},{"damage_healed":0,"gold_gain":150,"player_choice":"AGREE","damage_taken":0,"max_hp_gain":0,"max_hp_loss":0,"event_name":"Liars Game","floor":10,"gold_loss":0,"cards_obtained":["Doubt"]},{"damage_healed":0,"gold_gain":0,"player_choice":"Opened","damage_taken":0,"relics_obtained":["Singing Bowl"],"max_hp_gain":0,"max_hp_loss":0,"event_name":"The Mausoleum","floor":20,"gold_loss":0,"cards_obtained":["Writhe"]},{"cards_removed":["Writhe"],"damage_healed":0,"gold_gain":0,"player_choice":"Elegance","damage_taken":0,"max_hp_gain":0,"max_hp_loss":0,"event_name":"Back to Basics","floor":21,"gold_loss":0},{"damage_healed":0,"gold_gain":0,"player_choice":"Obtained Book","damage_taken":21,"max_hp_gain":0,"max_hp_loss":0,"event_name":"Cursed Tome","floor":25,"gold_loss":0}],"is_beta":false,"boss_relics":[{"not_picked":["Runic Cube","Lizard Tail"],"picked":"Pandora\u0027s Box"}],"items_purged_floors":[13,27],"is_endless":false,"potions_floor_spawned":[4,11,14,16,22],"killed_by":"3 Cultists","ascension_level":17}