{"gold_per_floor":[115,128,128,30,50,50,109,141,180,209,277,289,301,333,345,460,472,495,283,300,300],"floor_reached":21,"playtime":1996,"items_purged":[],"score":171,"play_id":"6eecc12b-419f-40ce-bc44-17a622fee143","local_time":"20190601131212","is_ascension_mode":false,"campfire_choices":[{"data":"Jack Of All Trades","floor":6,"key":"SMITH"},{"floor":13,"key":"REST"},{"floor":15,"key":"REST"}],"neow_cost":"NONE","seed_source_timestamp":413872119981996,"circlet_count":0,"master_deck":["Defend_B","Defend_B","Defend_B","Defend_B","Zap","Dualcast","Lockon","Coolheaded","Jack Of All Trades+1","Chaos","Streamline","Ball Lightning","Stack","Beam Cell","Rainbow","Melter+1","Tempest+1","Auto Shields+1","Capacitor","Self Repair","Gash+1"],"relics":["Cracked Core","MawBank","Juzu Bracelet","Astrolabe","Medical Kit"],"potions_floor_usage":[],"damage_taken":[{"damage":1,"enemies":"Jaw Worm","floor":1,"turns":3},{"damage":4,"enemies":"2 Louse","floor":2,"turns":3},{"damage":2,"enemies":"Cultist","floor":5,"turns":4},{"damage":55,"enemies":"Gremlin Nob","floor":7,"turns":5},{"damage":3,"enemies":"2 Fungi Beasts","floor":8,"turns":4},{"damage":15,"enemies":"3 Louse","floor":10,"turns":3},{"damage":0,"enemies":"Large Slime","floor":14,"turns":5},{"damage":44,"enemies":"Hexaghost","floor":16,"turns":8},{"damage":14,"enemies":"3 Byrds","floor":18,"turns":4},{"damage":33,"enemies":"Shell Parasite","floor":20,"turns":5},{"damage":43,"enemies":"3 Cultists","floor":21,"turns":4}],"seed_played":"5201939963402597974","potions_obtained":[{"floor":7,"key":"Regen Potion"},{"floor":8,"key":"LiquidBronze"},{"floor":14,"key":"SteroidPotion"}],"is_trial":false,"path_per_floor":["M","M","?","$","M","R","?","M","T","M","?","?","R","M","R","B",null,"M","$","M","M"],"character_chosen":"DEFECT","items_purchased":["Jack Of All Trades","Self Repair","Medical Kit"],"campfire_rested":2,"item_purchase_floors":[4,19,19],"current_hp_per_floor":[81,77,77,77,75,75,20,17,17,2,2,2,26,26,50,6,82,68,68,42,0],"gold":300,"neow_bonus":"TEN_PERCENT_HP_BONUS","is_prod":false,"is_daily":false,"chose_seed":false,"campfire_upgraded":1,"win_rate":0.0,"timestamp":1559409132,"path_taken":["M","M","?","$","M","R","?","M","T","M","?","?","R","M","R","BOSS","M","$","M","M"],"build_version":"2019-01-23","purchased_purges":0,"victory":false,"max_hp_per_floor":[82,82,82,82,82,82,82,82,82,82,82,82,82,82,82,82,82,82,82,82,82],"card_choices":[{"not_picked":["Steam","Beam Cell"],"picked":"Lockon","floor":1},{"not_picked":["Leap","Reprogram"],"picked":"Coolheaded","floor":2},{"not_picked":["Blizzard","Conserve Battery"],"picked":"Chaos","floor":5},{"not_picked":["Steam Power","Machine Learning"],"picked":"Streamline","floor":7},{"not_picked":["Defragment","Glacier"],"picked":"Ball Lightning","floor":8},{"not_picked":["Leap","Reprogram"],"picked":"Stack","floor":10},{"not_picked":["Lockon","Conserve Battery"],"picked":"Beam Cell","floor":14},{"not_picked":["Amplify","Multi-Cast"],"picked":"Rainbow","floor":16},{"not_picked":["Consume","Steam+1"],"picked":"Capacitor","floor":18},{"not_picked":["Hologram","Go for the Eyes"],"picked":"Gash+1","floor":20}],"player_experience":9176,"relics_obtained":[{"floor":7,"key":"MawBank"},{"floor":9,"key":"Juzu Bracelet"}],"event_choices":[{"damage_healed":0,"gold_gain":0,"player_choice":"Ignored","damage_taken":0,"max_hp_gain":0,"max_hp_loss":0,"event_name":"Liars Game","floor":3,"gold_loss":0},{"damage_healed":0,"gold_gain":0,"player_choice":"Searched \u00271\u0027 times","damage_taken":0,"max_hp_gain":0,"max_hp_loss":0,"event_name":"Dead Adventurer","floor":7,"gold_loss":0},{"damage_healed":0,"gold_gain":56,"player_choice":"Gained Gold","damage_taken":0,"max_hp_gain":0,"max_hp_loss":0,"event_name":"Golden Wing","floor":11,"gold_loss":0},{"cards_removed":["Strike_B"],"damage_healed":0,"gold_gain":0,"player_choice":"Card Removal","damage_taken":0,"max_hp_gain":0,"max_hp_loss":0,"event_name":"Wheel of Change","floor":12,"gold_loss":0}],"is_beta":false,"boss_relics":[{"not_picked":["Black Star","Lizard Tail"],"picked":"Astrolabe"}],"items_purged_floors":[],"is_endless":false,"potions_floor_spawned":[7,8,14,16,20],"killed_by":"3 Cultists","ascension_level":0}