{"gold_per_floor":[115,290,306,306,319,319,353,353,426,426,441,516,526,63,63,164,164,181,194,194,174,193,193,204,15,15,25,25,36,36,55,55,154,154,171,188,188,207,207,207,220,220,220,238,238,87,87,87,87,87],"floor_reached":51,"playtime":8428,"items_purged":["Doubt","Strike_G"],"score":624,"play_id":"51f0cdd5-9f82-4653-b532-8ef4cd0a03c0","local_time":"20180823175846","is_ascension_mode":false,"campfire_choices":[{"data":"Envenom","floor":6,"key":"SMITH"},{"floor":8,"key":"REST"},{"data":"Predator","floor":10,"key":"SMITH"},{"floor":15,"key":"REST"},{"data":"Burst","floor":23,"key":"SMITH"},{"floor":28,"key":"REST"},{"floor":30,"key":"REST"},{"data":"Neutralize","floor":32,"key":"SMITH"},{"floor":40,"key":"REST"},{"floor":47,"key":"REST"},{"data":"Bullet Time","floor":49,"key":"SMITH"}],"neow_cost":"NONE","seed_source_timestamp":25268429525478,"circlet_count":0,"master_deck":["Defend_G","Defend_G","Defend_G","Defend_G","Strike_G","Strike_G","Strike_G","Survivor","Neutralize+1","Envenom+1","Deadly Poison","Blur","Noxious Fumes","Predator+1","Blur","Caltrops","Burst+1","Bouncing Flask","Backstab+1","Leg Sweep+1","Bullet Time+1","Blade Dance+1","Bullet Time+1","Acrobatics+1","Footwork+1","Outmaneuver+1"],"relics":["Ring of the Snake","Letter Opener","Strawberry","Question Card","Lantern","Toy Ornithopter","Empty Cage","Vajra","White Beast Statue","Ginger","Bottled Flame","Snake Skull"],"potions_floor_usage":[7,16,16,19,22,22,22,29,29,31,31,33,35,36,37,38,38,41,41,44,44,50,50,50],"damage_taken":[{"damage":4,"enemies":"2 Louse","floor":1,"turns":4},{"damage":7,"enemies":"Small Slimes","floor":3,"turns":5},{"damage":17,"enemies":"Jaw Worm","floor":5,"turns":6},{"damage":29,"enemies":"Gremlin Nob","floor":7,"turns":5},{"damage":12,"enemies":"Looter","floor":11,"turns":3},{"damage":0,"enemies":"Large Slime","floor":13,"turns":5},{"damage":20,"enemies":"Slime Boss","floor":16,"turns":9},{"damage":20,"enemies":"Spheric Guardian","floor":18,"turns":6},{"damage":35,"enemies":"2 Thieves","floor":19,"turns":5},{"damage":0,"enemies":"Snake Plant","floor":22,"turns":3},{"damage":21,"enemies":"Centurion and Healer","floor":24,"turns":6},{"damage":7,"enemies":"Chosen and Byrds","floor":27,"turns":5},{"damage":6,"enemies":"Shelled Parasite and Fungi","floor":29,"turns":5},{"damage":6,"enemies":"Snecko","floor":31,"turns":6},{"damage":74,"enemies":"Collector","floor":33,"turns":10},{"damage":55,"enemies":"3 Darklings","floor":35,"turns":7},{"damage":7,"enemies":"Flame Bruiser 1 Orb","floor":36,"turns":7},{"damage":11,"floor":37,"turns":8},{"damage":0,"enemies":"4 Shapes","floor":38,"turns":5},{"damage":28,"enemies":"Sphere and 2 Shapes","floor":41,"turns":5},{"damage":11,"enemies":"Transient","floor":44,"turns":5},{"damage":25,"enemies":"Awakened One","floor":50,"turns":19}],"seed_played":"3595351447568991415","potions_obtained":[{"floor":1,"key":"GamblersBrew"},{"floor":7,"key":"SmokeBomb"},{"floor":13,"key":"SkillPotion"},{"floor":16,"key":"LiquidBronze"},{"floor":18,"key":"SteroidPotion"},{"floor":19,"key":"GhostInAJar"},{"floor":21,"key":"Fruit Juice"},{"floor":27,"key":"AttackPotion"},{"floor":35,"key":"Strength Potion"},{"floor":36,"key":"Dexterity Potion"},{"floor":37,"key":"Dexterity Potion"},{"floor":38,"key":"GamblersBrew"},{"floor":41,"key":"SteroidPotion"},{"floor":44,"key":"EssenceOfSteel"}],"is_trial":false,"path_per_floor":["M","?","M","T","M","R","E","R","T","R","M","?","M","$","R","B",null,"M","M","?","?","M","R","M","$","T","M","R","M","R","M","R","B",null,"M","M","?","M","$","R","M","?","T","M","?","$","R","?","R","B"],"character_chosen":"THE_SILENT","items_purchased":["Lantern","Toy Ornithopter","Fire Potion","Noxious Fumes","Block Potion","Snake Skull"],"campfire_rested":6,"item_purchase_floors":[14,14,14,25,25,46],"current_hp_per_floor":[66,66,59,59,42,42,20,43,43,43,31,20,20,20,43,29,77,57,25,25,25,39,39,18,18,18,11,35,35,59,74,74,3,82,45,41,33,39,39,63,41,41,41,36,36,36,60,92,92,67],"gold":87,"neow_bonus":"ONE_RANDOM_RARE_CARD","is_prod":false,"is_daily":false,"chose_seed":false,"campfire_upgraded":5,"win_rate":0.0,"timestamp":1535039926,"path_taken":["M","?","M","?","M","R","E","R","T","R","M","?","?","$","R","BOSS","M","M","?","?","M","R","?","$","T","M","R","M","R","M","R","BOSS","M","M","?","?","$","R","M","?","T","?","?","$","R","?","R","BOSS"],"build_version":"2018-08-16","purchased_purges":2,"victory":true,"max_hp_per_floor":[70,70,70,70,70,70,77,77,77,77,77,77,77,77,77,77,77,77,77,77,77,82,82,82,82,82,82,82,82,82,82,82,82,82,82,82,82,82,82,82,82,82,82,82,82,82,82,92,92,92],"card_choices":[{"not_picked":["Blade Dance","Slice"],"picked":"Deadly Poison","floor":1},{"not_picked":["Skewer","Blade Dance"],"picked":"Blur","floor":3},{"not_picked":["Leg Sweep","Deflect"],"picked":"Noxious Fumes","floor":5},{"not_picked":["Backflip","Prepared"],"picked":"Predator","floor":7},{"not_picked":["Expertise","Dodge and Roll","Underhanded Strike"],"picked":"Blur","floor":11},{"not_picked":["Sucker Punch","Finisher","Flechettes"],"picked":"Caltrops","floor":13},{"not_picked":["Phantasmal Killer","Malaise","Unload"],"picked":"Burst","floor":16},{"not_picked":["Blade Dance","Outmaneuver","Prepared"],"picked":"Bouncing Flask","floor":18},{"not_picked":["PiercingWail","Deadly Poison","Choke+1","Deflect+1"],"picked":"SKIP","floor":19},{"not_picked":["Poisoned Stab","Expertise+1","Acrobatics"],"picked":"Backstab+1","floor":22},{"not_picked":["Well Laid Plans","Heel Hook","Prepared"],"picked":"Leg Sweep+1","floor":24},{"not_picked":["Heel Hook","Dagger Throw","Blade Dance"],"picked":"Venomology","floor":27},{"not_picked":["Prepared","Bouncing Flask","Heel Hook","PiercingWail"],"picked":"SKIP","floor":29},{"not_picked":["Finisher+1","Dagger Spray","Poisoned Stab","Deadly Poison"],"picked":"SKIP","floor":31},{"not_picked":["A Thousand Cuts","Wraith Form v2","Burst"],"picked":"Bullet Time","floor":33},{"not_picked":["Quick Slash+1","Calculated Gamble+1","Blade Dance+1","Backflip"],"picked":"SKIP","floor":35},{"not_picked":["Riddle With Holes","Dagger Throw","Poisoned Stab"],"picked":"Blade Dance+1","floor":36},{"not_picked":["Flechettes","Slice+1","Deflect+1"],"picked":"Bullet Time","floor":37},{"not_picked":["Deflect+1","Eviscerate","Deadly Poison"],"picked":"Acrobatics+1","floor":38},{"not_picked":["Deadly Poison+1","Bouncing Flask+1","Blur+1"],"picked":"Footwork+1","floor":41},{"not_picked":["Finisher+1","Blade Dance","Underhanded Strike+1"],"picked":"Outmaneuver+1","floor":44}],"player_experience":11460,"relics_obtained":[{"floor":4,"key":"Letter Opener"},{"floor":7,"key":"Strawberry"},{"floor":9,"key":"Question Card"},{"floor":26,"key":"Vajra"},{"floor":37,"key":"Ginger"},{"floor":43,"key":"Bottled Flame"}],"event_choices":[{"event_name":"Liars Game","player_choice":"agreed","floor":2,"damage_taken":0},{"event_name":"World of Goop","player_choice":"Gather Gold","floor":12,"damage_taken":0},{"event_name":"Ghosts","player_choice":"Ignored","floor":20,"damage_taken":0},{"event_name":"The Woman in Blue","player_choice":"Bought 1 Potion","floor":21,"damage_taken":0},{"event_name":"MindBloom","player_choice":"Fight","floor":37,"damage_taken":0},{"event_name":"Falling","player_choice":"Removed Power","floor":42,"damage_taken":0},{"event_name":"Accursed Blacksmith","player_choice":"Forge","floor":45,"damage_taken":0},{"event_name":"Bonfire Elementals","player_choice":"RARE","floor":48,"damage_taken":0}],"is_beta":false,"boss_relics":[{"not_picked":["Orrery","Coffee Dripper"],"picked":"Empty Cage"},{"not_picked":["HoveringKite","Tiny House"],"picked":"White Beast Statue"}],"items_purged_floors":[14,25],"is_endless":false,"potions_floor_spawned":[1,7,13,16,18,19,27,35,36,37,38,41,44],"ascension_level":0}