{"gold_per_floor":[167,167,177,189,6,40,60,93,93,105],"floor_reached":10,"playtime":697,"items_purged":["Regret"],"score":140,"play_id":"c7615718-a084-4703-84ed-96283a75d389","local_time":"20190520192313","is_ascension_mode":true,"campfire_choices":[],"neow_cost":"NONE","seed_source_timestamp":436579521773838,"circlet_count":0,"master_deck":["AscendersBane","Defend_G","Defend_G","Defend_G","Defend_G","Defend_G","Strike_G","Strike_G","Strike_G","Strike_G","Strike_G+1","Survivor","Neutralize","Crippling Poison","Caltrops","Bouncing Flask","Slice","Mind Blast","Terror","Escape Plan","Masterful Stab"],"special_seed":0,"relics":["Tiny House","Centennial Puzzle","Bronze Scales","Frozen Egg 2","MawBank"],"potions_floor_usage":[6,8,10],"damage_taken":[{"damage":2.0,"enemies":"Jaw Worm","floor":1.0,"turns":6.0},{"damage":3.0,"enemies":"2 Louse","floor":3.0,"turns":2.0},{"damage":6.0,"enemies":"Cultist","floor":4.0,"turns":4.0},{"damage":14,"enemies":"3 Sentries","floor":6,"turns":8},{"damage":9,"enemies":"3 Louse","floor":7,"turns":4},{"damage":20,"enemies":"Lagavulin","floor":8,"turns":9},{"damage":14,"enemies":"3 Sentries","floor":10,"turns":2}],"seed_played":"-7089803764161681396","potions_obtained":[{"floor":0.0,"key":"LiquidBronze"},{"floor":1.0,"key":"LiquidBronze"},{"floor":4.0,"key":"Block Potion"},{"floor":7,"key":"Energy Potion"},{"floor":8,"key":"FearPotion"}],"is_trial":false,"path_per_floor":["M","?","M","M","$","E","M","E","T","E"],"character_chosen":"THE_SILENT","items_purchased":["Mind Blast"],"campfire_rested":0,"item_purchase_floors":[5],"current_hp_per_floor":[62,62,59,53,53,39,30,10,10,0],"gold":105,"neow_bonus":"BOSS_RELIC","is_prod":false,"is_daily":false,"chose_seed":false,"campfire_upgraded":0,"win_rate":0,"timestamp":1558347793,"path_taken":["M","?","M","M","$","E","M","E","T","E"],"build_version":"2019-01-23","purchased_purges":1,"victory":false,"max_hp_per_floor":[71,71,71,71,71,71,71,71,71,71],"card_choices":[{"not_picked":["Blade Dance","Distraction"],"picked":"Crippling Poison","floor":0.0},{"not_picked":["PiercingWail","Slice"],"picked":"Caltrops","floor":1.0},{"not_picked":["Concentrate","Sucker Punch"],"picked":"Bouncing Flask","floor":3.0},{"not_picked":["Acrobatics","Deadly Poison"],"picked":"Slice","floor":4.0},{"not_picked":["Predator","Flechettes"],"picked":"Terror","floor":6},{"not_picked":["Dagger Spray","Bane"],"picked":"Escape Plan","floor":7},{"not_picked":["Poisoned Stab","Riddle With Holes"],"picked":"Masterful Stab","floor":8}],"player_experience":1101733,"relics_obtained":[{"floor":6,"key":"Bronze Scales"},{"floor":8,"key":"Frozen Egg 2"},{"floor":9,"key":"MawBank"}],"event_choices":[{"damage_healed":0.0,"max_hp_gain":0.0,"max_hp_loss":0.0,"gold_gain":0.0,"event_name":"Big Fish","player_choice":"Box","floor":2.0,"gold_loss":0.0,"damage_taken":0.0,"relics_obtained":["Centennial Puzzle"],"cards_obtained":["Regret"]}],"is_beta":false,"boss_relics":[],"items_purged_floors":[5],"is_endless":false,"potions_floor_spawned":[1,4,7,8],"killed_by":"3 Sentries","ascension_level":16}