{"gold_per_floor":[113,126,145,163,175,175,10,10,64,64,134,59,59,1,1,99,99,142,142,8,83,96,96,146,146,146,166,204,129,195,195,195,297,297,336,347,191,191,211,268,143,143,143,157,187,187,214,214,214,214],"floor_reached":50,"playtime":4601,"items_purged":["Strike_B","Doubt","Strike_B"],"score":940,"play_id":"a99c05b6-c479-46e1-8549-c53900dffb8b","local_time":"20190517124411","is_ascension_mode":true,"campfire_choices":[{"data":"Zap","floor":6.0,"key":"SMITH"},{"data":"Dualcast","floor":8.0,"key":"SMITH"},{"data":"HandOfGreed","floor":10.0,"key":"SMITH"},{"data":"Echo Form","floor":13.0,"key":"SMITH"},{"floor":15.0,"key":"REST"},{"floor":23.0,"key":"REST"},{"floor":25.0,"key":"REST"},{"floor":32.0,"key":"REST"},{"floor":42.0,"key":"RECALL"},{"floor":49.0,"key":"REST"}],"neow_cost":"CURSE","seed_source_timestamp":0,"circlet_count":0,"master_deck":["AscendersBane","Defend_B","Defend_B","Defend_B","Defend_B","Zap+1","Dualcast+1","Chill","FTL","Coolheaded","HandOfGreed+1","Echo Form+1","Buffer","Chill","Fusion","Conserve Battery","Self Repair","Defragment","Chill+1","Hologram","Reinforced Body+1","White Noise+1","Discovery"],"special_seed":0,"relics":["Cracked Core","Emotion Chip","Darkstone Periapt","Nuclear Battery","Nilry\u0027s Codex","Omamori","Singing Bowl","Sozu","Oddly Smooth Stone","Gambling Chip","Dream Catcher","Pear","Blood Vial"],"potions_floor_usage":[],"damage_taken":[{"damage":12.0,"enemies":"Small Slimes","floor":1.0,"turns":4.0},{"damage":0.0,"enemies":"Cultist","floor":2.0,"turns":3.0},{"damage":9.0,"enemies":"2 Louse","floor":3.0,"turns":2.0},{"damage":3.0,"enemies":"Lots of Slimes","floor":4.0,"turns":2.0},{"damage":6.0,"enemies":"Looter","floor":5.0,"turns":3.0},{"damage":6.0,"enemies":"Large Slime","floor":11.0,"turns":6.0},{"damage":31.0,"enemies":"Hexaghost","floor":16.0,"turns":9.0},{"damage":24.0,"enemies":"Shell Parasite","floor":18.0,"turns":6.0},{"damage":5.0,"enemies":"Spheric Guardian","floor":22.0,"turns":4.0},{"damage":32.0,"enemies":"Book of Stabbing","floor":24.0,"turns":7.0},{"damage":21.0,"enemies":"Snake Plant","floor":27.0,"turns":4.0},{"damage":7.0,"enemies":"Snecko","floor":28.0,"turns":6.0},{"damage":2.0,"enemies":"Centurion and Healer","floor":30.0,"turns":14.0},{"damage":0.0,"enemies":"Champ","floor":33.0,"turns":15.0},{"damage":1.0,"enemies":"3 Shapes","floor":35.0,"turns":7.0},{"damage":2.0,"enemies":"Orb Walker","floor":36.0,"turns":4.0},{"damage":23.0,"enemies":"3 Darklings","floor":39.0,"turns":10.0},{"damage":23.0,"enemies":"Reptomancer","floor":40.0,"turns":11.0},{"damage":21.0,"enemies":"Spire Growth","floor":44.0,"turns":7.0},{"damage":38.0,"enemies":"Nemesis","floor":45.0,"turns":17.0},{"damage":16.0,"enemies":"Giant Head","floor":47.0,"turns":10.0},{"damage":82,"enemies":"Awakened One","floor":50,"turns":8}],"seed_played":"-3040899423776116732","potions_obtained":[{"floor":2.0,"key":"Explosive Potion"},{"floor":5.0,"key":"FairyPotion"},{"floor":22.0,"key":"LiquidBronze"},{"floor":24.0,"key":"SpeedPotion"},{"floor":28.0,"key":"GamblersBrew"}],"is_trial":false,"path_per_floor":["M","M","M","M","M","R","$","R","T","R","M","$","R","?","R","B",null,"M","?","$","?","M","R","E","R","T","M","M","?","M","?","R","B",null,"M","M","$","?","M","E","$","R","T","M","E","?","E","?","R","B"],"character_chosen":"DEFECT","items_purchased":["HandOfGreed","Fusion","Oddly Smooth Stone"],"campfire_rested":5,"item_purchase_floors":[7,20,37],"current_hp_per_floor":[56,56,47,44,38,38,38,38,38,38,32,32,32,32,54,23,62,38,22,22,15,10,32,7,29,29,17,17,17,22,22,45,54,73,79,81,81,81,67,60,60,60,60,48,27,27,20,45,76,0],"gold":214,"neow_bonus":"ONE_RARE_RELIC","is_prod":false,"is_daily":false,"chose_seed":false,"campfire_upgraded":4,"win_rate":0,"timestamp":1558122251,"path_taken":["M","M","M","M","M","R","$","R","T","R","M","$","R","?","R","BOSS","M","?","$","?","M","R","E","R","T","?","M","?","M","?","R","BOSS","M","?","$","?","?","E","?","R","T","M","E","?","E","?","R","BOSS"],"build_version":"2019-01-23","purchased_purges":3,"victory":false,"max_hp_per_floor":[75,75,75,75,75,75,75,75,75,75,75,75,75,75,75,75,75,75,75,75,75,75,75,75,75,75,77,77,77,77,77,77,79,79,79,81,81,81,83,85,85,85,85,87,97,97,99,99,101,101],"card_choices":[{"not_picked":["Coolheaded","Gash"],"picked":"Chill","floor":1.0},{"not_picked":["Rebound","Barrage","Redo"],"picked":"SKIP","floor":2.0},{"not_picked":["Turbo","Stack"],"picked":"FTL","floor":3.0},{"not_picked":["Sweeping Beam","Beam Cell","Compile Driver"],"picked":"SKIP","floor":4.0},{"not_picked":["Beam Cell","Hologram"],"picked":"Coolheaded","floor":5.0},{"not_picked":["Genetic Algorithm","Storm"],"picked":"Echo Form","floor":11.0},{"not_picked":["Reboot","Thunder Strike"],"picked":"Buffer","floor":16.0},{"not_picked":["Conserve Battery","Tempest"],"picked":"Chill","floor":18.0},{"not_picked":["Compile Driver+1","Chaos"],"picked":"Conserve Battery","floor":22.0},{"not_picked":["Compile Driver+1","Beam Cell+1"],"picked":"Self Repair","floor":24.0},{"not_picked":["Compile Driver","Leap","Go for the Eyes"],"picked":"Singing Bowl","floor":27.0},{"not_picked":["Redo","Gash"],"picked":"Defragment","floor":28.0},{"not_picked":["BootSequence","Sweeping Beam"],"picked":"Chill+1","floor":30.0},{"not_picked":["Reboot","Meteor Strike","Fission"],"picked":"Singing Bowl","floor":33.0},{"not_picked":["Scrape+1","Gash"],"picked":"Reinforced Body+1","floor":35.0},{"not_picked":["Recycle+1","Rebound+1","Go for the Eyes+1"],"picked":"Singing Bowl","floor":36.0},{"not_picked":["Lockon","Hello World","Genetic Algorithm"],"picked":"Singing Bowl","floor":39.0},{"not_picked":["Streamline+1","Steam","Thunder Strike"],"picked":"Singing Bowl","floor":40.0},{"not_picked":["Rebound","Steam Power+1","Gash+1"],"picked":"Singing Bowl","floor":44.0},{"not_picked":["Sunder+1","Conserve Battery+1"],"picked":"White Noise+1","floor":45.0},{"not_picked":["Good Instincts","Violence"],"picked":"Discovery","floor":46.0},{"not_picked":["Hello World+1","Tempest+1","Darkness"],"picked":"Singing Bowl","floor":47.0},{"not_picked":["Barrage+1","Leap+1","Hologram"],"picked":"Singing Bowl","floor":49.0}],"player_experience":614914,"relics_obtained":[{"floor":19.0,"key":"Nilry\u0027s Codex"},{"floor":24.0,"key":"Omamori"},{"floor":26.0,"key":"Singing Bowl"},{"floor":40.0,"key":"Gambling Chip"},{"floor":43.0,"key":"Dream Catcher"},{"floor":45.0,"key":"Pear"},{"floor":47.0,"key":"Blood Vial"}],"event_choices":[{"damage_healed":0.0,"max_hp_gain":0.0,"max_hp_loss":0.0,"gold_gain":0.0,"event_name":"WeMeetAgain","player_choice":"Paid Gold","floor":14.0,"gold_loss":58.0,"damage_taken":0.0,"relics_obtained":["Darkstone Periapt"]},{"damage_healed":0.0,"max_hp_gain":0.0,"max_hp_loss":0.0,"gold_gain":0.0,"event_name":"Cursed Tome","player_choice":"Obtained Book","floor":19.0,"gold_loss":0.0,"damage_taken":16.0},{"damage_healed":0.0,"max_hp_gain":0.0,"max_hp_loss":0.0,"gold_gain":75.0,"event_name":"FaceTrader","player_choice":"Touch","floor":21.0,"gold_loss":0.0,"damage_taken":7.0},{"cards_removed":["Strike_B"],"damage_healed":0.0,"max_hp_gain":0.0,"max_hp_loss":0.0,"gold_gain":0.0,"event_name":"Beggar","player_choice":"Gave Gold","floor":29.0,"gold_loss":75.0,"damage_taken":0.0},{"damage_healed":0.0,"max_hp_gain":0.0,"max_hp_loss":0.0,"gold_gain":0.0,"cards_transformed":["Strike_B"],"event_name":"Transmorgrifier","player_choice":"Transformed","floor":31.0,"gold_loss":0.0,"damage_taken":0.0,"cards_obtained":["Hologram"]},{"damage_healed":0.0,"max_hp_gain":0.0,"max_hp_loss":0.0,"gold_gain":0.0,"event_name":"Lab","player_choice":"Got Potions","floor":38.0,"gold_loss":0.0,"damage_taken":0.0},{"damage_healed":0.0,"max_hp_gain":0.0,"max_hp_loss":0.0,"gold_gain":0.0,"event_name":"SensoryStone","player_choice":"Memory 1","floor":46.0,"gold_loss":0.0,"damage_taken":0.0},{"damage_healed":25.0,"max_hp_gain":0.0,"max_hp_loss":0.0,"gold_gain":0.0,"event_name":"Winding Halls","player_choice":"Writhe","floor":48.0,"gold_loss":0.0,"damage_taken":0.0,"cards_obtained":["Writhe"]}],"is_beta":false,"boss_relics":[{"not_picked":["Ectoplasm","Coffee Dripper"],"picked":"Nuclear Battery"},{"not_picked":["Calling Bell","Pandora\u0027s Box"],"picked":"Sozu"}],"items_purged_floors":[12,20,41],"is_endless":false,"potions_floor_spawned":[2,5,22,24,28,45,47],"killed_by":"Awakened One","ascension_level":11}