{"gold_per_floor":[118,137,68,79,79,108,108,142,142,161,192,192,204,215,215,314,314,328,341,111,124,155,155,187,187,187,187,187,187,102,131,131,230,230,250,250,44,266,281,314,59,59,128,128,143,155,187,287,287,287],"floor_reached":51,"playtime":3983,"items_purged":["Strike_G","Strike_G","Strike_G"],"score":836,"play_id":"b46bf326-def8-4455-adf1-db71dab7fc1a","local_time":"20181030190945","is_ascension_mode":false,"campfire_choices":[{"data":"Noxious Fumes","floor":7,"key":"SMITH"},{"data":"Footwork","floor":12,"key":"SMITH"},{"data":"Neutralize","floor":15,"key":"SMITH"},{"data":"Adrenaline","floor":23,"key":"SMITH"},{"data":"Corpse Explosion","floor":25,"key":"SMITH"},{"data":"Deadly Poison","floor":27,"key":"SMITH"},{"floor":29,"key":"REST"},{"floor":32,"key":"REST"},{"data":"Envenom","floor":42,"key":"SMITH"},{"data":"Dodge and Roll","floor":44,"key":"SMITH"},{"floor":49,"key":"REST"}],"neow_cost":"NONE","seed_source_timestamp":112358394923552,"circlet_count":0,"master_deck":["Defend_G","Defend_G","Defend_G","Defend_G","Defend_G","Strike_G","Survivor","Neutralize+1","Dodge and Roll+1","Noxious Fumes+1","Footwork+1","PiercingWail","Riddle With Holes","Bane","Backflip","Deadly Poison+1","Tools of the Trade","Adrenaline+1","Infinite Blades","Poisoned Stab","Corpse Explosion+1","Envenom+1","Deadly Poison+1","Footwork+1","Backflip+1","Parasite","Blur+1","Noxious Fumes"],"relics":["Ring of the Snake","NeowsBlessing","Bag of Marbles","Meat on the Bone","Bronze Scales","Mercury Hourglass","White Beast Statue","Blood Vial","Red Mask","Smiling Mask","Bottled Flame","Art of War","Paper Crane","Oddly Smooth Stone","Lizard Tail","PreservedInsect","Bottled Tornado","DollysMirror","Matryoshka","Juzu Bracelet","Calipers"],"potions_floor_usage":[11,11,13,16,18,21,22,24,31,33,35,35,39,40,45,46,47,50,50],"damage_taken":[{"damage":0,"enemies":"Jaw Worm","floor":1,"turns":1},{"damage":0,"enemies":"2 Louse","floor":2,"turns":1},{"damage":0,"enemies":"Cultist","floor":4,"turns":1},{"damage":9,"enemies":"3 Sentries","floor":6,"turns":10},{"damage":0,"enemies":"Lagavulin","floor":8,"turns":9},{"damage":0,"enemies":"Blue Slaver","floor":10,"turns":4},{"damage":0,"enemies":"3 Sentries","floor":11,"turns":4},{"damage":2,"enemies":"Lots of Slimes","floor":13,"turns":2},{"damage":1,"enemies":"Looter","floor":14,"turns":3},{"damage":17,"enemies":"The Guardian","floor":16,"turns":10},{"damage":4,"enemies":"Spheric Guardian","floor":18,"turns":6},{"damage":6,"enemies":"Shell Parasite","floor":19,"turns":5},{"damage":15,"enemies":"3 Cultists","floor":21,"turns":4},{"damage":23,"enemies":"Masked Bandits","floor":22,"turns":4},{"damage":23,"enemies":"Gremlin Leader","floor":24,"turns":5},{"damage":0,"enemies":"Slavers","floor":31,"turns":2},{"damage":53,"enemies":"Collector","floor":33,"turns":9},{"damage":4,"enemies":"3 Shapes","floor":35,"turns":3},{"damage":3,"enemies":"Orb Walker","floor":39,"turns":4},{"damage":9,"enemies":"Giant Head","floor":40,"turns":8},{"damage":23,"enemies":"Jaw Worm Horde","floor":45,"turns":2},{"damage":8,"enemies":"Writhing Mass","floor":46,"turns":6},{"damage":19,"enemies":"Reptomancer","floor":47,"turns":5},{"damage":0,"enemies":"Mind Bloom Boss Battle","floor":48,"turns":6},{"damage":12,"enemies":"Donu and Deca","floor":50,"turns":7}],"seed_played":"-2400082104675357449","potions_obtained":[{"floor":1,"key":"Explosive Potion"},{"floor":4,"key":"PowerPotion"},{"floor":10,"key":"Block Potion"},{"floor":13,"key":"SpeedPotion"},{"floor":14,"key":"Ancient Potion"},{"floor":16,"key":"Block Potion"},{"floor":18,"key":"FearPotion"},{"floor":19,"key":"PowerPotion"},{"floor":21,"key":"Fire Potion"},{"floor":22,"key":"GamblersBrew"},{"floor":24,"key":"Weak Potion"},{"floor":31,"key":"Block Potion"},{"floor":33,"key":"Poison Potion"},{"floor":35,"key":"Explosive Potion"},{"floor":39,"key":"Energy Potion"},{"floor":40,"key":"Explosive Potion"},{"floor":45,"key":"EssenceOfSteel"},{"floor":46,"key":"Fruit Juice"},{"floor":47,"key":"AttackPotion"},{"floor":48,"key":"GamblersBrew"}],"is_trial":false,"path_per_floor":["M","M","$","M","?","E","R","E","T","M","E","R","M","M","R","B",null,"M","M","$","M","?","R","E","R","T","R","?","R","?","E","R","B",null,"M","?","$","?","M","E","$","R","T","R","M","M","E","?","R","B"],"character_chosen":"THE_SILENT","items_purchased":["Footwork","Blood Vial","PreservedInsect","DollysMirror"],"campfire_rested":3,"item_purchase_floors":[3,20,37,41],"current_hp_per_floor":[70,70,70,70,63,54,54,54,54,54,54,54,52,51,51,46,70,66,60,60,47,38,38,29,29,29,29,29,50,50,52,70,29,70,66,66,66,66,65,58,58,58,58,58,37,48,43,45,67,57],"gold":287,"neow_bonus":"THREE_ENEMY_KILL","is_prod":false,"is_daily":false,"chose_seed":false,"campfire_upgraded":8,"win_rate":0,"timestamp":1540922985,"path_taken":["M","M","$","M","?","E","R","E","T","M","E","R","M","M","R","BOSS","M","M","?","M","?","R","E","R","T","R","?","R","?","E","R","BOSS","M","?","$","?","M","E","$","R","T","R","M","M","E","?","R","BOSS"],"build_version":"2018-10-29v2","purchased_purges":3,"victory":true,"max_hp_per_floor":[70,70,70,70,70,70,70,70,70,70,70,70,70,70,70,70,70,70,70,70,70,70,70,70,70,70,70,70,70,70,70,70,70,70,70,70,70,70,70,70,70,70,70,70,70,75,75,75,75,75],"card_choices":[{"not_picked":["Reflex","Flechettes"],"picked":"Dodge and Roll","floor":1},{"not_picked":["Backstab","Concentrate"],"picked":"Noxious Fumes","floor":2},{"not_picked":["Eviscerate","Blade Dance"],"picked":"PiercingWail","floor":4},{"not_picked":["Sucker Punch","Distraction"],"picked":"Riddle With Holes","floor":6},{"not_picked":["Accuracy","Choke"],"picked":"Blade Dance","floor":8},{"not_picked":["Infinite Blades","Slice"],"picked":"Bane","floor":10},{"not_picked":["PiercingWail","Predator"],"picked":"Backflip","floor":11},{"not_picked":["Sucker Punch","Blade Dance"],"picked":"Deadly Poison","floor":13},{"not_picked":["Distraction","Backflip"],"picked":"Tools of the Trade","floor":14},{"not_picked":["Tools of the Trade","Glass Knife"],"picked":"Adrenaline","floor":16},{"not_picked":["Blade Dance","Outmaneuver"],"picked":"Infinite Blades","floor":18},{"not_picked":["Slice","Underhanded Strike"],"picked":"Poisoned Stab","floor":19},{"not_picked":["Prepared","PiercingWail","Slice"],"picked":"SKIP","floor":21},{"not_picked":["PiercingWail","Prepared+1"],"picked":"Corpse Explosion","floor":24},{"not_picked":["Deflect","Dagger Spray"],"picked":"Envenom","floor":31},{"not_picked":["Bane","Dagger Spray+1"],"picked":"Deadly Poison+1","floor":35},{"not_picked":["All Out Attack","Eviscerate","Acrobatics"],"picked":"SKIP","floor":39},{"not_picked":["PiercingWail","Deadly Poison+1","Quick Slash"],"picked":"SKIP","floor":40},{"not_picked":["PiercingWail+1","Blade Dance+1"],"picked":"Backflip+1","floor":45},{"not_picked":["Deflect+1","Dodge and Roll"],"picked":"Blur+1","floor":46},{"not_picked":["Blade Dance","Sucker Punch"],"picked":"Noxious Fumes","floor":47}],"player_experience":177870,"relics_obtained":[{"floor":6,"key":"Bag of Marbles"},{"floor":8,"key":"Meat on the Bone"},{"floor":9,"key":"Bronze Scales"},{"floor":11,"key":"Mercury Hourglass"},{"floor":22,"key":"Red Mask"},{"floor":24,"key":"Smiling Mask"},{"floor":26,"key":"Bottled Flame"},{"floor":28,"key":"Art of War"},{"floor":31,"key":"Oddly Smooth Stone"},{"floor":40,"key":"Bottled Tornado"},{"floor":43,"key":"Matryoshka"},{"floor":47,"key":"Juzu Bracelet"},{"floor":48,"key":"Calipers"}],"event_choices":[{"cards_removed":["Strike_G"],"damage_healed":0,"gold_gain":0,"player_choice":"Card Removal","damage_taken":7,"max_hp_gain":0,"max_hp_loss":0,"event_name":"Golden Wing","floor":5,"gold_loss":0},{"damage_healed":0,"gold_gain":0,"player_choice":"Fought Bandits","damage_taken":0,"max_hp_gain":0,"max_hp_loss":0,"event_name":"Masked Bandits","floor":22,"gold_loss":0},{"damage_healed":0,"gold_gain":0,"player_choice":"Relic","damage_taken":0,"max_hp_gain":0,"max_hp_loss":0,"event_name":"Wheel of Change","floor":28,"gold_loss":0},{"damage_healed":0,"gold_gain":0,"player_choice":"Obtained Relic","damage_taken":0,"relics_obtained":["Paper Crane"],"max_hp_gain":0,"max_hp_loss":0,"event_name":"Addict","floor":30,"gold_loss":85},{"cards_removed":["Blade Dance"],"damage_healed":0,"gold_gain":0,"player_choice":"Removed Skill","damage_taken":0,"max_hp_gain":0,"max_hp_loss":0,"event_name":"Falling","floor":36,"gold_loss":0},{"damage_healed":0,"gold_gain":222,"player_choice":"Wore Mask","damage_taken":0,"max_hp_gain":0,"max_hp_loss":0,"event_name":"Tomb of Lord Red Mask","floor":38,"gold_loss":0},{"damage_healed":0,"gold_gain":0,"player_choice":"Fight","damage_taken":0,"max_hp_gain":0,"max_hp_loss":0,"event_name":"MindBloom","floor":48,"gold_loss":0}],"is_beta":true,"boss_relics":[{"not_picked":["Astrolabe","Velvet Choker"],"picked":"White Beast Statue"},{"not_picked":["WristBlade","Runic Pyramid"],"picked":"Lizard Tail"}],"items_purged_floors":[20,37,41],"is_endless":false,"potions_floor_spawned":[1,4,10,13,14,16,18,19,21,22,24,31,33,35,39,40,45,46,47,48],"ascension_level":0}