{"gold_per_floor":[118,33,33,33,33,33,43,76,76,104,118,293,293,293,293,389,389,409,426,439,389,402,402,436,89,89,116,116,116,135,4,4,109,109,127,139,139,149,149,149,177,177,256,273,273,285,303,335,335,335,335,335,8,36,36],"floor_reached":55,"playtime":4604,"items_purged":["Strike_R","Strike_R","Strike_R","Fire Breathing+1"],"score":1314,"play_id":"b60c5a8c-600e-4ee9-b00c-f052ccf08f1b","local_time":"20190407222111","is_ascension_mode":true,"campfire_choices":[{"data":"Hemokinesis","floor":6.0,"key":"SMITH"},{"floor":13.0,"key":"REST"},{"data":"Shockwave","floor":15.0,"key":"SMITH"},{"data":"Offering","floor":23.0,"key":"SMITH"},{"data":"Inflame","floor":28.0,"key":"SMITH"},{"data":"Bash","floor":32.0,"key":"SMITH"},{"floor":40.0,"key":"RECALL"},{"data":"Fire Breathing","floor":42.0,"key":"SMITH"},{"data":"Cleave","floor":45.0,"key":"SMITH"},{"floor":49.0,"key":"REST"},{"floor":52.0,"key":"REST"}],"neow_cost":"NONE","seed_source_timestamp":41711315832649,"circlet_count":0,"master_deck":["AscendersBane","Bash+1","Cleave+1","Hemokinesis+1","Shockwave+1","Offering+1","Iron Wave+1","Immolate+1","Iron Wave+1","True Grit+1","Headbutt+1","Rage+1","Inflame+1","Iron Wave+1","Battle Trance+1","Reaper+1","Barricade+1","Bloodletting+1","Flex+1","Rage+1","Double Tap+1","Warcry+1","True Grit+1","Inflame+1","Uppercut+1","Whirlwind+1","Offering+1","Sword Boomerang+1","Havoc+1","Barricade+1","Demon Form","Shrug It Off+1"],"special_seed":0,"relics":["Burning Blood","Smiling Mask","Omamori","Molten Egg 2","Letter Opener","Du-Vu Doll","Mark of Pain","Turnip","Membership Card","Lantern","Paper Frog","Strawberry","Toxic Egg 2","Lee\u0027s Waffle","Pandora\u0027s Box","Regal Pillow","Thread and Needle","DollysMirror","Centennial Puzzle","Shuriken"],"potions_floor_usage":[55],"damage_taken":[{"damage":20.0,"enemies":"Jaw Worm","floor":1.0,"turns":5.0},{"damage":1.0,"enemies":"2 Louse","floor":7.0,"turns":2.0},{"damage":29.0,"enemies":"3 Sentries","floor":8.0,"turns":7.0},{"damage":27.0,"enemies":"Lagavulin","floor":10.0,"turns":5.0},{"damage":8.0,"enemies":"Small Slimes","floor":11.0,"turns":2.0},{"damage":35.0,"enemies":"The Guardian","floor":16.0,"turns":12.0},{"damage":14.0,"enemies":"3 Byrds","floor":18.0,"turns":4.0},{"damage":8.0,"enemies":"Chosen","floor":19.0,"turns":2.0},{"damage":7.0,"enemies":"Centurion and Healer","floor":20.0,"turns":3.0},{"damage":16.0,"enemies":"Chosen and Byrds","floor":22.0,"turns":4.0},{"damage":14.0,"enemies":"Slavers","floor":24.0,"turns":4.0},{"damage":18.0,"enemies":"Gremlin Leader","floor":27.0,"turns":2.0},{"damage":8.0,"enemies":"Snake Plant","floor":30.0,"turns":3.0},{"damage":28.0,"enemies":"Collector","floor":33.0,"turns":6.0},{"damage":2.0,"enemies":"Orb Walker","floor":35.0,"turns":3.0},{"damage":0.0,"enemies":"3 Darklings","floor":36.0,"turns":1.0},{"damage":38.0,"enemies":"4 Shapes","floor":38.0,"turns":6.0},{"damage":11.0,"enemies":"Giant Head","floor":41.0,"turns":4.0},{"damage":17.0,"enemies":"Spire Growth","floor":44.0,"turns":3.0},{"damage":14.0,"enemies":"3 Darklings","floor":46.0,"turns":3.0},{"damage":8.0,"enemies":"Sphere and 2 Shapes","floor":47.0,"turns":6.0},{"damage":9.0,"enemies":"Nemesis","floor":48.0,"turns":5.0},{"damage":17.0,"enemies":"Donu and Deca","floor":50.0,"turns":5.0},{"damage":12.0,"enemies":"Shield and Spear","floor":54.0,"turns":3.0},{"damage":120,"enemies":"The Heart","floor":55,"turns":6}],"seed_played":"3326191085087469292","potions_obtained":[{"floor":7.0,"key":"FearPotion"},{"floor":10.0,"key":"SteroidPotion"},{"floor":11.0,"key":"Energy Potion"},{"floor":16.0,"key":"SkillPotion"},{"floor":27.0,"key":"SneckoOil"},{"floor":33.0,"key":"SteroidPotion"},{"floor":36.0,"key":"SteroidPotion"},{"floor":47.0,"key":"Weak Potion"},{"floor":48.0,"key":"Poison Potion"}],"is_trial":false,"path_per_floor":["M","$","?","?","?","R","M","E","T","E","M","?","R","?","R","B",null,"M","M","M","$","M","R","E","$","T","E","R","?","M","$","R","B",null,"M","M","?","M","?","R","E","R","T","M","R","M","M","E","R","B",null,"R","$","E","B"],"character_chosen":"IRONCLAD","items_purchased":["Hemokinesis","Membership Card","Inflame","Lantern","Lee\u0027s Waffle","Battle Trance+1","DollysMirror","Demon Form","Centennial Puzzle","Swift Potion"],"campfire_rested":3,"item_purchase_floors":[2,25,25,25,31,31,53,53,53,53],"current_hp_per_floor":[58,58,58,58,51,51,56,33,33,12,10,10,34,80,80,51,73,65,63,62,62,52,52,44,44,44,39,39,39,37,94,94,72,89,94,94,94,80,80,80,94,94,94,94,94,94,92,89,94,94,94,94,94,88,0],"gold":36,"neow_bonus":"RANDOM_COMMON_RELIC","is_prod":false,"is_daily":false,"chose_seed":false,"campfire_upgraded":7,"win_rate":0,"timestamp":1554668471,"path_taken":["M","$","?","?","?","R","M","E","T","E","?","?","R","?","R","BOSS","M","M","?","$","M","R","E","$","T","E","R","?","M","$","R","BOSS","M","M","?","?","?","R","E","R","T","?","R","M","M","E","R","BOSS","R","$","E","BOSS"],"build_version":"2019-01-23","purchased_purges":4,"victory":false,"max_hp_per_floor":[80,80,80,80,80,80,80,80,80,80,80,80,80,80,80,80,80,80,80,80,80,80,80,80,80,80,87,87,87,87,94,94,94,94,94,94,94,94,94,94,94,94,94,94,94,94,94,94,94,94,94,94,94,94,94],"card_choices":[{"not_picked":["Twin Strike","Wild Strike"],"picked":"Cleave","floor":1.0},{"not_picked":["Evolve","Corruption"],"picked":"Shockwave","floor":7.0},{"not_picked":["Warcry","Reckless Charge"],"picked":"Offering","floor":8.0},{"not_picked":["Demon Form","Blood for Blood+1"],"picked":"Iron Wave+1","floor":10.0},{"not_picked":["Wild Strike+1","Burning Pact"],"picked":"Reckless Charge+1","floor":11.0},{"not_picked":["Exhume","Reaper+1"],"picked":"Immolate+1","floor":16.0},{"not_picked":["Pommel Strike+1","Rupture"],"picked":"Iron Wave+1","floor":18.0},{"not_picked":["Shockwave+1","Warcry+1"],"picked":"True Grit+1","floor":19.0},{"not_picked":["Exhume","Thunderclap+1"],"picked":"Headbutt+1","floor":20.0},{"not_picked":["Dual Wield","Warcry"],"picked":"Rage+1","floor":22.0},{"not_picked":["Power Through","Wild Strike+1","Shockwave"],"picked":"SKIP","floor":24.0},{"not_picked":["True Grit","Perfected Strike+1"],"picked":"Iron Wave+1","floor":27.0},{"not_picked":["Anger+1","Cleave+1","Clash+1"],"picked":"SKIP","floor":30.0},{"not_picked":["Bludgeon+1","Double Tap+1"],"picked":"Reaper+1","floor":33.0},{"not_picked":["Anger+1","Pommel Strike+1"],"picked":"Warcry+1","floor":35.0},{"not_picked":["Cleave+1","Carnage+1"],"picked":"True Grit+1","floor":36.0},{"not_picked":["Perfected Strike+1","Thunderclap+1"],"picked":"Uppercut+1","floor":38.0},{"not_picked":["Armaments+1","Pommel Strike+1"],"picked":"Whirlwind+1","floor":41.0},{"not_picked":["Headbutt+1","Feel No Pain"],"picked":"Offering+1","floor":44.0},{"not_picked":["Wild Strike+1","Bloodletting+1","Cleave+1"],"picked":"SKIP","floor":46.0},{"not_picked":["Clothesline+1","Thunderclap+1"],"picked":"Sword Boomerang+1","floor":47.0},{"not_picked":["Intimidate+1","Hemokinesis+1"],"picked":"Havoc+1","floor":48.0},{"not_picked":["Rage+1","Twin Strike+1"],"picked":"Shrug It Off+1","floor":54.0}],"player_experience":110041,"relics_obtained":[{"floor":8.0,"key":"Molten Egg 2"},{"floor":9.0,"key":"Letter Opener"},{"floor":10.0,"key":"Du-Vu Doll"},{"floor":24.0,"key":"Turnip"},{"floor":26.0,"key":"Paper Frog"},{"floor":27.0,"key":"Strawberry"},{"floor":41.0,"key":"Regal Pillow"},{"floor":48.0,"key":"Thread and Needle"},{"floor":54.0,"key":"Shuriken"}],"event_choices":[{"damage_healed":0.0,"max_hp_gain":0.0,"max_hp_loss":0.0,"gold_gain":0.0,"event_name":"Big Fish","player_choice":"Box","floor":3.0,"gold_loss":0.0,"damage_taken":0.0,"relics_obtained":["Omamori"],"cards_obtained":["Regret"]},{"damage_healed":0.0,"max_hp_gain":0.0,"max_hp_loss":0.0,"gold_gain":0.0,"event_name":"The Cleric","player_choice":"Leave","floor":4.0,"gold_loss":0.0,"damage_taken":0.0},{"cards_removed":["Regret"],"damage_healed":0.0,"max_hp_gain":0.0,"max_hp_loss":0.0,"gold_gain":0.0,"event_name":"Golden Wing","player_choice":"Card Removal","floor":5.0,"gold_loss":0.0,"damage_taken":7.0},{"damage_healed":0.0,"max_hp_gain":0.0,"max_hp_loss":0.0,"gold_gain":175.0,"event_name":"Liars Game","player_choice":"AGREE","floor":12.0,"gold_loss":0.0,"damage_taken":0.0,"cards_obtained":["Doubt"]},{"cards_removed":["Reckless Charge"],"damage_healed":46.0,"max_hp_gain":0.0,"max_hp_loss":0.0,"gold_gain":0.0,"event_name":"Bonfire Elementals","player_choice":"Offered Uncommon","floor":14.0,"gold_loss":0.0,"damage_taken":0.0},{"damage_healed":0.0,"max_hp_gain":0.0,"max_hp_loss":0.0,"gold_gain":0.0,"event_name":"Addict","player_choice":"Stole Relic","floor":29.0,"gold_loss":0.0,"damage_taken":0.0,"relics_obtained":["Toxic Egg 2"],"cards_obtained":["Shame"]},{"damage_healed":0.0,"max_hp_gain":0.0,"max_hp_loss":0.0,"gold_gain":0.0,"event_name":"Duplicator","player_choice":"Copied","floor":37.0,"gold_loss":0.0,"damage_taken":0.0,"cards_obtained":["Inflame"]},{"damage_healed":0.0,"max_hp_gain":0.0,"max_hp_loss":0.0,"gold_gain":0.0,"event_name":"Upgrade Shrine","player_choice":"Upgraded","floor":39.0,"gold_loss":0.0,"damage_taken":0.0,"cards_upgraded":["Barricade"]}],"is_beta":false,"boss_relics":[{"not_picked":["Fusion Hammer","Coffee Dripper"],"picked":"Mark of Pain"},{"not_picked":["White Beast Statue","Empty Cage"],"picked":"Pandora\u0027s Box"}],"items_purged_floors":[2,21,25,53],"is_endless":false,"potions_floor_spawned":[7,10,11,16,18,27,33,36,47,48],"killed_by":"The Heart","ascension_level":11}