{"gold_per_floor":[119,194,211,225,53,78,78,108,108,108,465,65,65,98,98,197,197,208,208,223,234,34,34,34,52,52,52,64,78,78,103,103,204,204,215,215,269,284,284,284,294,314,314,7,33,50,50,50,50,50],"floor_reached":50,"playtime":5213,"items_purged":["Decay"],"score":715,"play_id":"e976f16f-5ac3-4a77-a3a7-315368722c30","local_time":"20190412114353","is_ascension_mode":true,"campfire_choices":[{"floor":7.0,"key":"REST"},{"floor":10.0,"key":"REST"},{"floor":13.0,"key":"REST"},{"floor":15.0,"key":"RECALL"},{"data":"Armaments","floor":23.0,"key":"SMITH"},{"data":"True Grit","floor":27.0,"key":"SMITH"},{"data":"Body Slam","floor":32.0,"key":"SMITH"},{"data":"Barricade","floor":40.0,"key":"SMITH"},{"data":"Clothesline","floor":49.0,"key":"SMITH"}],"neow_cost":"CURSE","seed_source_timestamp":0,"circlet_count":0,"master_deck":["Strike_R+1","Strike_R+1","Strike_R+1","Strike_R+1","Strike_R+1","Defend_R+1","Defend_R+1","Defend_R+1","Defend_R+1","Bash","True Grit+1","Armaments+1","Shrug It Off","Deep Breath","Barricade+1","Clothesline+1","Battle Trance","Metallicize+1","Spot Weakness","Headbutt+1","Feed","Demon Form+1","Sentinel+1","Heavy Blade","Whirlwind+1","Seeing Red+1","Flex+1","Body Slam+1","Heavy Blade","Limit Break","Twin Strike","Sentinel+1","Feel No Pain+1","Body Slam+1","Burning Pact","Pommel Strike+1","Flame Barrier","Fire Breathing+1","Corruption+1","Havoc+1","Rampage+1","Writhe"],"special_seed":0,"relics":["Black Blood","Ice Cream","Orichalcum","Frozen Egg 2","Old Coin","Pantograph","Self Forming Clay","Lee\u0027s Waffle","The Courier","Sundial","Boot","Coffee Dripper","Prayer Wheel","Du-Vu Doll","ClockworkSouvenir","Whetstone","Bronze Scales"],"potions_floor_usage":[],"damage_taken":[{"damage":6.0,"enemies":"2 Louse","floor":1.0,"turns":4.0},{"damage":6.0,"enemies":"Jaw Worm","floor":3.0,"turns":6.0},{"damage":5.0,"enemies":"Small Slimes","floor":4.0,"turns":4.0},{"damage":48.0,"enemies":"Lagavulin","floor":6.0,"turns":8.0},{"damage":52.0,"enemies":"Gremlin Nob","floor":8.0,"turns":7.0},{"damage":22.0,"enemies":"Gremlin Nob","floor":11.0,"turns":5.0},{"damage":13.0,"enemies":"Lagavulin","floor":14.0,"turns":9.0},{"damage":44.0,"enemies":"The Guardian","floor":16.0,"turns":15.0},{"damage":4.0,"enemies":"Chosen","floor":18.0,"turns":6.0},{"damage":16.0,"enemies":"Shell Parasite","floor":20.0,"turns":6.0},{"damage":40.0,"enemies":"Chosen and Byrds","floor":21.0,"turns":8.0},{"damage":39.0,"enemies":"Snake Plant","floor":25.0,"turns":5.0},{"damage":27.0,"enemies":"Snecko","floor":28.0,"turns":5.0},{"damage":0.0,"enemies":"Centurion and Healer","floor":29.0,"turns":6.0},{"damage":50.0,"enemies":"Gremlin Leader","floor":31.0,"turns":7.0},{"damage":12.0,"enemies":"Automaton","floor":33.0,"turns":6.0},{"damage":5.0,"enemies":"Orb Walker","floor":35.0,"turns":3.0},{"damage":37.0,"enemies":"2 Orb Walkers","floor":37.0,"turns":5.0},{"damage":19.0,"enemies":"3 Darklings","floor":38.0,"turns":6.0},{"damage":5.0,"enemies":"Writhing Mass","floor":41.0,"turns":6.0},{"damage":5.0,"enemies":"Sphere and 2 Shapes","floor":42.0,"turns":3.0},{"damage":49.0,"enemies":"Giant Head","floor":45.0,"turns":9.0},{"damage":25.0,"enemies":"Jaw Worm Horde","floor":46.0,"turns":4.0},{"damage":76,"enemies":"Awakened One","floor":50,"turns":9}],"seed_played":"-8577913382845280937","potions_obtained":[{"floor":3.0,"key":"BloodPotion"},{"floor":8.0,"key":"SteroidPotion"},{"floor":11.0,"key":"LiquidBronze"},{"floor":14.0,"key":"Strength Potion"},{"floor":25.0,"key":"SpeedPotion"},{"floor":28.0,"key":"PowerPotion"},{"floor":33.0,"key":"Swift Potion"},{"floor":37.0,"key":"SkillPotion"},{"floor":38.0,"key":"SkillPotion"},{"floor":42.0,"key":"PowerPotion"},{"floor":45.0,"key":"Energy Potion"}],"is_trial":false,"path_per_floor":["M","?","M","M","$","E","R","E","T","R","?","$","R","E","R","B",null,"M","?","M","M","$","R","T","M","T","R","M","M","?","E","R","B",null,"M","?","?","M","?","R","M","M","T","$","E","M","$","?","R","B"],"character_chosen":"IRONCLAD","items_purchased":["Deep Breath","Metallicize+1","Spot Weakness","Headbutt","Pantograph","Lee\u0027s Waffle","ClockworkSouvenir","Whetstone","Fire Breathing+1"],"campfire_rested":3,"item_purchase_floors":[5,12,12,12,12,22,44,44,44],"current_hp_per_floor":[80,69,69,70,70,28,52,14,14,38,22,22,46,39,39,26,80,80,65,59,29,92,92,92,63,63,63,46,56,56,16,16,42,95,95,95,68,59,59,59,64,69,69,69,30,15,15,39,39,0],"gold":50,"neow_bonus":"ONE_RARE_RELIC","is_prod":false,"is_daily":false,"chose_seed":false,"campfire_upgraded":5,"win_rate":0,"timestamp":1555094633,"path_taken":["M","?","M","M","$","E","R","E","T","R","?","$","R","E","R","BOSS","M","?","M","M","$","R","?","M","T","R","M","M","?","E","R","BOSS","M","?","?","M","?","R","M","M","T","$","E","M","?","?","R","BOSS"],"build_version":"2019-01-23","purchased_purges":1,"victory":false,"max_hp_per_floor":[80,80,80,80,80,80,80,80,80,80,80,80,80,80,80,80,80,80,85,85,85,92,92,92,92,92,92,92,92,92,92,92,95,95,95,95,95,95,95,95,95,95,95,95,95,95,95,95,95,95],"card_choices":[{"not_picked":["Rage","Battle Trance"],"picked":"True Grit","floor":1.0},{"not_picked":["Evolve","Wild Strike"],"picked":"Armaments","floor":3.0},{"not_picked":["Thunderclap","Wild Strike"],"picked":"Shrug It Off","floor":4.0},{"not_picked":["Iron Wave","Warcry"],"picked":"Barricade","floor":6.0},{"not_picked":["Reckless Charge","Intimidate"],"picked":"Clothesline","floor":8.0},{"not_picked":["Dual Wield","Clash"],"picked":"Battle Trance","floor":11.0},{"not_picked":["Thunderclap","Wild Strike"],"picked":"Feed","floor":14.0},{"not_picked":["Fiend Fire","Double Tap"],"picked":"Demon Form+1","floor":16.0},{"not_picked":["Headbutt","Pommel Strike"],"picked":"Sentinel+1","floor":18.0},{"not_picked":["Carnage","Iron Wave"],"picked":"Heavy Blade","floor":20.0},{"not_picked":["Sentinel","Rampage"],"picked":"Whirlwind+1","floor":21.0},{"not_picked":["Clothesline","Corruption+1"],"picked":"Seeing Red+1","floor":25.0},{"not_picked":["Iron Wave","Uppercut"],"picked":"Flex+1","floor":28.0},{"not_picked":["Sentinel","Offering"],"picked":"Body Slam","floor":29.0},{"not_picked":["Shockwave+1","Warcry"],"picked":"Heavy Blade","floor":31.0},{"not_picked":["Offering","Juggernaut+1"],"picked":"Limit Break","floor":33.0},{"not_picked":["Perfected Strike","Wild Strike"],"picked":"Twin Strike","floor":35.0},{"not_picked":["Thunderclap+1","Warcry+1"],"picked":"Sentinel+1","floor":37.0},{"not_picked":["Anger","Combust+1"],"picked":"Feel No Pain+1","floor":38.0},{"not_picked":["Headbutt+1","Pommel Strike"],"picked":"Body Slam+1","floor":38.0},{"not_picked":["Shrug It Off","Havoc"],"picked":"Burning Pact","floor":41.0},{"not_picked":["Clash","Feed","Iron Wave"],"picked":"SKIP","floor":41.0},{"not_picked":["Armaments","Disarm+1"],"picked":"Pommel Strike","floor":42.0},{"not_picked":["Havoc","Berserk+1"],"picked":"Flame Barrier","floor":42.0},{"not_picked":["Iron Wave+1","Carnage"],"picked":"Corruption+1","floor":45.0},{"not_picked":["Evolve+1","Thunderclap"],"picked":"Havoc+1","floor":46.0},{"not_picked":["Anger+1","Disarm"],"picked":"Rampage+1","floor":46.0}],"player_experience":380517,"relics_obtained":[{"floor":6.0,"key":"Orichalcum"},{"floor":8.0,"key":"Frozen Egg 2"},{"floor":11.0,"key":"Old Coin"},{"floor":14.0,"key":"Self Forming Clay"},{"floor":24.0,"key":"The Courier"},{"floor":26.0,"key":"Sundial"},{"floor":31.0,"key":"Boot"},{"floor":37.0,"key":"Prayer Wheel"},{"floor":43.0,"key":"Du-Vu Doll"},{"floor":45.0,"key":"Bronze Scales"}],"event_choices":[{"damage_healed":0.0,"max_hp_gain":0.0,"max_hp_loss":0.0,"gold_gain":75.0,"event_name":"World of Goop","player_choice":"Gather Gold","floor":2.0,"gold_loss":0.0,"damage_taken":11.0},{"damage_healed":0.0,"max_hp_gain":0.0,"max_hp_loss":0.0,"gold_gain":0.0,"event_name":"Dead Adventurer","player_choice":"Searched \u00271\u0027 times","floor":11.0,"gold_loss":0.0,"damage_taken":0.0},{"damage_healed":0.0,"max_hp_gain":5.0,"max_hp_loss":0.0,"gold_gain":0.0,"event_name":"Forgotten Altar","player_choice":"Shed Blood","floor":19.0,"gold_loss":0.0,"damage_taken":20.0},{"damage_healed":0.0,"max_hp_gain":0.0,"max_hp_loss":0.0,"gold_gain":0.0,"event_name":"Back to Basics","player_choice":"Simplicity","floor":30.0,"gold_loss":0.0,"damage_taken":0.0,"cards_upgraded":["Strike_R","Strike_R","Strike_R","Strike_R","Strike_R","Defend_R","Defend_R","Defend_R","Defend_R"]},{"damage_healed":0.0,"max_hp_gain":0.0,"max_hp_loss":0.0,"gold_gain":0.0,"event_name":"SensoryStone","player_choice":"Memory 1","floor":36.0,"gold_loss":0.0,"damage_taken":0.0},{"damage_healed":0.0,"max_hp_gain":0.0,"max_hp_loss":0.0,"gold_gain":0.0,"event_name":"Mysterious Sphere","player_choice":"Fight","floor":37.0,"gold_loss":0.0,"damage_taken":0.0},{"damage_healed":0.0,"max_hp_gain":0.0,"max_hp_loss":0.0,"gold_gain":0.0,"event_name":"Tomb of Lord Red Mask","player_choice":"Ignored","floor":39.0,"gold_loss":0.0,"damage_taken":0.0},{"damage_healed":24.0,"max_hp_gain":0.0,"max_hp_loss":0.0,"gold_gain":0.0,"event_name":"Winding Halls","player_choice":"Writhe","floor":48.0,"gold_loss":0.0,"damage_taken":0.0,"cards_obtained":["Writhe"]}],"is_beta":false,"boss_relics":[{"not_picked":["Runic Pyramid","White Beast Statue"],"picked":"Black Blood"},{"not_picked":["Busted Crown","Lizard Tail"],"picked":"Coffee Dripper"}],"items_purged_floors":[5],"is_endless":false,"potions_floor_spawned":[3,8,11,14,25,28,29,33,37,38,42,45],"killed_by":"Awakened One","ascension_level":4}