{"gold_per_floor":[116,130,149,162,122,155,155,174,174,48,77,92,102,130,130,229,229,241,257,284,52,52,52,81,81,81,111,121,148,148,165,165,263,263,278,294,308,323,82,82],"floor_reached":40,"playtime":4485,"items_purged":["Strike_R","Strike_R+1"],"score":594,"play_id":"da3f5a83-eea8-4f7a-8a0a-8655fc4cb695","local_time":"20190519182139","is_ascension_mode":true,"campfire_choices":[{"floor":7.0,"key":"RECALL"},{"data":"True Grit","floor":15.0,"key":"SMITH"},{"data":"Metallicize","floor":23.0,"key":"SMITH"},{"data":"Limit Break","floor":25.0,"key":"SMITH"},{"data":"True Grit","floor":30,"key":"SMITH"},{"data":"Inflame","floor":32,"key":"SMITH"}],"neow_cost":"NONE","seed_source_timestamp":0,"circlet_count":0,"master_deck":["Strike_R+1","Strike_R+1","Strike_R+1","Defend_R+1","Defend_R+1","Defend_R+1","Defend_R+1","Bash","Clothesline+1","Pommel Strike+1","Anger","Immolate","Pommel Strike","Metallicize+1","True Grit+1","Disarm","Uppercut","Rampage","Barricade","Inflame+1","Flex+1","Feel No Pain","Limit Break+1","Headbutt","True Grit+1","Juggernaut","Rupture","Pommel Strike+1","Parasite","Spot Weakness+1","Battle Trance","Metallicize"],"special_seed":0,"relics":["Burning Blood","Magic Flower","Orichalcum","Meat on the Bone","Snecko Eye","Whetstone","Darkstone Periapt","Paper Frog","StoneCalendar","Ancient Tea Set","Mark of Pain"],"potions_floor_usage":[33,33,35,40],"damage_taken":[{"damage":0.0,"enemies":"Small Slimes","floor":1.0,"turns":3.0},{"damage":0.0,"enemies":"Cultist","floor":2.0,"turns":3.0},{"damage":6.0,"enemies":"2 Louse","floor":3.0,"turns":3.0},{"damage":27.0,"enemies":"Exordium Wildlife","floor":4.0,"turns":8.0},{"damage":37.0,"enemies":"3 Sentries","floor":6.0,"turns":10.0},{"damage":1.0,"enemies":"Large Slime","floor":8.0,"turns":4.0},{"damage":12.0,"enemies":"Gremlin Nob","floor":11.0,"turns":4.0},{"damage":0.0,"enemies":"3 Louse","floor":12.0,"turns":1.0},{"damage":1.0,"enemies":"Looter","floor":13.0,"turns":4.0},{"damage":7.0,"enemies":"3 Sentries","floor":14.0,"turns":6.0},{"damage":49.0,"enemies":"Hexaghost","floor":16.0,"turns":16.0},{"damage":15.0,"enemies":"Spheric Guardian","floor":18.0,"turns":7.0},{"damage":5.0,"enemies":"Chosen","floor":19.0,"turns":5.0},{"damage":17.0,"enemies":"Book of Stabbing","floor":24.0,"turns":4.0},{"damage":0.0,"enemies":"Gremlin Leader","floor":27.0,"turns":3.0},{"damage":9.0,"enemies":"Snecko","floor":28.0,"turns":5.0},{"damage":18,"enemies":"Book of Stabbing","floor":29,"turns":7},{"damage":0,"enemies":"3 Cultists","floor":31,"turns":3},{"damage":76,"enemies":"Automaton","floor":33,"turns":13},{"damage":26,"enemies":"3 Darklings","floor":35,"turns":3},{"damage":10,"enemies":"Orb Walker","floor":36,"turns":2},{"damage":12,"enemies":"Maw","floor":37,"turns":7},{"damage":40,"enemies":"Writhing Mass","floor":38,"turns":7},{"damage":78,"enemies":"Giant Head","floor":40,"turns":7}],"seed_played":"6318378272875547724","potions_obtained":[{"floor":1.0,"key":"SpeedPotion"},{"floor":5.0,"key":"Poison Potion"},{"floor":5.0,"key":"Poison Potion"},{"floor":5.0,"key":"LiquidBronze"},{"floor":8.0,"key":"Swift Potion"},{"floor":12.0,"key":"Dexterity Potion"},{"floor":19.0,"key":"FearPotion"},{"floor":29,"key":"Energy Potion"},{"floor":31,"key":"Swift Potion"},{"floor":33,"key":"AttackPotion"},{"floor":38,"key":"FearPotion"}],"is_trial":false,"path_per_floor":["M","M","M","M","?","E","R","M","T","$","E","M","M","E","R","B",null,"M","M","T","$","?","R","E","R","T","E","M","E","R","M","R","B",null,"M","M","M","M","$","E"],"character_chosen":"IRONCLAD","items_purchased":["Metallicize","True Grit","Feel No Pain","Limit Break","Battle Trance","Metallicize"],"campfire_rested":0,"item_purchase_floors":[10,10,21,21,39,39],"current_hp_per_floor":[88,88,88,67,67,36,36,44,44,44,41,50,58,60,60,38,88,82,86,86,86,86,86,78,78,78,87,87,78,78,87,87,38,88,71,70,67,63,63,0],"gold":82,"neow_bonus":"TEN_PERCENT_HP_BONUS","is_prod":false,"is_daily":false,"chose_seed":false,"campfire_upgraded":5,"win_rate":0,"timestamp":1558282899,"path_taken":["M","M","M","M","?","E","R","M","T","$","E","M","M","E","R","BOSS","M","?","?","$","?","R","E","R","T","E","M","E","R","M","R","BOSS","M","M","M","M","$","E"],"build_version":"2019-01-23","purchased_purges":2,"victory":false,"max_hp_per_floor":[88,88,88,88,88,88,88,88,88,88,88,88,88,88,88,88,88,88,88,88,88,88,88,88,88,88,88,88,88,88,88,88,88,88,88,88,88,94,94,94],"card_choices":[{"not_picked":["Rupture","Clash"],"picked":"Clothesline","floor":1.0},{"not_picked":["Twin Strike","Dark Embrace"],"picked":"Pommel Strike","floor":2.0},{"not_picked":["Clash","Dropkick","Iron Wave"],"picked":"SKIP","floor":3.0},{"not_picked":["Twin Strike","Searing Blow"],"picked":"Anger","floor":4.0},{"not_picked":["Carnage","Intimidate"],"picked":"Immolate","floor":6.0},{"not_picked":["Havoc","Twin Strike"],"picked":"Pommel Strike","floor":8.0},{"not_picked":["Clothesline","Iron Wave"],"picked":"Disarm","floor":11.0},{"not_picked":["Clothesline","Bloodletting","Second Wind"],"picked":"SKIP","floor":12.0},{"not_picked":["Warcry","Perfected Strike"],"picked":"Uppercut","floor":13.0},{"not_picked":["Entrench","Corruption"],"picked":"Rampage","floor":14.0},{"not_picked":["Limit Break","Brutality"],"picked":"Barricade","floor":16.0},{"not_picked":["Pummel","Pommel Strike"],"picked":"Inflame","floor":18.0},{"not_picked":["Havoc","Heavy Blade"],"picked":"Flex+1","floor":19.0},{"not_picked":["Hemokinesis+1","Limit Break"],"picked":"Headbutt","floor":24.0},{"not_picked":["Perfected Strike","Cleave"],"picked":"True Grit","floor":27.0},{"not_picked":["Twin Strike","Fire Breathing","Infernal Blade"],"picked":"SKIP","floor":28.0},{"not_picked":["Combust","Wild Strike","Twin Strike+1"],"picked":"SKIP","floor":29},{"not_picked":["Thunderclap+1","Cleave+1","Twin Strike+1"],"picked":"SKIP","floor":31},{"not_picked":["Bludgeon","Offering"],"picked":"Juggernaut","floor":33},{"not_picked":["Sever Soul","Cleave","Thunderclap"],"picked":"SKIP","floor":35},{"not_picked":["Sword Boomerang","Anger"],"picked":"Rupture","floor":36},{"not_picked":["Cleave+1","Uppercut+1"],"picked":"Pommel Strike+1","floor":37},{"not_picked":["Body Slam","Warcry"],"picked":"Spot Weakness+1","floor":38}],"player_experience":307676,"relics_obtained":[{"floor":6.0,"key":"Magic Flower"},{"floor":11.0,"key":"Orichalcum"},{"floor":14.0,"key":"Meat on the Bone"},{"floor":20.0,"key":"Whetstone"},{"floor":24.0,"key":"Darkstone Periapt"},{"floor":26.0,"key":"Paper Frog"},{"floor":27.0,"key":"StoneCalendar"},{"floor":29,"key":"Ancient Tea Set"}],"event_choices":[{"damage_healed":0.0,"max_hp_gain":0.0,"max_hp_loss":0.0,"gold_gain":0.0,"event_name":"The Woman in Blue","player_choice":"Bought 3 Potions","floor":5.0,"gold_loss":0.0,"damage_taken":0.0},{"damage_healed":0.0,"max_hp_gain":0.0,"max_hp_loss":0.0,"gold_gain":0.0,"event_name":"Back to Basics","player_choice":"Simplicity","floor":22.0,"gold_loss":0.0,"damage_taken":0.0,"cards_upgraded":["Strike_R","Strike_R","Strike_R","Strike_R","Defend_R","Defend_R","Defend_R","Defend_R"]}],"is_beta":false,"boss_relics":[{"not_picked":["Runic Pyramid","Pandora\u0027s Box"],"picked":"Snecko Eye"},{"not_picked":["Coffee Dripper","Philosopher\u0027s Stone"],"picked":"Mark of Pain"}],"items_purged_floors":[21,39],"is_endless":false,"potions_floor_spawned":[1,8,11,12,19,29,31,33,38],"killed_by":"Giant Head","ascension_level":4}