{"gold_per_floor":[118,130,142,153,173,207,207,223,248,248,283,296,321,65,65,168,168,181,106,106,123,137,137,157,192,192,192,114,114,189,208,208,309,309,328,340,340,353,114,114,114,146,172,172,122,122,155,173,173,173],"floor_reached":50,"playtime":5400,"items_purged":["Defend_G","Defend_G","Regret"],"score":594,"play_id":"612ff844-d765-4b27-8364-ce7582ce0ee9","local_time":"20190414100337","is_ascension_mode":true,"campfire_choices":[{"data":"Bullet Time","floor":10.0,"key":"SMITH"},{"data":"Cloak And Dagger","floor":15.0,"key":"SMITH"},{"floor":23.0,"key":"REST"},{"floor":27.0,"key":"REST"},{"data":"Venomology","floor":29.0,"key":"SMITH"},{"floor":32.0,"key":"REST"},{"data":"Burst","floor":40.0,"key":"SMITH"},{"floor":46.0,"key":"REST"},{"floor":49.0,"key":"RECALL"}],"neow_cost":"NONE","seed_source_timestamp":292315086606084,"circlet_count":0,"master_deck":["Defend_G","Defend_G","Defend_G","Strike_G","Strike_G","Strike_G","Strike_G","Survivor","Neutralize","Backflip","Sucker Punch","Deflect","Quick Slash","Heel Hook","Cloak And Dagger+1","Bullet Time+1","Quick Slash","Calculated Gamble","Dagger Throw","Finisher","Dagger Spray","Venomology+1","Outmaneuver","Dagger Throw","Blur","Calculated Gamble","Tools of the Trade","Noxious Fumes","Deflect","Terror","Dodge and Roll+1","Well Laid Plans+1","Infinite Blades","Caltrops","Burst+1","Dagger Throw+1","Cloak And Dagger+1","Bane+1","Eviscerate","Doubt","Flying Knee+1","Parasite","Crippling Poison+1"],"special_seed":0,"relics":["Ring of the Snake","Torii","Smiling Mask","MawBank","Lee\u0027s Waffle","Orrery","PreservedInsect","Lantern","Cursed Key","Vajra","Mercury Hourglass","Bag of Preparation","Kunai","Juzu Bracelet"],"potions_floor_usage":[],"damage_taken":[{"damage":0.0,"enemies":"2 Louse","floor":1.0,"turns":4.0},{"damage":0.0,"enemies":"Cultist","floor":2.0,"turns":3.0},{"damage":0.0,"enemies":"Small Slimes","floor":3.0,"turns":4.0},{"damage":0.0,"enemies":"Red Slaver","floor":4.0,"turns":5.0},{"damage":5.0,"enemies":"Large Slime","floor":5.0,"turns":9.0},{"damage":5.0,"enemies":"3 Sentries","floor":6.0,"turns":8.0},{"damage":1.0,"enemies":"Blue Slaver","floor":8.0,"turns":3.0},{"damage":13.0,"enemies":"Gremlin Nob","floor":11.0,"turns":4.0},{"damage":0.0,"enemies":"Looter","floor":12.0,"turns":2.0},{"damage":3.0,"enemies":"3 Sentries","floor":13.0,"turns":9.0},{"damage":34.0,"enemies":"The Guardian","floor":16.0,"turns":18.0},{"damage":6.0,"enemies":"Chosen","floor":18.0,"turns":6.0},{"damage":29.0,"enemies":"Spheric Guardian","floor":21.0,"turns":6.0},{"damage":23.0,"enemies":"3 Cultists","floor":22.0,"turns":7.0},{"damage":0.0,"enemies":"Centurion and Healer","floor":24.0,"turns":8.0},{"damage":7.0,"enemies":"Gremlin Leader","floor":25.0,"turns":11.0},{"damage":20.0,"enemies":"Shelled Parasite and Fungi","floor":31.0,"turns":6.0},{"damage":39.0,"enemies":"Automaton","floor":33.0,"turns":12.0},{"damage":1.0,"enemies":"Orb Walker","floor":35.0,"turns":4.0},{"damage":18.0,"enemies":"3 Shapes","floor":36.0,"turns":3.0},{"damage":12.0,"enemies":"Spire Growth","floor":38.0,"turns":6.0},{"damage":39.0,"enemies":"Reptomancer","floor":42.0,"turns":8.0},{"damage":38.0,"enemies":"Giant Head","floor":47.0,"turns":7.0},{"damage":11.0,"enemies":"Writhing Mass","floor":48.0,"turns":7.0},{"damage":1,"enemies":"Time Eater","floor":50,"turns":1}],"seed_played":"617842027700603303","potions_obtained":[{"floor":4.0,"key":"Block Potion"},{"floor":5.0,"key":"Explosive Potion"},{"floor":6.0,"key":"GamblersBrew"},{"floor":7.0,"key":"GhostInAJar"},{"floor":11.0,"key":"Dexterity Potion"},{"floor":12.0,"key":"Swift Potion"},{"floor":13.0,"key":"SkillPotion"},{"floor":16.0,"key":"Regen Potion"},{"floor":24.0,"key":"Fire Potion"},{"floor":35.0,"key":"Ancient Potion"},{"floor":48.0,"key":"SteroidPotion"}],"is_trial":false,"path_per_floor":["M","M","M","M","M","E","?","M","T","R","E","M","E","$","R","B",null,"M","?","?","M","M","R","M","E","T","R","$","R","?","M","R","B",null,"M","M","?","M","$","R","?","E","T","T","$","R","E","M","R","B"],"character_chosen":"THE_SILENT","items_purchased":["Lee\u0027s Waffle","Dagger Spray","Infinite Blades","Vajra","Infinite Blades"],"campfire_rested":4,"item_purchase_floors":[14,14,28,39,39],"current_hp_per_floor":[70,70,70,70,65,60,60,59,59,59,46,46,43,77,77,43,77,71,71,57,43,20,44,44,37,37,61,61,61,53,33,57,18,82,81,63,63,51,51,51,51,26,26,26,26,50,12,1,1,0],"gold":173,"neow_bonus":"THREE_CARDS","is_prod":false,"is_daily":false,"chose_seed":false,"campfire_upgraded":4,"win_rate":0,"timestamp":1555261417,"path_taken":["M","M","M","M","M","E","?","M","T","R","E","M","E","?","R","BOSS","M","?","?","M","M","R","M","E","T","R","$","R","?","?","R","BOSS","M","M","?","M","$","R","?","E","T","?","?","R","E","M","R","BOSS"],"build_version":"2019-01-23","purchased_purges":3,"victory":false,"max_hp_per_floor":[70,70,70,70,70,70,70,70,70,70,70,70,70,77,77,77,77,77,77,82,82,82,82,82,82,82,82,82,82,82,82,82,82,82,82,82,82,82,82,82,82,82,82,82,82,82,82,82,82,82],"card_choices":[{"not_picked":["Accuracy","PiercingWail"],"picked":"Backflip","floor":0.0},{"not_picked":["Slice","Reflex"],"picked":"Sucker Punch","floor":1.0},{"not_picked":["PiercingWail","Prepared"],"picked":"Deflect","floor":2.0},{"not_picked":["Reflex","All Out Attack"],"picked":"Quick Slash","floor":3.0},{"not_picked":["Blade Dance","Choke"],"picked":"Heel Hook","floor":4.0},{"not_picked":["Dodge and Roll","Prepared"],"picked":"Cloak And Dagger","floor":5.0},{"not_picked":["Flechettes","Dagger Spray"],"picked":"Bullet Time","floor":6.0},{"not_picked":["Blade Dance","Reflex"],"picked":"Quick Slash","floor":8.0},{"not_picked":["Concentrate","Endless Agony"],"picked":"Calculated Gamble","floor":11.0},{"not_picked":["Deadly Poison","Catalyst"],"picked":"Dagger Throw","floor":12.0},{"not_picked":["Flying Knee","Night Terror"],"picked":"Finisher","floor":13.0},{"not_picked":["Tools of the Trade","Die Die Die"],"picked":"Venomology","floor":16.0},{"not_picked":["Bane","Deadly Poison"],"picked":"Outmaneuver","floor":17.0},{"not_picked":["Underhanded Strike","Deadly Poison"],"picked":"Dagger Throw","floor":17.0},{"not_picked":["Poisoned Stab","Flying Knee"],"picked":"Blur","floor":17.0},{"not_picked":["Well Laid Plans","Acrobatics"],"picked":"Calculated Gamble","floor":17.0},{"not_picked":["Outmaneuver","Bane"],"picked":"Tools of the Trade","floor":17.0},{"not_picked":["PiercingWail","Blade Dance"],"picked":"Noxious Fumes","floor":18.0},{"not_picked":["Dagger Spray","Prepared"],"picked":"Deflect","floor":21.0},{"not_picked":["Riddle With Holes","Bouncing Flask"],"picked":"Terror","floor":22.0},{"not_picked":["Outmaneuver","Predator"],"picked":"Dodge and Roll+1","floor":24.0},{"not_picked":["Backflip","Wraith Form v2"],"picked":"Well Laid Plans+1","floor":25.0},{"not_picked":["Sucker Punch","Prepared"],"picked":"Caltrops","floor":31.0},{"not_picked":["Die Die Die","Glass Knife"],"picked":"Burst","floor":33.0},{"not_picked":["Bane","Deflect"],"picked":"Dagger Throw+1","floor":35.0},{"not_picked":["Caltrops","Prepared"],"picked":"Cloak And Dagger+1","floor":36.0},{"not_picked":["All Out Attack","Acrobatics+1"],"picked":"Bane+1","floor":38.0},{"not_picked":["Outmaneuver","Deflect"],"picked":"Eviscerate","floor":42.0},{"not_picked":["Concentrate","All Out Attack+1"],"picked":"Flying Knee+1","floor":47.0},{"not_picked":["Reflex+1","Caltrops+1"],"picked":"Crippling Poison+1","floor":48.0}],"player_experience":411098,"relics_obtained":[{"floor":6.0,"key":"Torii"},{"floor":11.0,"key":"Smiling Mask"},{"floor":13.0,"key":"MawBank"},{"floor":25.0,"key":"PreservedInsect"},{"floor":26.0,"key":"Lantern"},{"floor":42.0,"key":"Mercury Hourglass"},{"floor":43.0,"key":"Bag of Preparation"},{"floor":44.0,"key":"Kunai"},{"floor":47.0,"key":"Juzu Bracelet"}],"event_choices":[{"damage_healed":0.0,"max_hp_gain":0.0,"max_hp_loss":0.0,"gold_gain":0.0,"event_name":"Lab","player_choice":"Got Potions","floor":7.0,"gold_loss":0.0,"damage_taken":0.0},{"cards_removed":["Strike_G"],"damage_healed":0.0,"max_hp_gain":0.0,"max_hp_loss":0.0,"gold_gain":0.0,"event_name":"Beggar","player_choice":"Gave Gold","floor":19.0,"gold_loss":75.0,"damage_taken":0.0},{"damage_healed":0.0,"max_hp_gain":5.0,"max_hp_loss":0.0,"gold_gain":0.0,"event_name":"Forgotten Altar","player_choice":"Shed Blood","floor":20.0,"gold_loss":0.0,"damage_taken":19.0},{"damage_healed":0.0,"max_hp_gain":0.0,"max_hp_loss":0.0,"gold_gain":75.0,"event_name":"FaceTrader","player_choice":"Touch","floor":30.0,"gold_loss":0.0,"damage_taken":8.0},{"damage_healed":0.0,"max_hp_gain":0.0,"max_hp_loss":0.0,"gold_gain":0.0,"event_name":"Tomb of Lord Red Mask","player_choice":"Ignored","floor":37.0,"gold_loss":0.0,"damage_taken":0.0},{"cards_removed":["Infinite Blades"],"damage_healed":0.0,"max_hp_gain":0.0,"max_hp_loss":0.0,"gold_gain":0.0,"event_name":"Falling","player_choice":"Removed Power","floor":41.0,"gold_loss":0.0,"damage_taken":0.0}],"is_beta":false,"boss_relics":[{"not_picked":["Coffee Dripper","Snecko Eye"],"picked":"Orrery"},{"not_picked":["White Beast Statue","Black Star"],"picked":"Cursed Key"}],"items_purged_floors":[14,39,45],"is_endless":false,"potions_floor_spawned":[4,5,6,11,12,13,16,24,35,48],"killed_by":"Time Eater","ascension_level":1}