{"gold_per_floor":[112,112,112,174,194,219,11,42,67,109,197,434,496,558,570,582],"floor_reached":16,"playtime":891,"items_purged":[],"score":145,"play_id":"1b4a08c7-9614-414c-891a-180752d91a9c","local_time":"20190523093450","is_ascension_mode":true,"campfire_choices":[{"data":"Armaments","floor":15.0,"key":"SMITH"}],"neow_cost":"NONE","seed_source_timestamp":259475183789,"circlet_count":0,"master_deck":["Strike_R","Strike_R","Strike_R","Strike_R","Strike_R","Defend_R","Defend_R","Defend_R","Defend_R","Bash+1","Clash","Regret","Twin Strike","Cleave","Armaments+1","Discovery","Spot Weakness","Clothesline","Doubt"],"special_seed":0,"relics":["Burning Blood","Bag of Marbles","SsserpentHead","Juzu Bracelet","Darkstone Periapt","MawBank","Pen Nib","Odd Mushroom","Ornamental Fan"],"potions_floor_usage":[],"damage_taken":[{"damage":6.0,"enemies":"Cultist","floor":1.0,"turns":4.0},{"damage":9.0,"enemies":"Jaw Worm","floor":4.0,"turns":3.0},{"damage":0.0,"enemies":"2 Louse","floor":5.0,"turns":2.0},{"damage":27.0,"enemies":"Lagavulin","floor":6.0,"turns":5.0},{"damage":12.0,"enemies":"3 Sentries","floor":8.0,"turns":6.0},{"damage":31.0,"enemies":"Lagavulin","floor":10.0,"turns":4.0},{"damage":0.0,"enemies":"The Mushroom Lair","floor":11.0,"turns":1.0},{"damage":41,"enemies":"The Guardian","floor":16,"turns":10}],"seed_played":"8354225141049149990","potions_obtained":[{"floor":4.0,"key":"Poison Potion"},{"floor":5.0,"key":"AttackPotion"},{"floor":8.0,"key":"SkillPotion"}],"is_trial":false,"path_per_floor":["M","?","?","M","M","E","$","E","T","E","?","?","?","T","R","B"],"character_chosen":"IRONCLAD","items_purchased":["Discovery","Spot Weakness","Explosive Potion"],"campfire_rested":0,"item_purchase_floors":[7,7,7],"current_hp_per_floor":[80,80,80,77,80,59,59,53,53,28,34,40,40,40,40,0],"gold":582,"neow_bonus":"UPGRADE_CARD","is_prod":false,"is_daily":false,"chose_seed":false,"campfire_upgraded":1,"win_rate":0,"timestamp":1558596890,"path_taken":["M","?","?","?","M","E","$","E","T","E","?","?","?","?","R","BOSS"],"build_version":"2019-05-07","purchased_purges":0,"victory":false,"max_hp_per_floor":[80,80,80,80,80,80,80,80,80,80,80,86,86,86,86,86],"card_choices":[{"not_picked":["Warcry","Reckless Charge"],"picked":"Clash","floor":1.0},{"not_picked":["Entrench","Anger"],"picked":"Twin Strike","floor":4.0},{"not_picked":["Perfected Strike","Combust"],"picked":"Cleave","floor":5.0},{"not_picked":["Uppercut","Bludgeon"],"picked":"Armaments","floor":6.0},{"not_picked":["Searing Blow","Warcry","Clash"],"picked":"SKIP","floor":8.0},{"not_picked":["Iron Wave","Power Through"],"picked":"Clothesline","floor":10.0}],"player_experience":330780,"relics_obtained":[{"floor":6.0,"key":"Juzu Bracelet"},{"floor":8.0,"key":"Darkstone Periapt"},{"floor":9.0,"key":"MawBank"},{"floor":10.0,"key":"Pen Nib"},{"floor":11.0,"key":"Odd Mushroom"},{"floor":14.0,"key":"Ornamental Fan"}],"event_choices":[{"damage_healed":0.0,"max_hp_gain":0.0,"max_hp_loss":0.0,"gold_gain":0.0,"event_name":"Big Fish","player_choice":"Box","floor":2.0,"gold_loss":0.0,"damage_taken":0.0,"relics_obtained":["Bag of Marbles"],"cards_obtained":["Regret"]},{"damage_healed":0.0,"max_hp_gain":0.0,"max_hp_loss":0.0,"gold_gain":0.0,"event_name":"FaceTrader","player_choice":"Trade","floor":3.0,"gold_loss":0.0,"damage_taken":0.0,"relics_obtained":["SsserpentHead"]},{"damage_healed":0.0,"max_hp_gain":0.0,"max_hp_loss":0.0,"gold_gain":0.0,"event_name":"Mushrooms","player_choice":"Fought Mushrooms","floor":11.0,"gold_loss":0.0,"damage_taken":0.0},{"damage_healed":0.0,"max_hp_gain":0.0,"max_hp_loss":0.0,"gold_gain":175.0,"event_name":"Liars Game","player_choice":"AGREE","floor":12.0,"gold_loss":0.0,"damage_taken":0.0,"cards_obtained":["Doubt"]},{"damage_healed":0.0,"max_hp_gain":0.0,"max_hp_loss":0.0,"gold_gain":0.0,"event_name":"Scrap Ooze","player_choice":"Fled","floor":13.0,"gold_loss":0.0,"damage_taken":0.0}],"is_beta":true,"boss_relics":[],"items_purged_floors":[],"is_endless":false,"potions_floor_spawned":[4,5,8],"killed_by":"The Guardian","ascension_level":5}