{"gold_per_floor":[116,41,41,41,58,78,78,103,103,3,32,13,23,83,83,179,179,194,37,37,37,57,57],"floor_reached":23,"playtime":1597,"items_purged":[],"score":233,"play_id":"a6315bdf-fe79-4ac1-a8fb-c4af3dfc0ecf","local_time":"20181026113543","is_ascension_mode":true,"campfire_choices":[{"data":"Zap","floor":7,"key":"SMITH"},{"data":"Defragment","floor":15,"key":"SMITH"}],"neow_cost":"NONE","seed_source_timestamp":1246089529298245,"circlet_count":0,"master_deck":["Strike_B+1","Defend_B","Defend_B","Defend_B","Defend_B","Zap+1","Dualcast","Machine Learning","Beam Cell+1","White Noise","Chill","Tempest","BootSequence","Defragment+1","Coolheaded","Capacitor","Cold Snap","Sweeping Beam","Compile Driver","Creative AI","Conserve Battery","Necronomicurse","Shame","Barrage"],"relics":["Cracked Core","The Courier","Whetstone","Pear","Anchor","Blue Candle","Empty Cage","Bronze Scales","Necronomicon","Art of War"],"potions_floor_usage":[6,14,16,18],"damage_taken":[{"damage":0,"enemies":"Small Slimes","floor":1,"turns":3},{"damage":0,"enemies":"Cultist","floor":5,"turns":3},{"damage":0,"enemies":"2 Louse","floor":6,"turns":1},{"damage":23,"enemies":"Gremlin Nob","floor":8,"turns":4},{"damage":0,"enemies":"Lagavulin","floor":11,"turns":5},{"damage":1,"enemies":"Looter","floor":13,"turns":3},{"damage":16,"enemies":"Lagavulin Event","floor":14,"turns":6},{"damage":8,"enemies":"The Guardian","floor":16,"turns":9},{"damage":35,"enemies":"2 Thieves","floor":18,"turns":5},{"damage":12,"enemies":"Shell Parasite","floor":22,"turns":5},{"damage":28,"enemies":"Gremlin Leader","floor":23,"turns":2}],"seed_played":"4730491394470736139","potions_obtained":[{"floor":1,"key":"Energy Potion"},{"floor":5,"key":"Explosive Potion"},{"floor":11,"key":"Fire Potion"},{"floor":14,"key":"LiquidBronze"},{"floor":16,"key":"PowerPotion"}],"is_trial":false,"path_per_floor":["M","$","?","?","M","M","R","E","T","$","E","$","M","?","R","B",null,"M","$","?","?","M"],"character_chosen":"DEFECT","items_purchased":["White Noise","Defragment","Coolheaded","Cold Snap","Conserve Battery","Bronze Scales"],"campfire_rested":0,"item_purchase_floors":[2,10,10,12,19,19],"current_hp_per_floor":[75,75,75,75,75,75,75,52,62,62,62,62,61,45,45,37,85,50,50,34,34,22,0],"gold":57,"neow_bonus":"ONE_RANDOM_RARE_CARD","is_prod":false,"is_daily":false,"chose_seed":false,"campfire_upgraded":2,"win_rate":0,"timestamp":1540546543,"path_taken":["M","$","?","?","?","M","R","E","T","?","E","$","M","?","R","BOSS","M","$","?","?","?","E"],"build_version":"2018-10-25v2","purchased_purges":0,"victory":false,"max_hp_per_floor":[75,75,75,75,75,75,75,75,85,85,85,85,85,85,85,85,85,85,85,85,85,85,85],"card_choices":[{"not_picked":["Storm","Stack"],"picked":"Beam Cell","floor":1},{"not_picked":["Barrage","Gash"],"picked":"Chill","floor":5},{"not_picked":["Rebound","Rip and Tear"],"picked":"Tempest","floor":6},{"not_picked":["Chaos","Darkness"],"picked":"BootSequence","floor":8},{"not_picked":["Compile Driver","All For One"],"picked":"Capacitor","floor":11},{"not_picked":["Rebound","Redo"],"picked":"Sweeping Beam","floor":13},{"not_picked":["Scrape","Beam Cell"],"picked":"Compile Driver","floor":14},{"not_picked":["Amplify","Machine Learning"],"picked":"Creative AI","floor":16},{"not_picked":["Rebound","Cold Snap","Aggregate"],"picked":"SKIP","floor":18},{"not_picked":["Chill","Rebound"],"picked":"Barrage","floor":22}],"player_experience":158606,"relics_obtained":[{"floor":8,"key":"Whetstone"},{"floor":9,"key":"Pear"},{"floor":11,"key":"Anchor"},{"floor":14,"key":"Blue Candle"},{"floor":20,"key":"Necronomicon"}],"event_choices":[{"damage_healed":0,"gold_gain":0,"player_choice":"Gave Potion","damage_taken":0,"relics_obtained":["The Courier"],"max_hp_gain":0,"max_hp_loss":0,"event_name":"WeMeetAgain","floor":3,"gold_loss":0},{"cards_removed":["Strike_B"],"damage_healed":0,"gold_gain":0,"player_choice":"Forget","damage_taken":0,"max_hp_gain":0,"max_hp_loss":0,"event_name":"Living Wall","floor":4,"gold_loss":0},{"damage_healed":0,"gold_gain":0,"player_choice":"Searched \u00272\u0027 times","damage_taken":0,"max_hp_gain":0,"max_hp_loss":0,"event_name":"Dead Adventurer","floor":14,"gold_loss":0},{"damage_healed":0,"gold_gain":0,"player_choice":"Obtained Book","damage_taken":16,"max_hp_gain":0,"max_hp_loss":0,"event_name":"Cursed Tome","floor":20,"gold_loss":0},{"damage_healed":0,"gold_gain":0,"player_choice":"Stole Relic","damage_taken":0,"relics_obtained":["Art of War"],"max_hp_gain":0,"max_hp_loss":0,"event_name":"Addict","floor":21,"gold_loss":0,"cards_obtained":["Shame"]}],"is_beta":false,"boss_relics":[{"not_picked":["Velvet Choker","FrozenCore"],"picked":"Empty Cage"}],"items_purged_floors":[],"is_endless":false,"potions_floor_spawned":[1,5,11,14,16],"killed_by":"Gremlin Leader","ascension_level":1}