{"gold_per_floor":[119,131,1,1,21,55,55,81,104,135,135,135,135,210,210,284,284,296,313,39,39,39,72,14,14,14,14,48,48,48,64,64,64],"floor_reached":33,"playtime":1515,"items_purged":["Strike_R"],"score":549,"play_id":"7b138342-b10e-4638-a9ad-43fe5e4887d4","local_time":"20190526120359","is_ascension_mode":true,"campfire_choices":[{"data":"Carnage","floor":7,"key":"SMITH"},{"data":"Disarm","floor":12,"key":"SMITH"},{"floor":15,"key":"REST"},{"data":"Whirlwind","floor":25,"key":"SMITH"},{"floor":29,"key":"REST"},{"floor":32,"key":"REST"}],"neow_cost":"NONE","seed_source_timestamp":3805971308317,"circlet_count":0,"master_deck":["AscendersBane","Strike_R","Strike_R","Strike_R+1","Defend_R","Defend_R","Defend_R","Defend_R","Bash+1","Cleave","Carnage+1","Headbutt","Disarm+1","Clothesline","Impervious","Whirlwind+1","J.A.X.","Writhe","Shrug It Off","Inflame","Sword Boomerang"],"special_seed":0,"relics":["Burning Blood","Boot","Juzu Bracelet","Lantern","Whetstone","Mercury Hourglass","Darkstone Periapt","Sozu","Paper Frog","Bronze Scales","Bag of Marbles","Blue Candle","Omamori","Nilry\u0027s Codex"],"potions_floor_usage":[6,6],"damage_taken":[{"damage":6.0,"enemies":"Cultist","floor":1.0,"turns":3.0},{"damage":6.0,"enemies":"2 Louse","floor":2.0,"turns":3.0},{"damage":7.0,"enemies":"Jaw Worm","floor":5.0,"turns":3.0},{"damage":30,"enemies":"Lagavulin","floor":6,"turns":5},{"damage":16,"enemies":"Gremlin Nob","floor":8,"turns":3},{"damage":15,"enemies":"3 Sentries","floor":10,"turns":6},{"damage":17,"enemies":"Hexaghost","floor":16,"turns":10},{"damage":2,"enemies":"3 Byrds","floor":18,"turns":5},{"damage":7,"enemies":"2 Thieves","floor":19,"turns":5},{"damage":39,"enemies":"Book of Stabbing","floor":23,"turns":5},{"damage":24,"enemies":"Slavers","floor":28,"turns":4},{"damage":15,"enemies":"Snake Plant","floor":31,"turns":2},{"damage":48,"enemies":"Automaton","floor":33,"turns":6}],"seed_played":"-414326722272844348","potions_obtained":[{"floor":2.0,"key":"Explosive Potion"}],"is_trial":false,"path_per_floor":["M","M","$","$","M","E","R","E","T","E","?","R","?","?","R","B",null,"M","M","$","?","?","E","$","R","T","?","E","R","?","M","R","B"],"character_chosen":"IRONCLAD","items_purchased":["Weak Potion","Paper Frog","Shrug It Off"],"campfire_rested":3,"item_purchase_floors":[3,20,24],"current_hp_per_floor":[68,68,68,68,67,43,43,33,33,24,19,19,12,1,23,12,59,63,62,62,62,68,35,35,35,35,35,17,41,20,11,35,0],"gold":64,"neow_bonus":"RANDOM_COMMON_RELIC","is_prod":false,"is_daily":false,"chose_seed":false,"campfire_upgraded":3,"win_rate":0,"timestamp":1558865039,"path_taken":["M","M","?","$","M","E","R","E","T","E","?","R","?","?","R","BOSS","M","M","$","?","?","E","?","R","T","?","E","R","?","M","R","BOSS"],"build_version":"2019-01-23","purchased_purges":1,"victory":false,"max_hp_per_floor":[75,75,75,75,75,75,75,75,75,75,75,75,75,75,75,75,75,75,75,75,75,81,81,81,81,81,81,81,81,81,81,81,81],"card_choices":[{"not_picked":["Sentinel","Armaments"],"picked":"Cleave","floor":1.0},{"not_picked":["Armaments","Warcry"],"picked":"Carnage","floor":2.0},{"not_picked":["Cleave","Clothesline"],"picked":"Headbutt","floor":5.0},{"not_picked":["Rampage","Armaments"],"picked":"Disarm","floor":6},{"not_picked":["Rage","Twin Strike","Intimidate"],"picked":"SKIP","floor":8},{"not_picked":["Rage","Twin Strike","Intimidate"],"picked":"SKIP","floor":8},{"not_picked":["Dark Embrace","Headbutt"],"picked":"Clothesline","floor":10},{"not_picked":["Dark Embrace","Juggernaut"],"picked":"Impervious","floor":16},{"not_picked":["Anger+1","Rage"],"picked":"Whirlwind","floor":18},{"not_picked":["Headbutt","Sword Boomerang+1","Iron Wave"],"picked":"SKIP","floor":19},{"not_picked":["Warcry","Dual Wield","Iron Wave"],"picked":"SKIP","floor":23},{"not_picked":["Shrug It Off","Juggernaut"],"picked":"Inflame","floor":28},{"not_picked":["Thunderclap","Iron Wave"],"picked":"Sword Boomerang","floor":31}],"player_experience":70828,"relics_obtained":[{"floor":6,"key":"Juzu Bracelet"},{"floor":8,"key":"Lantern"},{"floor":9,"key":"Whetstone"},{"floor":10,"key":"Mercury Hourglass"},{"floor":23,"key":"Bag of Marbles"},{"floor":26,"key":"Blue Candle"},{"floor":28,"key":"Omamori"},{"floor":30,"key":"Nilry\u0027s Codex"}],"event_choices":[{"damage_healed":0,"gold_gain":0,"player_choice":"Success","damage_taken":5,"relics_obtained":["Darkstone Periapt"],"max_hp_gain":0,"max_hp_loss":0,"event_name":"Scrap Ooze","floor":11,"gold_loss":0},{"cards_removed":["Strike_R"],"damage_healed":0,"gold_gain":0,"player_choice":"Card Removal","damage_taken":7,"max_hp_gain":0,"max_hp_loss":0,"event_name":"Golden Wing","floor":13,"gold_loss":0},{"damage_healed":0,"gold_gain":75,"player_choice":"Gather Gold","damage_taken":11,"max_hp_gain":0,"max_hp_loss":0,"event_name":"World of Goop","floor":14,"gold_loss":0},{"damage_healed":0,"gold_gain":0,"player_choice":"Obtain J.A.X.","damage_taken":0,"max_hp_gain":0,"max_hp_loss":0,"event_name":"Drug Dealer","floor":21,"gold_loss":0,"cards_obtained":["J.A.X."]},{"damage_healed":0,"gold_gain":0,"player_choice":"Opened","damage_taken":0,"relics_obtained":["Bronze Scales"],"max_hp_gain":0,"max_hp_loss":0,"event_name":"The Mausoleum","floor":22,"gold_loss":0,"cards_obtained":["Writhe"]},{"damage_healed":0,"gold_gain":0,"player_choice":"Ignored","damage_taken":0,"max_hp_gain":0,"max_hp_loss":0,"event_name":"Beggar","floor":27,"gold_loss":0},{"damage_healed":0,"gold_gain":0,"player_choice":"Obtained Book","damage_taken":21,"max_hp_gain":0,"max_hp_loss":0,"event_name":"Cursed Tome","floor":30,"gold_loss":0}],"is_beta":false,"boss_relics":[{"not_picked":["Ectoplasm","White Beast Statue"],"picked":"Sozu"}],"items_purged_floors":[3],"is_endless":false,"potions_floor_spawned":[2,5,18,23],"killed_by":"Automaton","ascension_level":17}