{"gold_per_floor":[112,112,130,153,176,176,207,207,207,238,106,14,30,48,48,169,169,184,3,23,23,23,23,23,23,70,70,70],"floor_reached":28,"playtime":2317,"items_purged":["Strike_B","Strike_B"],"score":226,"play_id":"64a20ade-5ffc-40f7-b48d-0afd6d29465a","local_time":"20181016223516","is_ascension_mode":false,"campfire_choices":[{"floor":6,"key":"REST"},{"floor":15,"key":"REST"},{"floor":23,"key":"REST"},{"data":"Doom and Gloom","floor":27,"key":"SMITH"}],"neow_cost":"","seed_source_timestamp":420809095410581,"circlet_count":0,"master_deck":["Strike_B","Strike_B","Defend_B","Defend_B","Defend_B","Defend_B","Zap","Dualcast","Cold Snap","Hello World","Conserve Battery","Compile Driver","Seek","Compile Driver","Beam Cell","Loop+1","Barrage","Capacitor+1","Lockon","Defragment+1","Machine Learning+1","Sweeping Beam","Melter","FTL","Chaos","Ball Lightning","Doom and Gloom+1","Static Discharge+1","Stack"],"relics":["Cracked Core","Bloody Idol","Frozen Egg 2","Mercury Hourglass","MawBank","Orrery","Bag of Preparation"],"potions_floor_usage":[16,16],"damage_taken":[{"damage":1,"enemies":"2 Louse","floor":1,"turns":3},{"damage":4,"enemies":"Cultist","floor":3,"turns":3},{"damage":4,"enemies":"Jaw Worm","floor":4,"turns":3},{"damage":5,"enemies":"Blue Slaver","floor":5,"turns":5},{"damage":17,"enemies":"3 Sentries","floor":7,"turns":7},{"damage":26,"enemies":"Gremlin Nob","floor":10,"turns":4},{"damage":7,"enemies":"Large Slime","floor":13,"turns":4},{"damage":10,"enemies":"Exordium Thugs","floor":14,"turns":4},{"damage":15,"enemies":"Slime Boss","floor":16,"turns":9},{"damage":28,"enemies":"2 Thieves","floor":18,"turns":3},{"damage":16,"enemies":"Chosen","floor":20,"turns":5},{"damage":62,"enemies":"Slavers","floor":28,"turns":3}],"seed_played":"-8099471696405355239","potions_obtained":[{"floor":1,"key":"SneckoOil"},{"floor":5,"key":"GamblersBrew"},{"floor":16,"key":"SkillPotion"}],"is_trial":false,"path_per_floor":["M","?","M","M","M","R","E","?","T","E","$","$","M","M","R","B",null,"M","$","M","?","$","R","$","?","T","R"],"character_chosen":"DEFECT","items_purchased":["Loop+1","Barrage","Capacitor+1","Static Discharge+1"],"campfire_rested":3,"item_purchase_floors":[11,12,12,19],"current_hp_per_floor":[74,56,52,48,43,65,48,48,48,22,22,22,15,5,27,12,75,47,47,31,31,31,53,53,53,58,58,0],"gold":70,"neow_bonus":"","is_prod":false,"is_daily":false,"chose_seed":false,"campfire_upgraded":1,"win_rate":0.0,"timestamp":1539722116,"path_taken":["M","?","M","M","M","R","E","?","T","E","?","$","M","M","R","BOSS","M","$","M","?","?","R","$","?","T","R","E"],"build_version":"2018-10-11","purchased_purges":2,"victory":false,"max_hp_per_floor":[75,75,75,75,75,75,75,75,75,75,75,75,75,75,75,75,75,75,75,75,75,75,75,75,75,75,75,75],"card_choices":[{"not_picked":["Ball Lightning","Coolheaded"],"picked":"Cold Snap","floor":1},{"not_picked":["Steam Power","Hologram"],"picked":"Hello World","floor":3},{"not_picked":["Gash","Leap"],"picked":"Conserve Battery","floor":4},{"not_picked":["Barrage","Cold Snap"],"picked":"Compile Driver","floor":5},{"not_picked":["Aggregate","Scrape","Leap"],"picked":"SKIP","floor":7},{"not_picked":["Double Energy","Leap"],"picked":"Beam Cell","floor":10},{"not_picked":["Coolheaded","Scrape"],"picked":"Lockon","floor":13},{"not_picked":["All For One","Leap"],"picked":"Defragment+1","floor":14},{"not_picked":["Rainbow","Fission"],"picked":"Machine Learning+1","floor":16},{"not_picked":["Barrage","Streamline"],"picked":"Sweeping Beam","floor":17},{"not_picked":["Go for the Eyes","Sweeping Beam"],"picked":"Melter","floor":17},{"not_picked":["Blizzard","Rainbow"],"picked":"FTL","floor":17},{"not_picked":["Compile Driver","Aggregate"],"picked":"Chaos","floor":17},{"not_picked":["Go for the Eyes","Sweeping Beam"],"picked":"Ball Lightning","floor":17},{"not_picked":["Streamline+1","Cold Snap"],"picked":"Doom and Gloom","floor":18},{"not_picked":["Leap","Ball Lightning"],"picked":"Stack","floor":20}],"player_experience":14594,"relics_obtained":[{"floor":7,"key":"Frozen Egg 2"},{"floor":9,"key":"Mercury Hourglass"},{"floor":10,"key":"MawBank"},{"floor":26,"key":"Bag of Preparation"}],"event_choices":[{"event_name":"Golden Idol","player_choice":"Take Damage","floor":2,"damage_taken":0},{"event_name":"Match and Keep!","player_choice":"2 cards matched","floor":8,"damage_taken":0},{"event_name":"Forgotten Altar","player_choice":"Gave Idol","floor":21,"damage_taken":0},{"event_name":"The Mausoleum","player_choice":"No","floor":25,"damage_taken":0}],"is_beta":false,"boss_relics":[{"not_picked":["Black Star","Runic Dome"],"picked":"Orrery"}],"items_purged_floors":[11,19],"is_endless":false,"potions_floor_spawned":[1,5,16],"killed_by":"Slavers","ascension_level":0}