{"gold_per_floor":[111,111,122,72,72,72,49,62,62,80,90,107,140,140,140,243,243,253,98,98,38,50,80,80,111,163,191,67,67,87,114,114,217,217,236,32,42,42,88,88,88,188,214,227,242,254,254,266,266,266,266,266,18,46,46],"floor_reached":55,"playtime":3008,"items_purged":["Strike_R","Strike_R","Strike_R","Doubt"],"score":788,"play_id":"297194d6-d9bd-4b25-9dbd-3f85399b39ef","local_time":"20181104023020","is_ascension_mode":true,"campfire_choices":[{"floor":6.0,"key":"RECALL"},{"data":"Shockwave","floor":15.0,"key":"SMITH"},{"data":"Barricade","floor":24.0,"key":"SMITH"},{"floor":29.0,"key":"REST"},{"floor":32.0,"key":"REST"},{"data":"Limit Break","floor":40.0,"key":"SMITH"},{"data":"Demon Form","floor":47.0,"key":"SMITH"},{"floor":49.0,"key":"REST"},{"data":"Entrench","floor":52.0,"key":"SMITH"}],"neow_cost":"NONE","seed_source_timestamp":0,"circlet_count":0,"master_deck":["Defend_R","Defend_R","Defend_R","Defend_R","Bash+1","Shrug It Off+1","Twin Strike","Shockwave+1","Whirlwind+1","Dropkick+1","Uppercut+1","Barricade+1","Entrench+1","Immolate+1","Clothesline+1","Disarm+1","Limit Break+1","Headbutt+1","Injury","Iron Wave+1","Pommel Strike+1","Exhume","Demon Form+1","Inflame","Spot Weakness","Flash of Steel+1","Spot Weakness+1","Entrench+1","Battle Trance+1","Armaments","Shrug It Off+1"],"special_seed":0,"relics":["Burning Blood","NeowsBlessing","Molten Egg 2","Pocketwatch","Kunai","Cursed Key","Centennial Puzzle","Pen Nib","Thread and Needle","Bottled Lightning","Black Star","Bird Faced Urn","Mango","Omamori","Frozen Egg 2","Gremlin Horn"],"potions_floor_usage":[],"damage_taken":[{"damage":0.0,"enemies":"Cultist","floor":1.0,"turns":1.0},{"damage":0.0,"enemies":"Jaw Worm","floor":3.0,"turns":1.0},{"damage":0.0,"enemies":"2 Louse","floor":8.0,"turns":1.0},{"damage":12.0,"enemies":"Exordium Thugs","floor":10.0,"turns":6.0},{"damage":0.0,"enemies":"3 Louse","floor":11.0,"turns":3.0},{"damage":0.0,"enemies":"Looter","floor":12.0,"turns":3.0},{"damage":9.0,"enemies":"Gremlin Nob","floor":13.0,"turns":4.0},{"damage":54.0,"enemies":"Slime Boss","floor":16.0,"turns":9.0},{"damage":14.0,"enemies":"2 Thieves","floor":18.0,"turns":2.0},{"damage":8.0,"enemies":"Shell Parasite","floor":22.0,"turns":5.0},{"damage":24.0,"enemies":"Book of Stabbing","floor":23.0,"turns":6.0},{"damage":27.0,"enemies":"Slavers","floor":25.0,"turns":2.0},{"damage":17.0,"enemies":"Book of Stabbing","floor":27.0,"turns":8.0},{"damage":5.0,"enemies":"Snecko","floor":30.0,"turns":5.0},{"damage":22.0,"enemies":"Slavers","floor":31.0,"turns":3.0},{"damage":8.0,"enemies":"Champ","floor":33.0,"turns":16.0},{"damage":7.0,"enemies":"3 Shapes","floor":35.0,"turns":3.0},{"damage":0.0,"enemies":"Orb Walker","floor":37.0,"turns":3.0},{"damage":20.0,"enemies":"2 Orb Walkers","floor":39.0,"turns":4.0},{"damage":2.0,"enemies":"Mind Bloom Boss Battle","floor":42.0,"turns":6.0},{"damage":7.0,"enemies":"4 Shapes","floor":44.0,"turns":3.0},{"damage":9.0,"enemies":"Jaw Worm Horde","floor":45.0,"turns":3.0},{"damage":30.0,"enemies":"Spire Growth","floor":46.0,"turns":6.0},{"damage":1.0,"enemies":"Transient","floor":48.0,"turns":5.0},{"damage":58.0,"enemies":"Awakened One","floor":50.0,"turns":11.0},{"damage":38.0,"enemies":"Shield and Spear","floor":54.0,"turns":6.0},{"damage":81,"enemies":"The Heart","floor":55,"turns":5}],"seed_played":"-1283359431578793175","potions_obtained":[{"floor":3.0,"key":"Poison Potion"},{"floor":8.0,"key":"Explosive Potion"},{"floor":16.0,"key":"Regen Potion"},{"floor":18.0,"key":"Explosive Potion"},{"floor":25.0,"key":"Poison Potion"},{"floor":33.0,"key":"EntropicBrew"},{"floor":42.0,"key":"Explosive Potion"},{"floor":46.0,"key":"EntropicBrew"},{"floor":48.0,"key":"SpeedPotion"}],"is_trial":false,"path_per_floor":["M","?","M","?","?","R","$","M","T","M","M","M","E","?","R","B",null,"M","$","?","?","M","E","R","E","T","E","$","R","M","E","R","B",null,"M","$","M","?","?","R","?","?","T","M","M","M","R","M","R","B",null,"R","$","E","B"],"character_chosen":"IRONCLAD","items_purchased":["Twin Strike","Entrench","Iron Wave+1","Inflame","Dexterity Potion","Armaments"],"campfire_rested":3,"item_purchase_floors":[7,19,28,36,53,53],"current_hp_per_floor":[80,64,70,70,70,70,70,76,76,70,76,80,77,74,74,26,80,72,72,72,72,79,61,61,40,40,29,29,53,54,38,62,60,80,79,79,80,80,66,66,66,84,84,85,84,64,64,73,94,46,94,94,94,62,0],"gold":46,"neow_bonus":"THREE_ENEMY_KILL","is_prod":false,"is_daily":false,"chose_seed":false,"campfire_upgraded":5,"win_rate":0,"timestamp":1541295020,"path_taken":["M","?","M","?","?","R","$","?","T","M","M","M","E","?","R","BOSS","M","$","?","?","M","E","R","E","T","E","$","R","M","E","R","BOSS","M","$","M","?","?","R","?","?","T","M","M","M","R","M","R","BOSS","R","$","E","BOSS"],"build_version":"2018-11-02","purchased_purges":4,"victory":false,"max_hp_per_floor":[80,80,80,80,80,80,80,80,80,80,80,80,80,80,80,80,80,80,80,80,80,80,80,80,80,80,80,80,80,80,80,80,80,80,80,80,80,80,80,80,80,94,94,94,94,94,94,94,94,94,94,94,94,94,94],"card_choices":[{"not_picked":["Heavy Blade","Sword Boomerang"],"picked":"Shrug It Off","floor":1.0},{"not_picked":["Wild Strike","Perfected Strike","True Grit"],"picked":"SKIP","floor":3.0},{"not_picked":["Wild Strike","Metallicize"],"picked":"Shockwave","floor":8.0},{"not_picked":["Twin Strike+1","Second Wind"],"picked":"Clash+1","floor":10.0},{"not_picked":["Sever Soul+1","Thunderclap+1"],"picked":"Whirlwind+1","floor":11.0},{"not_picked":["Wild Strike+1","Shrug It Off"],"picked":"Dropkick+1","floor":12.0},{"not_picked":["Clothesline+1","Thunderclap+1"],"picked":"Uppercut+1","floor":13.0},{"not_picked":["Reaper+1","Offering"],"picked":"Barricade","floor":16.0},{"not_picked":["True Grit","Flame Barrier"],"picked":"Perfected Strike+1","floor":18.0},{"not_picked":["Flex","Hemokinesis+1"],"picked":"Disarm+1","floor":22.0},{"not_picked":["Warcry","Twin Strike+1"],"picked":"Limit Break","floor":23.0},{"not_picked":["Clash+1","Intimidate"],"picked":"Headbutt+1","floor":25.0},{"not_picked":["Burning Pact","Havoc","Warcry+1"],"picked":"SKIP","floor":27.0},{"not_picked":["Brutality","Anger+1"],"picked":"Pommel Strike+1","floor":30.0},{"not_picked":["Searing Blow+1","Evolve+1"],"picked":"Exhume","floor":31.0},{"not_picked":["Reaper+1","Immolate+1"],"picked":"Demon Form","floor":33.0},{"not_picked":["Thunderclap+1","Clash+1","Burning Pact+1"],"picked":"SKIP","floor":35.0},{"not_picked":["Headbutt+1","Perfected Strike+1","Fire Breathing+1"],"picked":"SKIP","floor":37.0},{"not_picked":["Thunderclap+1","Rage"],"picked":"Spot Weakness","floor":39.0},{"not_picked":["Sadistic Nature","Chrysalis"],"picked":"Flash of Steel+1","floor":41.0},{"not_picked":["Power Through","Clothesline+1"],"picked":"Spot Weakness+1","floor":42.0},{"not_picked":["Intimidate","Thunderclap+1","Dropkick+1"],"picked":"SKIP","floor":44.0},{"not_picked":["Twin Strike+1","Flame Barrier"],"picked":"Entrench+1","floor":45.0},{"not_picked":["Seeing Red+1","Perfected Strike+1"],"picked":"Battle Trance+1","floor":46.0},{"not_picked":["Perfected Strike+1","Headbutt+1","Pommel Strike+1"],"picked":"SKIP","floor":48.0},{"not_picked":["Fire Breathing+1","Burning Pact+1"],"picked":"Shrug It Off+1","floor":54.0}],"player_experience":209808,"relics_obtained":[{"floor":9.0,"key":"Molten Egg 2"},{"floor":13.0,"key":"Pocketwatch"},{"floor":23.0,"key":"Centennial Puzzle"},{"floor":25.0,"key":"Pen Nib"},{"floor":27.0,"key":"Thread and Needle"},{"floor":31.0,"key":"Bottled Lightning"},{"floor":39.0,"key":"Bird Faced Urn"},{"floor":42.0,"key":"Mango"},{"floor":43.0,"key":"Omamori"},{"floor":54.0,"key":"Frozen Egg 2"},{"floor":54.0,"key":"Gremlin Horn"}],"event_choices":[{"damage_healed":0.0,"max_hp_gain":0.0,"max_hp_loss":0.0,"gold_gain":0.0,"event_name":"Shining Light","player_choice":"Entered Light","floor":2.0,"gold_loss":0.0,"damage_taken":16.0,"cards_upgraded":["Shrug It Off","Strike_R"]},{"cards_removed":["Strike_R"],"damage_healed":0.0,"max_hp_gain":0.0,"max_hp_loss":0.0,"gold_gain":0.0,"event_name":"The Cleric","player_choice":"Card Removal","floor":4.0,"gold_loss":50.0,"damage_taken":0.0},{"damage_healed":0.0,"max_hp_gain":0.0,"max_hp_loss":0.0,"gold_gain":0.0,"event_name":"Upgrade Shrine","player_choice":"Upgraded","floor":5.0,"gold_loss":0.0,"damage_taken":0.0,"cards_upgraded":["Bash"]},{"damage_healed":0.0,"max_hp_gain":0.0,"max_hp_loss":0.0,"gold_gain":0.0,"event_name":"Scrap Ooze","player_choice":"Success","floor":14.0,"gold_loss":0.0,"damage_taken":3.0,"relics_obtained":["Kunai"]},{"damage_healed":0.0,"max_hp_gain":0.0,"max_hp_loss":0.0,"gold_gain":0.0,"event_name":"Vampires","player_choice":"Ignored","floor":20.0,"gold_loss":0.0,"damage_taken":0.0},{"damage_healed":0.0,"max_hp_gain":0.0,"max_hp_loss":0.0,"gold_gain":0.0,"cards_transformed":["Perfected Strike","Clash"],"event_name":"Designer","player_choice":"Transformed Cards","floor":21.0,"gold_loss":60.0,"damage_taken":0.0,"cards_obtained":["Immolate","Clothesline"]},{"cards_removed":["Strike_R"],"damage_healed":0.0,"max_hp_gain":0.0,"max_hp_loss":0.0,"gold_gain":0.0,"event_name":"Falling","player_choice":"Removed Attack","floor":38.0,"gold_loss":0.0,"damage_taken":0.0},{"damage_healed":0.0,"max_hp_gain":0.0,"max_hp_loss":0.0,"gold_gain":0.0,"event_name":"Mysterious Sphere","player_choice":"Fight","floor":39.0,"gold_loss":0.0,"damage_taken":0.0},{"damage_healed":0.0,"max_hp_gain":0.0,"max_hp_loss":0.0,"gold_gain":0.0,"event_name":"SensoryStone","player_choice":"Memory 1","floor":41.0,"gold_loss":0.0,"damage_taken":0.0},{"damage_healed":0.0,"max_hp_gain":0.0,"max_hp_loss":0.0,"gold_gain":0.0,"event_name":"MindBloom","player_choice":"Fight","floor":42.0,"gold_loss":0.0,"damage_taken":0.0}],"is_beta":true,"boss_relics":[{"not_picked":["Runic Dome","Snecko Eye"],"picked":"Cursed Key"},{"not_picked":["Eternal Feather","Mark of Pain"],"picked":"Black Star"}],"items_purged_floors":[19,28,36,53],"is_endless":false,"potions_floor_spawned":[3,8,16,18,25,33,42,44,46,48],"killed_by":"The Heart","ascension_level":1}