{"gold_per_floor":[118,131,149,164,164,197,197,216,240,271,305,327,339,351,363,477,489,511,24,36,53,70,70,90,90,90,109,109,109,119,130,130,231,231,243,243,262,280,290,290,317,335,358,358,371,384,65,75,75,75],"floor_reached":50,"playtime":8198,"items_purged":["Doubt"],"score":544,"play_id":"161ff591-fe04-47cb-bf95-574f7967708e","local_time":"20190417093437","is_ascension_mode":false,"campfire_choices":[{"floor":7.0,"key":"REST"},{"floor":13.0,"key":"REST"},{"floor":15.0,"key":"REST"},{"floor":23.0,"key":"REST"},{"floor":25.0,"key":"REST"},{"floor":29.0,"key":"REST"},{"floor":32.0,"key":"REST"},{"floor":40,"key":"REST"},{"floor":49,"key":"REST"}],"neow_cost":"NONE","seed_source_timestamp":0,"circlet_count":0,"master_deck":["Defend_G","Defend_G","Defend_G","Defend_G","Defend_G","Strike_G","Strike_G","Strike_G","Strike_G","Strike_G","Survivor","Neutralize","Poisoned Stab","Deadly Poison","Masterful Stab","Slice","Neutralize","Blur","Finisher","Outmaneuver","All Out Attack","Flying Knee","Glass Knife","Predator","Doppelganger","Bouncing Flask","Deflect+1","Apotheosis","Quick Slash","Blade Dance+1","Crippling Poison","Skewer","Leg Sweep+1","Catalyst+1","Backstab","Distraction+1","Deflect+1","Endless Agony+1","A Thousand Cuts","All Out Attack","Phantasmal Killer","After Image","Masterful Stab","Bane+1","Deadly Poison+1","Outmaneuver+1","Well Laid Plans+1","Poisoned Stab+1","Backstab+1","Backflip+1","Phantasmal Killer","Skewer+1","Riddle With Holes+1","Finisher+1","Corpse Explosion","Noxious Fumes+1","Crippling Poison+1","Bouncing Flask+1","Parasite","Dash+1"],"special_seed":0,"relics":["Ring of the Snake","Prayer Wheel","Bag of Preparation","MawBank","Odd Mushroom","Ninja Scroll","Lizard Tail","Letter Opener","Matryoshka","Orrery","Ancient Tea Set","Potion Belt","Bag of Marbles","Anchor"],"potions_floor_usage":[37,39,41,41,42,50],"damage_taken":[{"damage":0.0,"enemies":"Small Slimes","floor":1.0,"turns":4.0},{"damage":0.0,"enemies":"Cultist","floor":2.0,"turns":4.0},{"damage":0.0,"enemies":"2 Louse","floor":3.0,"turns":4.0},{"damage":1.0,"enemies":"Exordium Wildlife","floor":4.0,"turns":3.0},{"damage":12.0,"enemies":"Lagavulin","floor":6.0,"turns":6.0},{"damage":1.0,"enemies":"2 Fungi Beasts","floor":8.0,"turns":3.0},{"damage":33.0,"enemies":"3 Sentries","floor":10.0,"turns":12.0},{"damage":16.0,"enemies":"The Mushroom Lair","floor":11.0,"turns":4.0},{"damage":6.0,"enemies":"Gremlin Gang","floor":12.0,"turns":4.0},{"damage":55.0,"enemies":"The Guardian","floor":16.0,"turns":12.0},{"damage":0.0,"enemies":"Spheric Guardian","floor":18.0,"turns":3.0},{"damage":7.0,"enemies":"2 Thieves","floor":20.0,"turns":4.0},{"damage":35.0,"enemies":"Centurion and Healer","floor":21.0,"turns":5.0},{"damage":10.0,"enemies":"Snake Plant","floor":22.0,"turns":4.0},{"damage":29.0,"enemies":"Shelled Parasite and Fungi","floor":24.0,"turns":8.0},{"damage":10.0,"enemies":"Centurion and Healer","floor":27.0,"turns":6.0},{"damage":9.0,"enemies":"3 Cultists","floor":30.0,"turns":5.0},{"damage":22.0,"enemies":"Snake Plant","floor":31.0,"turns":4.0},{"damage":70.0,"enemies":"Champ","floor":33.0,"turns":13.0},{"damage":0,"enemies":"3 Shapes","floor":35,"turns":4},{"damage":0,"enemies":"Orb Walker","floor":37,"turns":3},{"damage":21,"enemies":"4 Shapes","floor":38,"turns":5},{"damage":6,"enemies":"Sphere and 2 Shapes","floor":39,"turns":4},{"damage":45,"enemies":"Reptomancer","floor":41,"turns":5},{"damage":17,"enemies":"Writhing Mass","floor":42,"turns":4},{"damage":4,"enemies":"4 Shapes","floor":45,"turns":5},{"damage":15,"enemies":"Sphere and 2 Shapes","floor":46,"turns":4},{"damage":14,"enemies":"Writhing Mass","floor":48,"turns":5},{"damage":72,"enemies":"Donu and Deca","floor":50,"turns":5}],"seed_played":"5160813196008687788","potions_obtained":[{"floor":0.0,"key":"SteroidPotion"},{"floor":0.0,"key":"PowerPotion"},{"floor":0.0,"key":"GhostInAJar"},{"floor":6.0,"key":"FearPotion"},{"floor":12.0,"key":"GhostInAJar"},{"floor":16.0,"key":"Block Potion"},{"floor":21.0,"key":"Fire Potion"},{"floor":24.0,"key":"Ancient Potion"},{"floor":33.0,"key":"Dexterity Potion"},{"floor":36,"key":"GhostInAJar"},{"floor":36,"key":"Fire Potion"},{"floor":38,"key":"PowerPotion"},{"floor":39,"key":"SteroidPotion"},{"floor":46,"key":"SpeedPotion"},{"floor":48,"key":"FearPotion"}],"is_trial":false,"path_per_floor":["M","M","M","M","?","E","R","M","T","E","?","M","R","T","R","B",null,"M","$","M","M","M","R","M","R","T","M","?","R","M","M","R","B",null,"M","?","M","M","M","R","E","M","T","?","M","M","$","M","R","B"],"character_chosen":"THE_SILENT","items_purchased":["Apotheosis","Letter Opener","Quick Slash","Fire Potion","FairyPotion","Anchor"],"campfire_rested":9,"item_purchase_floors":[19,19,19,19,47,47],"current_hp_per_floor":[70,70,70,69,69,57,70,69,69,36,20,14,35,35,56,1,70,70,70,63,28,18,39,10,31,31,21,21,42,33,11,32,4,70,70,70,70,49,43,64,19,2,2,70,66,51,51,37,58,0],"gold":75,"neow_bonus":"THREE_SMALL_POTIONS","is_prod":false,"is_daily":false,"chose_seed":false,"campfire_upgraded":0,"win_rate":0.0,"timestamp":1555486477,"path_taken":["M","M","M","M","?","E","R","?","T","E","?","M","R","?","R","BOSS","M","$","M","M","M","R","M","R","T","M","?","R","M","M","R","BOSS","M","?","M","M","M","R","E","?","T","?","M","M","$","M","R","BOSS"],"build_version":"2019-01-23","purchased_purges":1,"victory":false,"max_hp_per_floor":[70,70,70,70,70,70,70,70,70,70,70,70,70,70,70,70,70,70,70,70,70,70,70,70,70,70,70,70,70,70,70,70,70,70,70,70,70,70,70,70,70,70,70,70,70,70,70,70,70,70],"card_choices":[{"not_picked":["Blade Dance","Acrobatics"],"picked":"Poisoned Stab","floor":1.0},{"not_picked":["PiercingWail","Backflip"],"picked":"Deadly Poison","floor":2.0},{"not_picked":["Sucker Punch","After Image"],"picked":"Masterful Stab","floor":3.0},{"not_picked":["Backflip","Quick Slash"],"picked":"Slice","floor":4.0},{"not_picked":["Flying Knee","Backflip"],"picked":"Blur","floor":6.0},{"not_picked":["Flying Knee","Bouncing Flask"],"picked":"Finisher","floor":8.0},{"not_picked":["Dodge and Roll","Dagger Spray"],"picked":"Outmaneuver","floor":8.0},{"not_picked":["Noxious Fumes","Poisoned Stab"],"picked":"All Out Attack","floor":10.0},{"not_picked":["Deadly Poison","Quick Slash"],"picked":"Flying Knee","floor":11.0},{"not_picked":["Backflip","Caltrops"],"picked":"Glass Knife","floor":12.0},{"not_picked":["Slice","Expertise"],"picked":"Predator","floor":12.0},{"not_picked":["Glass Knife","Tools of the Trade"],"picked":"Doppelganger","floor":16.0},{"not_picked":["All Out Attack","Dodge and Roll"],"picked":"Bouncing Flask","floor":18.0},{"not_picked":["Flechettes","Calculated Gamble"],"picked":"Deflect+1","floor":18.0},{"not_picked":["Underhanded Strike","Dodge and Roll"],"picked":"Blade Dance+1","floor":20.0},{"not_picked":["After Image","Dagger Spray"],"picked":"Crippling Poison","floor":20.0},{"not_picked":["Prepared","Blade Dance"],"picked":"Skewer","floor":21.0},{"not_picked":["Prepared+1","Underhanded Strike+1"],"picked":"Leg Sweep+1","floor":21.0},{"not_picked":["Terror","Dagger Throw"],"picked":"Catalyst+1","floor":22.0},{"not_picked":["Underhanded Strike","Infinite Blades"],"picked":"Backstab","floor":22.0},{"not_picked":["Heel Hook","Quick Slash"],"picked":"Distraction+1","floor":24.0},{"not_picked":["Predator","Masterful Stab"],"picked":"Deflect+1","floor":24.0},{"not_picked":["Flying Knee","Acrobatics"],"picked":"Endless Agony+1","floor":27.0},{"not_picked":["PiercingWail","Dodge and Roll","Dagger Spray"],"picked":"SKIP","floor":27.0},{"not_picked":["Expertise","Blade Dance"],"picked":"A Thousand Cuts","floor":30.0},{"not_picked":["Bane","Finisher"],"picked":"All Out Attack","floor":30.0},{"not_picked":["Backflip","Prepared"],"picked":"Phantasmal Killer","floor":31.0},{"not_picked":["Prepared","Flechettes","All Out Attack"],"picked":"SKIP","floor":31.0},{"not_picked":["Glass Knife","Tools of the Trade"],"picked":"After Image","floor":33.0},{"not_picked":["Dodge and Roll","Dagger Throw"],"picked":"Masterful Stab","floor":34},{"not_picked":["Escape Plan+1","Infinite Blades+1"],"picked":"Bane+1","floor":34},{"not_picked":["Flying Knee+1","Infinite Blades+1"],"picked":"Deadly Poison+1","floor":34},{"not_picked":["Backstab","Blur"],"picked":"Outmaneuver+1","floor":34},{"not_picked":["Escape Plan","Deflect"],"picked":"Well Laid Plans+1","floor":34},{"not_picked":["Footwork","Sucker Punch"],"picked":"Poisoned Stab+1","floor":35},{"not_picked":["Deadly Poison","Prepared"],"picked":"Backstab+1","floor":35},{"not_picked":["Well Laid Plans+1","All Out Attack"],"picked":"Backflip+1","floor":37},{"not_picked":["Poisoned Stab","Riddle With Holes"],"picked":"Phantasmal Killer","floor":37},{"not_picked":["Outmaneuver","Acrobatics+1"],"picked":"Skewer+1","floor":38},{"not_picked":["Deadly Poison","Blade Dance","Bane"],"picked":"SKIP","floor":38},{"not_picked":["Blur","PiercingWail+1"],"picked":"Riddle With Holes+1","floor":39},{"not_picked":["Dagger Spray","Outmaneuver","Eviscerate+1"],"picked":"SKIP","floor":39},{"not_picked":["Distraction","Dagger Throw","Bane"],"picked":"SKIP","floor":41},{"not_picked":["Well Laid Plans+1","Quick Slash+1"],"picked":"Finisher+1","floor":42},{"not_picked":["Underhanded Strike+1","Bane+1"],"picked":"Corpse Explosion","floor":42},{"not_picked":["Masterful Stab","Heel Hook+1"],"picked":"Noxious Fumes+1","floor":45},{"not_picked":["Well Laid Plans","Backflip","Escape Plan"],"picked":"SKIP","floor":45},{"not_picked":["Deadly Poison","Escape Plan+1"],"picked":"Crippling Poison+1","floor":46},{"not_picked":["Backflip","Blade Dance"],"picked":"Bouncing Flask+1","floor":46},{"not_picked":["Blur+1","Backstab"],"picked":"Dash+1","floor":48},{"not_picked":["PiercingWail","Bane","Dagger Spray"],"picked":"SKIP","floor":48}],"player_experience":78298,"relics_obtained":[{"floor":6.0,"key":"Prayer Wheel"},{"floor":9.0,"key":"Bag of Preparation"},{"floor":10.0,"key":"MawBank"},{"floor":11.0,"key":"Odd Mushroom"},{"floor":14.0,"key":"Ninja Scroll"},{"floor":26.0,"key":"Matryoshka"},{"floor":41,"key":"Ancient Tea Set"},{"floor":43,"key":"Potion Belt"},{"floor":43,"key":"Bag of Marbles"}],"event_choices":[{"damage_healed":0.0,"max_hp_gain":0.0,"max_hp_loss":0.0,"gold_gain":0.0,"event_name":"Match and Keep!","player_choice":"1 cards matched","floor":5.0,"gold_loss":0.0,"damage_taken":0.0,"cards_obtained":["Neutralize"]},{"damage_healed":0.0,"max_hp_gain":0.0,"max_hp_loss":0.0,"gold_gain":0.0,"event_name":"Mushrooms","player_choice":"Fought Mushrooms","floor":11.0,"gold_loss":0.0,"damage_taken":0.0},{"damage_healed":0.0,"max_hp_gain":0.0,"max_hp_loss":0.0,"gold_gain":0.0,"event_name":"Vampires","player_choice":"Ignored","floor":28.0,"gold_loss":0.0,"damage_taken":0.0},{"damage_healed":0,"gold_gain":0,"player_choice":"Got Potions","damage_taken":0,"max_hp_gain":0,"max_hp_loss":0,"event_name":"Lab","floor":36,"gold_loss":0},{"damage_healed":68,"gold_gain":0,"player_choice":"Heal","damage_taken":0,"max_hp_gain":0,"max_hp_loss":0,"event_name":"MindBloom","floor":44,"gold_loss":0,"cards_obtained":["Doubt"]}],"is_beta":false,"boss_relics":[{"not_picked":["Velvet Choker","Astrolabe"],"picked":"Lizard Tail"},{"not_picked":["Busted Crown","Tiny House"],"picked":"Orrery"}],"items_purged_floors":[47],"is_endless":false,"potions_floor_spawned":[4,6,10,12,16,21,24,33,38,39,46,48],"killed_by":"Donu and Deca","ascension_level":0}