{"gold_per_floor":[119,139,139,139,64,64,64,84,84,84,103,130,7,7,7,112,112,130,48,48,48,48,48,58,58,112,127,147,162,180,32,32,135,135,149,149,169,184,38,38,71,71,95,112,145,145,159,174,174,174],"floor_reached":51,"playtime":5041,"items_purged":["Strike_B","Defend_B","Defend_B"],"score":841,"play_id":"ab144831-7967-43a6-b2f0-aa3b24f0f8f8","local_time":"20190517132103","is_ascension_mode":true,"campfire_choices":[{"data":"Zap","floor":6.0,"key":"SMITH"},{"data":"Streamline","floor":10.0,"key":"SMITH"},{"data":"Dualcast","floor":15.0,"key":"SMITH"},{"floor":23.0,"key":"REST"},{"data":"Creative AI","floor":25.0,"key":"SMITH"},{"data":"Force Field","floor":32.0,"key":"SMITH"},{"data":"Seek","floor":40,"key":"SMITH"},{"data":"White Noise","floor":42,"key":"SMITH"},{"data":"Heatsinks","floor":46,"key":"SMITH"},{"data":"Steam","floor":49,"key":"SMITH"}],"neow_cost":"PERCENT_DAMAGE","seed_source_timestamp":13865544596828,"circlet_count":0,"master_deck":["Defend_B","Zap+1","Dualcast+1","Fusion+1","Steam+1","Conserve Battery","Streamline+1","BootSequence","Conserve Battery","White Noise+1","Conserve Battery","Creative AI+1","Self Repair","Coolheaded+1","Sweeping Beam+1","Consume+1","Force Field+1","Auto Shields+1","Cold Snap","Seek+1","Leap+1","Chill+1","Heatsinks+1"],"special_seed":0,"relics":["Cracked Core","Symbiotic Virus","Odd Mushroom","Sozu","Nilry\u0027s Codex","Tiny Chest","Busted Crown","PreservedInsect","Calipers","DataDisk","Centennial Puzzle"],"potions_floor_usage":[],"damage_taken":[{"damage":0.0,"enemies":"2 Louse","floor":1.0,"turns":3.0},{"damage":1.0,"enemies":"Small Slimes","floor":2.0,"turns":7.0},{"damage":0.0,"enemies":"Cultist","floor":8.0,"turns":3.0},{"damage":1.0,"enemies":"Looter","floor":11.0,"turns":3.0},{"damage":18.0,"enemies":"The Mushroom Lair","floor":12.0,"turns":3.0},{"damage":29.0,"enemies":"Hexaghost","floor":16.0,"turns":10.0},{"damage":17.0,"enemies":"2 Thieves","floor":18.0,"turns":4.0},{"damage":21.0,"enemies":"Shell Parasite","floor":24.0,"turns":4.0},{"damage":0.0,"enemies":"Centurion and Healer","floor":27.0,"turns":8.0},{"damage":0.0,"enemies":"Shelled Parasite and Fungi","floor":28.0,"turns":7.0},{"damage":0.0,"enemies":"Snecko","floor":29.0,"turns":4.0},{"damage":1.0,"enemies":"Centurion and Healer","floor":30.0,"turns":6.0},{"damage":5.0,"enemies":"Automaton","floor":33.0,"turns":9.0},{"damage":12.0,"enemies":"3 Darklings","floor":35.0,"turns":11.0},{"damage":0,"enemies":"Orb Walker","floor":37,"turns":3},{"damage":6,"enemies":"Sphere and 2 Shapes","floor":38,"turns":6},{"damage":22,"enemies":"Reptomancer","floor":41,"turns":7},{"damage":0,"enemies":"3 Darklings","floor":44,"turns":11},{"damage":4,"enemies":"Giant Head","floor":45,"turns":7},{"damage":0,"enemies":"4 Shapes","floor":47,"turns":5},{"damage":0,"enemies":"Maw","floor":48,"turns":7},{"damage":9,"enemies":"Time Eater","floor":50,"turns":13}],"seed_played":"7814962273177737951","potions_obtained":[{"floor":8.0,"key":"Swift Potion"},{"floor":11.0,"key":"Dexterity Potion"},{"floor":16.0,"key":"Energy Potion"}],"is_trial":false,"path_per_floor":["M","M","?","?","$","R","?","M","T","R","M","?","$","?","R","B",null,"M","$","?","?","?","R","M","R","T","M","M","M","M","$","R","B",null,"M","?","M","M","$","R","E","R","T","M","E","R","M","M","R","B",null],"character_chosen":"DEFECT","items_purchased":["Conserve Battery","Self Repair","Cold Snap","PreservedInsect"],"campfire_rested":1,"item_purchase_floors":[13,19,31,39],"current_hp_per_floor":[50,49,42,42,42,42,42,42,42,42,41,23,23,48,48,19,61,44,44,44,28,28,50,36,36,36,43,50,50,56,56,56,58,71,66,66,73,74,74,74,59,59,59,66,69,69,75,75,75,73],"gold":174,"neow_bonus":"TRANSFORM_TWO_CARDS","is_prod":false,"is_daily":false,"chose_seed":false,"campfire_upgraded":9,"win_rate":0,"timestamp":1558092063,"path_taken":["M","M","?","?","$","R","?","?","T","R","M","?","?","?","R","BOSS","M","$","?","?","?","R","M","R","T","M","M","M","M","$","R","BOSS","M","?","M","M","$","R","E","R","T","M","E","R","M","M","R","BOSS"],"build_version":"2019-01-23","purchased_purges":3,"victory":true,"max_hp_per_floor":[75,75,75,75,75,75,75,75,75,75,75,75,75,75,75,75,75,75,75,75,75,75,75,75,75,75,75,75,75,75,75,75,75,75,75,75,75,75,75,75,75,75,75,75,75,75,75,75,75,75],"card_choices":[{"not_picked":["Barrage","Beam Cell"],"picked":"Conserve Battery","floor":1.0},{"not_picked":["Reprogram","Chill"],"picked":"Streamline","floor":2.0},{"not_picked":["Steam Power","Heatsinks"],"picked":"BootSequence","floor":8.0},{"not_picked":["Reprogram","Steam"],"picked":"Conserve Battery","floor":11.0},{"not_picked":["Steam","Sweeping Beam"],"picked":"White Noise","floor":12.0},{"not_picked":["Thunder Strike","Buffer"],"picked":"Creative AI","floor":16.0},{"not_picked":["Rebound+1","Coolheaded","Stack"],"picked":"SKIP","floor":18.0},{"not_picked":["Loop","Go for the Eyes+1"],"picked":"Coolheaded+1","floor":24.0},{"not_picked":["Barrage","Compile Driver"],"picked":"Sweeping Beam+1","floor":27.0},{"not_picked":["Self Repair","BootSequence"],"picked":"Consume+1","floor":28.0},{"not_picked":["Sweeping Beam+1","Turbo+1"],"picked":"Force Field","floor":29.0},{"not_picked":["Streamline","All For One"],"picked":"Auto Shields+1","floor":30.0},{"not_picked":["Hyperbeam","Amplify"],"picked":"Seek","floor":33.0},{"not_picked":["Turbo"],"picked":"SKIP","floor":35.0},{"not_picked":[],"picked":"Leap+1","floor":37},{"not_picked":["Hello World+1"],"picked":"SKIP","floor":38},{"not_picked":[],"picked":"Chill+1","floor":41},{"not_picked":[],"picked":"Heatsinks","floor":44},{"not_picked":["Hello World"],"picked":"SKIP","floor":45},{"not_picked":["Steam Power"],"picked":"SKIP","floor":47},{"not_picked":["Turbo"],"picked":"SKIP","floor":48}],"player_experience":217122,"relics_obtained":[{"floor":9.0,"key":"Symbiotic Virus"},{"floor":12.0,"key":"Odd Mushroom"},{"floor":21.0,"key":"Nilry\u0027s Codex"},{"floor":26.0,"key":"Tiny Chest"},{"floor":41,"key":"Calipers"},{"floor":43,"key":"DataDisk"},{"floor":45,"key":"Centennial Puzzle"}],"event_choices":[{"cards_removed":["Strike_B"],"damage_healed":0.0,"max_hp_gain":0.0,"max_hp_loss":0.0,"gold_gain":0.0,"event_name":"Golden Wing","player_choice":"Card Removal","floor":3.0,"gold_loss":0.0,"damage_taken":7.0},{"damage_healed":0.0,"max_hp_gain":0.0,"max_hp_loss":0.0,"gold_gain":0.0,"event_name":"Living Wall","player_choice":"Grow","floor":4.0,"gold_loss":0.0,"damage_taken":0.0,"cards_upgraded":["Fusion"]},{"cards_removed":["Defend_B"],"damage_healed":0.0,"max_hp_gain":0.0,"max_hp_loss":0.0,"gold_gain":0.0,"event_name":"Bonfire Elementals","player_choice":"Offered Basic","floor":7.0,"gold_loss":0.0,"damage_taken":0.0},{"damage_healed":0.0,"max_hp_gain":0.0,"max_hp_loss":0.0,"gold_gain":0.0,"event_name":"Mushrooms","player_choice":"Fought Mushrooms","floor":12.0,"gold_loss":0.0,"damage_taken":0.0},{"damage_healed":25.0,"max_hp_gain":0.0,"max_hp_loss":0.0,"gold_gain":0.0,"event_name":"Big Fish","player_choice":"Banana","floor":14.0,"gold_loss":0.0,"damage_taken":0.0},{"damage_healed":0.0,"max_hp_gain":0.0,"max_hp_loss":0.0,"gold_gain":0.0,"event_name":"Cursed Tome","player_choice":"Obtained Book","floor":21.0,"gold_loss":0.0,"damage_taken":16.0},{"damage_healed":0.0,"max_hp_gain":0.0,"max_hp_loss":0.0,"gold_gain":0.0,"event_name":"Ghosts","player_choice":"Ignored","floor":22.0,"gold_loss":0.0,"damage_taken":0.0},{"damage_healed":0,"gold_gain":0,"player_choice":"Ignored","damage_taken":0,"max_hp_gain":0,"max_hp_loss":0,"event_name":"Mysterious Sphere","floor":36,"gold_loss":0}],"is_beta":false,"boss_relics":[{"not_picked":["Lizard Tail","Nuclear Battery"],"picked":"Sozu"},{"not_picked":["Eternal Feather","Black Star"],"picked":"Busted Crown"}],"items_purged_floors":[5,13,31],"is_endless":false,"potions_floor_spawned":[8,11,16,18,27,28,30,37,38,45,47,48],"ascension_level":6}