{"gold_per_floor":[114,214,239,254,254,254,254,292,367,386,386,561,580,599,599,724,724,743,762,677,54,73,73,92,92,167,167,167,167,186,205,205,205],"floor_reached":33,"playtime":1974,"items_purged":["Clash"],"score":397,"play_id":"ff8246b6-c0d6-4808-b481-14f0ed05262f","local_time":"20180720205042","daily_mods":["Diverse","Cursed Run","Night Terrors"],"is_ascension_mode":false,"campfire_choices":[{"data":"Self Repair","floor":6,"key":"SMITH"},{"data":"Shockwave","floor":11,"key":"SMITH"},{"data":"Combust","floor":15,"key":"SMITH"},{"data":"Reprogram","floor":23,"key":"SMITH"},{"data":"Jack Of All Trades","floor":25,"key":"SMITH"},{"data":"Shrug It Off","floor":32,"key":"SMITH"}],"neow_cost":"","seed_source_timestamp":0,"circlet_count":0,"master_deck":["Strike_B","Strike_B","Strike_B","Strike_B","Defend_B","Defend_B","Defend_B","Defend_B","Zap+1","Dualcast+1","Self Repair+1","Clumsy","Injury","Regret","Shockwave+1","Normality","Deflect","Doubt","Combust+1","Clumsy","Reprogram+1","Heel Hook+1","Jack Of All Trades+1","Sweeping Beam","Shrug It Off+1","Dropkick+1","Regret","Decay","True Grit","Heel Hook+1"],"special_seed":17732,"relics":["Cursed Key","Darkstone Periapt","Du-Vu Doll","Anchor","Golden Idol","Gremlin Horn","DataDisk","Mummified Hand","Coffee Dripper","Emotion Chip","Symbiotic Virus","War Paint","Matryoshka","Dodecahedron","Mercury Hourglass"],"potions_floor_usage":[16,16,16,33,33,33],"damage_taken":[{"damage":2,"enemies":"Small Slimes","floor":1,"turns":2},{"damage":0,"enemies":"Cultist","floor":4,"turns":3},{"damage":58,"enemies":"Gremlin Nob","floor":8,"turns":6},{"damage":0,"enemies":"Jaw Worm","floor":10,"turns":3},{"damage":14,"enemies":"Gremlin Gang","floor":13,"turns":6},{"damage":2,"enemies":"3 Louse","floor":14,"turns":3},{"damage":55,"enemies":"The Guardian","floor":16,"turns":9},{"damage":40,"enemies":"Spheric Guardian","floor":18,"turns":5},{"damage":18,"enemies":"2 Thieves","floor":19,"turns":4},{"damage":2,"enemies":"3 Cultists","floor":22,"turns":3},{"damage":25,"enemies":"Snake Plant","floor":24,"turns":4},{"damage":18,"enemies":"Slaver and Parasite","floor":30,"turns":4},{"damage":22,"enemies":"Centurion and Healer","floor":31,"turns":4},{"damage":33,"enemies":"Champ","floor":33,"turns":7}],"seed_played":"-1497029972376068251","potions_obtained":[{"floor":1,"key":"Block Potion"},{"floor":10,"key":"EssenceOfSteel"},{"floor":14,"key":"Poison Potion"},{"floor":22,"key":"Ancient Potion"},{"floor":24,"key":"EssenceOfSteel"},{"floor":30,"key":"Dexterity Potion"}],"is_trial":false,"path_per_floor":["M","?","T","M","?","R","T","E","T","M","R","?","M","M","R","B",null,"M","M","?","$","M","R","M","R","T","?","?","T","M","M","R"],"character_chosen":"DEFECT","items_purchased":["Jack Of All Trades","Sweeping Beam","Symbiotic Virus","War Paint"],"campfire_rested":0,"item_purchase_floors":[21,21,21,21],"current_hp_per_floor":[73,73,79,81,87,87,93,45,51,61,61,67,63,61,61,22,111,81,73,73,73,81,81,66,66,72,72,56,62,54,32,32,0],"gold":205,"neow_bonus":"","is_prod":false,"is_daily":true,"chose_seed":false,"campfire_upgraded":6,"win_rate":0.0,"timestamp":1532112642,"path_taken":["M","?","?","?","?","R","?","E","T","?","R","?","M","M","R","BOSS","M","M","?","$","M","R","?","R","T","?","?","?","M","M","R","BOSS"],"build_version":"2018-07-19v2","purchased_purges":1,"victory":false,"max_hp_per_floor":[75,75,81,81,87,87,93,93,99,99,99,105,105,105,105,111,111,111,111,111,111,111,111,111,111,117,117,117,123,123,123,123,123],"card_choices":[{"not_picked":["Spot Weakness","Pommel Strike"],"picked":"Self Repair","floor":1},{"not_picked":["Prepared","Deadly Poison"],"picked":"Clash","floor":4},{"not_picked":["Thunderclap","Bludgeon"],"picked":"Shockwave","floor":8},{"not_picked":["Beam Cell","Slice"],"picked":"Deflect","floor":10},{"not_picked":["Loop","Flex"],"picked":"Combust","floor":13},{"not_picked":["Cloak And Dagger","Iron Wave","Steam"],"picked":"SKIP","floor":14},{"not_picked":["Scrape+1","Recycle+1"],"picked":"Reprogram","floor":18},{"not_picked":["Infinite Blades","Eviscerate+1"],"picked":"Heel Hook+1","floor":19},{"not_picked":["Skewer","Shockwave"],"picked":"Shrug It Off","floor":22},{"not_picked":["Undo","Streamline"],"picked":"Dropkick+1","floor":24},{"not_picked":["Wild Strike","Underhanded Strike"],"picked":"True Grit","floor":30},{"not_picked":["Outmaneuver","Shrug It Off"],"picked":"Heel Hook+1","floor":31}],"player_experience":38262,"relics_obtained":[{"floor":3,"key":"Anchor"},{"floor":7,"key":"Gremlin Horn"},{"floor":8,"key":"DataDisk"},{"floor":9,"key":"Mummified Hand"},{"floor":26,"key":"Matryoshka"},{"floor":29,"key":"Dodecahedron"},{"floor":29,"key":"Mercury Hourglass"}],"event_choices":[{"event_name":"Wheel of Change","player_choice":"Gold","floor":2,"damage_taken":0},{"event_name":"Golden Idol","player_choice":"Take Wound","floor":5,"damage_taken":0},{"event_name":"Liars Game","player_choice":"agreed","floor":12,"damage_taken":0},{"event_name":"Addict","player_choice":"Obtained Relic","floor":20,"damage_taken":0},{"event_name":"Ghosts","player_choice":"Ignored","floor":27,"damage_taken":0},{"event_name":"Cursed Tome","player_choice":"Obtained Book","floor":28,"damage_taken":0}],"is_beta":false,"boss_relics":[{"not_picked":["Orrery","Pandora\u0027s Box"],"picked":"Coffee Dripper"}],"items_purged_floors":[21],"is_endless":false,"potions_floor_spawned":[1,10,14,22,24,30],"killed_by":"Champ","ascension_level":0}