{"gold_per_floor":[109,121,2,102,113,113,178,31,55,55,75,75,107,124,124,219,219,230,248,3,3,3,32,32,43,43,57,57,71,100,120,120,120],"floor_reached":33,"playtime":2810,"items_purged":[],"score":330,"play_id":"019dc7db-9d02-4957-8952-ac9bdcedc402","local_time":"20190427134806","is_ascension_mode":true,"campfire_choices":[{"floor":6,"key":"RECALL"},{"data":"Zap","floor":12,"key":"SMITH"},{"data":"Defragment","floor":15,"key":"SMITH"},{"data":"Self Repair","floor":24,"key":"SMITH"},{"floor":32,"key":"REST"}],"neow_cost":"NONE","seed_source_timestamp":171404414233500,"circlet_count":0,"master_deck":["Strike_B","Strike_B","Strike_B","Strike_B","Defend_B","Defend_B","Defend_B","Defend_B","Zap+1","Dualcast","Go for the Eyes","Defragment+1","Conserve Battery","Ball Lightning","Melter","Conserve Battery","Ball Lightning","FTL","Self Repair+1","Echo Form","Loop","Rebound","Coolheaded","Ghostly","Ghostly","Ghostly","Ghostly","Ghostly","Chaos+1","Hologram","Defragment+1","Streamline+1","Turbo+1","Creative AI"],"relics":["Cracked Core","Tiny Chest","Juzu Bracelet","Meat on the Bone","Sundial","Black Star","Lee\u0027s Waffle","Turnip","Vajra","Blue Candle","Red Mask"],"potions_floor_usage":[7,7,16,25,27,30,33],"damage_taken":[{"damage":4,"enemies":"Small Slimes","floor":1,"turns":4},{"damage":0,"enemies":"Cultist","floor":2,"turns":3},{"damage":3,"enemies":"2 Louse","floor":5,"turns":2},{"damage":1,"enemies":"Gremlin Nob","floor":7,"turns":3},{"damage":0,"enemies":"Exordium Thugs","floor":11,"turns":4},{"damage":20,"enemies":"3 Sentries","floor":13,"turns":5},{"damage":12,"enemies":"2 Fungi Beasts","floor":14,"turns":3},{"damage":29,"enemies":"Hexaghost","floor":16,"turns":8},{"damage":0,"enemies":"Spheric Guardian","floor":18,"turns":1},{"damage":28,"enemies":"Shell Parasite","floor":19,"turns":6},{"damage":17,"enemies":"Slavers","floor":23,"turns":9},{"damage":11,"enemies":"Snake Plant","floor":25,"turns":6},{"damage":7,"enemies":"Centurion and Healer","floor":27,"turns":7},{"damage":0,"enemies":"Sentry and Sphere","floor":29,"turns":4},{"damage":32,"enemies":"Masked Bandits","floor":30,"turns":6},{"damage":6,"enemies":"Snake Plant","floor":31,"turns":4},{"damage":40,"enemies":"Collector","floor":33,"turns":10}],"seed_played":"7038437615884919313","potions_obtained":[{"floor":2,"key":"Poison Potion"},{"floor":14,"key":"Dexterity Potion"},{"floor":16,"key":"FearPotion"},{"floor":23,"key":"Poison Potion"},{"floor":27,"key":"Strength Potion"},{"floor":31,"key":"EssenceOfSteel"}],"is_trial":false,"path_per_floor":["M","M","$","?","M","R","E","$","T","?","M","R","E","M","R","B",null,"M","M","$","?","?","E","R","M","T","M","?","M","?","M","R","B"],"character_chosen":"DEFECT","items_purchased":["Conserve Battery","Ball Lightning","Swift Potion","Juzu Bracelet","Lee\u0027s Waffle","Coolheaded"],"campfire_rested":1,"item_purchase_floors":[3,3,3,8,20,20],"current_hp_per_floor":[78,78,78,78,75,75,74,74,74,67,67,67,47,47,47,37,82,82,68,89,44,44,41,41,30,30,23,23,33,13,19,32,0],"gold":120,"neow_bonus":"TEN_PERCENT_HP_BONUS","is_prod":false,"is_daily":false,"chose_seed":false,"campfire_upgraded":3,"win_rate":0,"timestamp":1556365686,"path_taken":["M","M","$","?","M","R","E","?","T","?","M","R","E","M","R","BOSS","M","M","$","?","?","E","R","M","T","M","?","M","?","M","R","BOSS"],"build_version":"2019-01-23","purchased_purges":0,"victory":false,"max_hp_per_floor":[82,82,82,82,82,82,82,82,82,82,82,82,82,82,82,82,82,82,82,89,44,44,44,44,44,44,44,44,44,44,44,44,44],"card_choices":[{"not_picked":["Conserve Battery","Capacitor"],"picked":"Go for the Eyes","floor":1},{"not_picked":["Sweeping Beam","Beam Cell"],"picked":"Defragment","floor":2},{"not_picked":["Melter","Conserve Battery","Heatsinks"],"picked":"SKIP","floor":5},{"not_picked":["Conserve Battery","Heatsinks"],"picked":"Melter","floor":5},{"not_picked":["Static Discharge","Steam"],"picked":"Conserve Battery","floor":7},{"not_picked":["Leap","Fusion"],"picked":"Ball Lightning","floor":11},{"not_picked":["Seek","Redo"],"picked":"FTL","floor":13},{"not_picked":["Reprogram","Conserve Battery"],"picked":"Self Repair","floor":14},{"not_picked":["Fission","Meteor Strike"],"picked":"Echo Form","floor":16},{"not_picked":["Reprogram","Coolheaded"],"picked":"Loop","floor":18},{"not_picked":["Barrage","Stack"],"picked":"Rebound","floor":19},{"not_picked":["Tempest+1","Amplify"],"picked":"Chaos+1","floor":23},{"not_picked":["Steam","Rip and Tear+1"],"picked":"Hologram","floor":25},{"not_picked":["Go for the Eyes","Hologram","Recycle+1"],"picked":"SKIP","floor":27},{"not_picked":["Capacitor","Self Repair"],"picked":"Streamline+1","floor":29},{"not_picked":["Reprogram","Go for the Eyes"],"picked":"Turbo+1","floor":30},{"not_picked":["Capacitor","Melter"],"picked":"Creative AI","floor":31}],"player_experience":192427,"relics_obtained":[{"floor":7,"key":"Tiny Chest"},{"floor":13,"key":"Sundial"},{"floor":23,"key":"Turnip"},{"floor":23,"key":"Vajra"},{"floor":26,"key":"Blue Candle"},{"floor":30,"key":"Red Mask"}],"event_choices":[{"damage_healed":0,"gold_gain":100,"player_choice":"Pray","damage_taken":0,"max_hp_gain":0,"max_hp_loss":0,"event_name":"Golden Shrine","floor":4,"gold_loss":0},{"damage_healed":0,"gold_gain":0,"player_choice":"Success","damage_taken":7,"relics_obtained":["Meat on the Bone"],"max_hp_gain":0,"max_hp_loss":0,"event_name":"Scrap Ooze","floor":10,"gold_loss":0},{"damage_healed":0,"gold_gain":0,"player_choice":"Became a Ghost","damage_taken":0,"max_hp_gain":0,"max_hp_loss":45,"event_name":"Ghosts","floor":21,"gold_loss":0,"cards_obtained":["Ghostly","Ghostly","Ghostly","Ghostly","Ghostly"]},{"damage_healed":0,"gold_gain":0,"player_choice":"Ignored","damage_taken":0,"max_hp_gain":0,"max_hp_loss":0,"event_name":"The Mausoleum","floor":22,"gold_loss":0},{"damage_healed":0,"gold_gain":0,"player_choice":"Copied","damage_taken":0,"max_hp_gain":0,"max_hp_loss":0,"event_name":"Duplicator","floor":28,"gold_loss":0,"cards_obtained":["Defragment"]},{"damage_healed":0,"gold_gain":0,"player_choice":"Fought Bandits","damage_taken":0,"max_hp_gain":0,"max_hp_loss":0,"event_name":"Masked Bandits","floor":30,"gold_loss":0}],"is_beta":false,"boss_relics":[{"not_picked":["Ectoplasm","White Beast Statue"],"picked":"Black Star"}],"items_purged_floors":[],"is_endless":false,"potions_floor_spawned":[2,14,16,23,27,31],"killed_by":"Collector","ascension_level":2}