{"gold_per_floor":[119,44,61,71,84,84,112,112,112,130,130,30,59,59,59,160,160,170,180,180,206,4,4,4,4],"floor_reached":25,"playtime":1064,"items_purged":["Regret","Strike_B","Strike_B"],"score":334,"play_id":"c839b7f5-34ab-4ea3-a5e3-7d399f139a04","local_time":"20190524172731","is_ascension_mode":true,"campfire_choices":[{"data":"Sunder","floor":6.0,"key":"SMITH"},{"data":"Zap","floor":8.0,"key":"SMITH"},{"data":"Dualcast","floor":11.0,"key":"SMITH"},{"data":"Double Energy","floor":15.0,"key":"SMITH"},{"floor":23.0,"key":"REST"}],"neow_cost":"CURSE","seed_source_timestamp":171777568475422,"circlet_count":0,"master_deck":["AscendersBane","Defend_B","Defend_B","Defend_B","Defend_B","Zap+1","Dualcast+1","Hologram","Double Energy+1","Leap","Sunder+1","Redo+1","Multi-Cast+1","Echo Form","BootSequence+1","Chaos+1","Storm","Streamline","Compile Driver+1","Defragment"],"special_seed":0,"relics":["Cracked Core","Pocketwatch","Toxic Egg 2","Cables","Busted Crown","Red Mask"],"potions_floor_usage":[25],"damage_taken":[{"damage":5.0,"enemies":"2 Louse","floor":1.0,"turns":3.0},{"damage":4.0,"enemies":"Small Slimes","floor":3.0,"turns":3.0},{"damage":7.0,"enemies":"Jaw Worm","floor":4.0,"turns":3.0},{"damage":3.0,"enemies":"3 Louse","floor":5.0,"turns":4.0},{"damage":6.0,"enemies":"Lagavulin","floor":7.0,"turns":5.0},{"damage":0.0,"enemies":"Looter","floor":10.0,"turns":2.0},{"damage":18.0,"enemies":"Gremlin Nob","floor":13.0,"turns":3.0},{"damage":9.0,"enemies":"Slime Boss","floor":16.0,"turns":8.0},{"damage":23.0,"enemies":"2 Thieves","floor":18.0,"turns":3.0},{"damage":15.0,"enemies":"3 Byrds","floor":19.0,"turns":4.0},{"damage":9.0,"enemies":"Masked Bandits","floor":21.0,"turns":4.0},{"damage":38,"enemies":"Slavers","floor":25,"turns":2}],"seed_played":"6188996641303510007","potions_obtained":[{"floor":1.0,"key":"Dexterity Potion"},{"floor":5.0,"key":"Block Potion"},{"floor":7.0,"key":"Fire Potion"},{"floor":10.0,"key":"GamblersBrew"},{"floor":13.0,"key":"SpeedPotion"}],"is_trial":false,"path_per_floor":["M","$","M","M","M","R","E","R","T","M","R","$","E","?","R","B",null,"M","M","?","?","$","R","?","E"],"character_chosen":"DEFECT","items_purchased":["Defragment"],"campfire_rested":1,"item_purchase_floors":[22],"current_hp_per_floor":[63,63,59,52,49,49,43,43,43,43,43,43,25,50,50,41,67,44,29,29,20,20,42,28,0],"gold":4,"neow_bonus":"ONE_RARE_RELIC","is_prod":false,"is_daily":false,"chose_seed":false,"campfire_upgraded":4,"win_rate":0,"timestamp":1558744051,"path_taken":["M","$","M","M","M","R","E","R","T","M","R","$","E","?","R","BOSS","M","M","?","?","$","R","?","E"],"build_version":"2019-01-23","purchased_purges":3,"victory":false,"max_hp_per_floor":[75,75,75,75,75,75,75,75,75,75,75,75,75,75,75,75,75,75,75,75,75,75,75,80,80],"card_choices":[{"not_picked":["Gash","Stack"],"picked":"Hologram","floor":1.0},{"not_picked":["Sweeping Beam","Chaos"],"picked":"Double Energy","floor":3.0},{"not_picked":["Chaos","Beam Cell"],"picked":"Leap","floor":4.0},{"not_picked":["Turbo","Hologram"],"picked":"Sunder","floor":5.0},{"not_picked":["Barrage","Sweeping Beam","Melter"],"picked":"SKIP","floor":7.0},{"not_picked":["Barrage","Static Discharge"],"picked":"Redo+1","floor":10.0},{"not_picked":["Redo+1","Turbo+1"],"picked":"Multi-Cast+1","floor":13.0},{"not_picked":["Fission+1","Hyperbeam"],"picked":"Echo Form","floor":16.0},{"not_picked":[],"picked":"BootSequence+1","floor":18.0},{"not_picked":[],"picked":"Chaos+1","floor":19.0},{"not_picked":[],"picked":"Compile Driver+1","floor":21.0}],"player_experience":707343,"relics_obtained":[{"floor":7.0,"key":"Toxic Egg 2"},{"floor":13.0,"key":"Cables"},{"floor":21.0,"key":"Red Mask"}],"event_choices":[{"damage_healed":25.0,"max_hp_gain":0.0,"max_hp_loss":0.0,"gold_gain":0.0,"event_name":"Big Fish","player_choice":"Banana","floor":14.0,"gold_loss":0.0,"damage_taken":0.0},{"damage_healed":0.0,"max_hp_gain":0.0,"max_hp_loss":0.0,"gold_gain":0.0,"cards_transformed":["Strike_B","Strike_B"],"event_name":"Drug Dealer","player_choice":"Became Test Subject","floor":20.0,"gold_loss":0.0,"damage_taken":0.0,"cards_obtained":["Storm","Streamline"]},{"damage_healed":0.0,"max_hp_gain":0.0,"max_hp_loss":0.0,"gold_gain":0.0,"event_name":"Masked Bandits","player_choice":"Fought Bandits","floor":21.0,"gold_loss":0.0,"damage_taken":0.0},{"damage_healed":0.0,"max_hp_gain":5.0,"max_hp_loss":0.0,"gold_gain":0.0,"event_name":"Forgotten Altar","player_choice":"Shed Blood","floor":24.0,"gold_loss":0.0,"damage_taken":19.0}],"is_beta":false,"boss_relics":[{"not_picked":["Orrery","Empty Cage"],"picked":"Busted Crown"}],"items_purged_floors":[2,12,22],"is_endless":false,"potions_floor_spawned":[1,5,7,10,13,21],"killed_by":"Slavers","ascension_level":12}