{"gold_per_floor":[116,291,291,72,72,97,97,117,117,117,145,0,13,30,30,30],"floor_reached":16,"playtime":688,"items_purged":["Strike_B"],"score":146,"play_id":"609ca3c1-5c2f-4592-8aa8-c52ffbb555cb","local_time":"20190522213055","is_ascension_mode":true,"campfire_choices":[{"data":"Fusion","floor":7,"key":"SMITH"},{"floor":15,"key":"REST"}],"neow_cost":"NONE","seed_source_timestamp":339031524362100,"circlet_count":0,"master_deck":["Strike_B","Strike_B","Defend_B","Defend_B","Defend_B","Defend_B","Zap","Dualcast","Auto Shields","Doubt","Fusion+1","Ball Lightning","Conserve Battery","Leap","Capacitor","Self Repair","Chill"],"relics":["Cracked Core","NeowsBlessing","Blue Candle","Centennial Puzzle","Orichalcum","Cables","Potion Belt"],"potions_floor_usage":[16,16],"damage_taken":[{"damage":0,"enemies":"Cultist","floor":1,"turns":1},{"damage":0,"enemies":"Gremlin Nob","floor":6,"turns":1},{"damage":0,"enemies":"Jaw Worm","floor":8,"turns":1},{"damage":25,"enemies":"Lagavulin","floor":11,"turns":6},{"damage":0,"enemies":"2 Louse","floor":13,"turns":3},{"damage":13,"enemies":"Exordium Wildlife","floor":14,"turns":6},{"damage":59,"enemies":"Slime Boss","floor":16,"turns":12}],"seed_played":"4006707523544348828","potions_obtained":[{"floor":1,"key":"Poison Potion"},{"floor":11,"key":"Poison Potion"}],"is_trial":false,"path_per_floor":["M","?","T","$","?","E","R","M","T","?","E","$","M","M","R","B"],"character_chosen":"DEFECT","items_purchased":["Fusion","Centennial Puzzle","Capacitor"],"campfire_rested":1,"item_purchase_floors":[4,4,12],"current_hp_per_floor":[75,75,75,75,68,68,68,68,68,68,43,43,43,37,59,0],"gold":30,"neow_bonus":"THREE_ENEMY_KILL","is_prod":false,"is_daily":false,"chose_seed":false,"campfire_upgraded":1,"win_rate":0,"timestamp":1558553455,"path_taken":["M","?","?","$","?","E","R","?","T","?","E","$","M","M","R","BOSS"],"build_version":"2019-05-07","purchased_purges":1,"victory":false,"max_hp_per_floor":[75,75,75,75,75,75,75,75,75,75,75,75,75,75,75,75],"card_choices":[{"not_picked":["Barrage","Beam Cell"],"picked":"Auto Shields","floor":1},{"not_picked":["Streamline","Turbo"],"picked":"Ball Lightning","floor":6},{"not_picked":["Ball Lightning","Go for the Eyes"],"picked":"Conserve Battery","floor":8},{"not_picked":["Gash","Recycle"],"picked":"Leap","floor":11},{"not_picked":["Reinforced Body","Multi-Cast"],"picked":"Self Repair","floor":13},{"not_picked":["Chaos","Melter"],"picked":"Chill","floor":14}],"player_experience":327652,"relics_obtained":[{"floor":3,"key":"Blue Candle"},{"floor":6,"key":"Cables"},{"floor":11,"key":"Potion Belt"}],"event_choices":[{"damage_healed":0,"gold_gain":175,"player_choice":"AGREE","damage_taken":0,"max_hp_gain":0,"max_hp_loss":0,"event_name":"Liars Game","floor":2,"gold_loss":0,"cards_obtained":["Doubt"]},{"damage_healed":0,"gold_gain":0,"player_choice":"Success","damage_taken":7,"relics_obtained":["Orichalcum"],"max_hp_gain":0,"max_hp_loss":0,"event_name":"Scrap Ooze","floor":5,"gold_loss":0},{"cards_removed":["Strike_B"],"damage_healed":0,"gold_gain":0,"player_choice":"Forget","damage_taken":0,"max_hp_gain":0,"max_hp_loss":0,"event_name":"Living Wall","floor":10,"gold_loss":0}],"is_beta":true,"boss_relics":[],"items_purged_floors":[12],"is_endless":false,"potions_floor_spawned":[1,11],"killed_by":"Slime Boss","ascension_level":2}