{"gold_per_floor":[110,129,141,141,155,155,187,199,199,146,146,165,165,191,191,191],"floor_reached":16,"playtime":1458,"items_purged":[],"score":140,"play_id":"cd7b74cd-5e01-4ae1-ba0e-1f132ef6b6f9","local_time":"20190417194115","is_ascension_mode":true,"campfire_choices":[{"data":"Shockwave","floor":6.0,"key":"SMITH"},{"data":"Shrug It Off","floor":11.0,"key":"SMITH"},{"data":"Disarm","floor":13.0,"key":"SMITH"},{"floor":15.0,"key":"REST"}],"neow_cost":"NONE","seed_source_timestamp":591601660274413,"circlet_count":0,"master_deck":["Strike_R","Strike_R","Strike_R","Strike_R","Strike_R","Defend_R","Defend_R","Defend_R","Defend_R","Bash+1","Shockwave+1","Disarm+1","Impervious","Ghostly Armor","Shrug It Off+1","Shrug It Off","Battle Trance"],"special_seed":0,"relics":["Burning Blood","Pen Nib","Paper Frog","Molten Egg 2"],"potions_floor_usage":[16,16],"damage_taken":[{"damage":4.0,"enemies":"Small Slimes","floor":1.0,"turns":3.0},{"damage":5.0,"enemies":"2 Louse","floor":2.0,"turns":3.0},{"damage":4.0,"enemies":"Jaw Worm","floor":3.0,"turns":4.0},{"damage":9.0,"enemies":"3 Louse","floor":5.0,"turns":5.0},{"damage":45.0,"enemies":"Lagavulin","floor":7.0,"turns":11.0},{"damage":15.0,"enemies":"Large Slime","floor":8.0,"turns":11.0},{"damage":9.0,"enemies":"Lots of Slimes","floor":12.0,"turns":6.0},{"damage":20.0,"enemies":"3 Sentries","floor":14.0,"turns":13.0},{"damage":52,"enemies":"Slime Boss","floor":16,"turns":13}],"seed_played":"-3542611088988397984","potions_obtained":[{"floor":2.0,"key":"Dexterity Potion"},{"floor":5.0,"key":"LiquidBronze"},{"floor":12.0,"key":"Weak Potion"},{"floor":14.0,"key":"EssenceOfSteel"}],"is_trial":false,"path_per_floor":["M","M","M","?","M","R","E","M","T","$","R","M","R","E","R","B"],"character_chosen":"IRONCLAD","items_purchased":["Shrug It Off"],"campfire_rested":1,"item_purchase_floors":[10],"current_hp_per_floor":[88,88,88,88,85,85,46,37,37,37,37,34,34,20,46,0],"gold":191,"neow_bonus":"TEN_PERCENT_HP_BONUS","is_prod":false,"is_daily":false,"chose_seed":false,"campfire_upgraded":3,"win_rate":0,"timestamp":1555555275,"path_taken":["M","M","M","?","M","R","E","M","T","$","R","M","R","E","R","BOSS"],"build_version":"2019-01-23","purchased_purges":0,"victory":false,"max_hp_per_floor":[88,88,88,88,88,88,88,88,88,88,88,88,88,88,88,88],"card_choices":[{"not_picked":["Sword Boomerang","Pommel Strike","Twin Strike"],"picked":"SKIP","floor":1.0},{"not_picked":["Thunderclap","Clash"],"picked":"Shockwave","floor":2.0},{"not_picked":["Thunderclap","Body Slam"],"picked":"Disarm","floor":3.0},{"not_picked":["Bloodletting","Wild Strike"],"picked":"Impervious","floor":5.0},{"not_picked":["Flex","Carnage"],"picked":"Ghostly Armor","floor":7.0},{"not_picked":["Headbutt","Warcry","Hemokinesis"],"picked":"SKIP","floor":8.0},{"not_picked":["Warcry","Thunderclap"],"picked":"Shrug It Off","floor":12.0},{"not_picked":["Power Through","Hemokinesis"],"picked":"Battle Trance","floor":14.0}],"player_experience":473925,"relics_obtained":[{"floor":7.0,"key":"Pen Nib"},{"floor":9.0,"key":"Paper Frog"},{"floor":14.0,"key":"Molten Egg 2"}],"event_choices":[{"damage_healed":0.0,"max_hp_gain":0.0,"max_hp_loss":0.0,"gold_gain":0.0,"event_name":"Living Wall","player_choice":"Grow","floor":4.0,"gold_loss":0.0,"damage_taken":0.0,"cards_upgraded":["Bash"]}],"is_beta":false,"boss_relics":[],"items_purged_floors":[],"is_endless":false,"potions_floor_spawned":[2,5,12,14],"killed_by":"Slime Boss","ascension_level":5}