{"gold_per_floor":[117,11,28,40,58,58,68,68,93,93,108,108,123,142,142,213,213,232,332,332,163,192,192,211,211,211,211,221,236,263,273,273,346,346,364,30,30,375,375,375,391,391,441,441,663,663,663,678,678,678,678,678,1,27,27],"floor_reached":55,"playtime":4183,"items_purged":["Decay","Writhe"],"score":1229,"play_id":"b76aa068-12cb-4edb-aa06-80f7beaed665","local_time":"20190526120603","is_ascension_mode":true,"campfire_choices":[{"floor":6,"key":"DIG"},{"floor":10,"key":"DIG"},{"floor":12,"key":"DIG"},{"floor":15,"key":"DIG"},{"floor":23,"key":"DIG"},{"floor":25,"key":"DIG"},{"floor":32,"key":"DIG"},{"floor":40,"key":"DIG"},{"data":"Apotheosis","floor":42,"key":"SMITH"},{"floor":44,"key":"DIG"},{"floor":46,"key":"RECALL"},{"floor":49,"key":"DIG"},{"floor":52,"key":"DIG"}],"neow_cost":"TEN_PERCENT_HP_LOSS","seed_source_timestamp":322254513629067,"circlet_count":0,"master_deck":["AscendersBane","Strike_B+1","Strike_B+1","Strike_B+1","Strike_B+1","Defend_B+1","Defend_B+1","Defend_B+1","Defend_B+1","Zap","Dualcast+1","Leap","Loop","Beam Cell","Conserve Battery+1","BootSequence","White Noise","Go for the Eyes","Chill","All For One","Seek","Capacitor","Turbo","Ball Lightning","Cold Snap+1","Defragment","Aggregate","Beam Cell+1","Ball Lightning","Reinforced Body","Echo Form","Go for the Eyes","The Bomb","Apotheosis+1","Panacea","Stack+1","Steam+1","Buffer","Gash","White Noise+1"],"relics":["Cracked Core","Shovel","Dodecahedron","Ornamental Fan","PreservedInsect","Bottled Lightning","Oddly Smooth Stone","Juzu Bracelet","Runic Pyramid","Gambling Chip","Pear","Red Mask","Blood Vial","Pen Nib","Meat on the Bone","Cables","The Courier","Inserter","Turnip","Old Coin","Strawberry","Art of War","Anchor","Bottled Flame","ClockworkSouvenir","Happy Flower","Whetstone","War Paint"],"potions_floor_usage":[16,19,22,33,38,38,48,55,55],"damage_taken":[{"damage":0,"enemies":"Cultist","floor":1,"turns":4},{"damage":0,"enemies":"Jaw Worm","floor":3,"turns":3},{"damage":2,"enemies":"Small Slimes","floor":4,"turns":3},{"damage":3,"enemies":"Blue Slaver","floor":5,"turns":4},{"damage":0,"enemies":"2 Fungi Beasts","floor":7,"turns":2},{"damage":11,"enemies":"Exordium Wildlife","floor":11,"turns":4},{"damage":0,"enemies":"Looter","floor":13,"turns":3},{"damage":5,"enemies":"Blue Slaver","floor":14,"turns":5},{"damage":24,"enemies":"Hexaghost","floor":16,"turns":9},{"damage":0,"enemies":"3 Byrds","floor":18,"turns":6},{"damage":6,"enemies":"Colosseum Slavers","floor":19,"turns":6},{"damage":0,"enemies":"Colosseum Nobs","floor":19,"turns":7},{"damage":13,"enemies":"Masked Bandits","floor":22,"turns":5},{"damage":0,"enemies":"Chosen","floor":24,"turns":4},{"damage":10,"enemies":"Snake Plant","floor":28,"turns":6},{"damage":4,"enemies":"3 Cultists","floor":29,"turns":7},{"damage":29,"enemies":"Gremlin Leader","floor":30,"turns":9},{"damage":0,"enemies":"Sentry and Sphere","floor":31,"turns":6},{"damage":30,"enemies":"Automaton","floor":33,"turns":13},{"damage":2,"enemies":"3 Shapes","floor":35,"turns":5},{"damage":30,"enemies":"2 Orb Walkers","floor":38,"turns":6},{"damage":4,"enemies":"3 Darklings","floor":41,"turns":7},{"damage":2,"enemies":"Sphere and 2 Shapes","floor":48,"turns":5},{"damage":54,"enemies":"Time Eater","floor":50,"turns":12},{"damage":40,"enemies":"Shield and Spear","floor":54,"turns":9},{"damage":54,"enemies":"The Heart","floor":55,"turns":11}],"seed_played":"3327494294163476296","potions_obtained":[{"floor":3,"key":"Dexterity Potion"},{"floor":4,"key":"Block Potion"},{"floor":14,"key":"Regen Potion"},{"floor":18,"key":"Energy Potion"},{"floor":19,"key":"LiquidBronze"},{"floor":30,"key":"FearPotion"},{"floor":33,"key":"Weak Potion"},{"floor":35,"key":"EssenceOfSteel"},{"floor":39,"key":"Regen Potion"},{"floor":39,"key":"FearPotion"},{"floor":48,"key":"FearPotion"},{"floor":54,"key":"EssenceOfSteel"}],"is_trial":false,"path_per_floor":["M","$","M","M","M","R","M","T","T","R","M","R","M","M","R","B",null,"M","?","?","$","?","R","M","R","T","?","M","M","E","M","R","B",null,"M","$","?","?","?","R","M","R","T","R","?","R","?","M","R","B",null,"R","$","E","B"],"character_chosen":"DEFECT","items_purchased":["Loop","Beam Cell","Ball Lightning","Fruit Juice","Turnip","ClockworkSouvenir","Happy Flower","Buffer","Whetstone","Gash"],"campfire_rested":0,"item_purchase_floors":[2,2,21,21,36,53,53,53,53,53],"current_hp_per_floor":[64,64,64,62,59,59,59,59,59,59,48,48,48,43,43,34,57,57,61,61,61,53,53,55,55,55,55,47,45,30,44,44,28,66,66,66,56,40,40,47,45,45,45,45,45,45,62,76,76,36,74,74,74,48,0],"gold":27,"neow_bonus":"ONE_RARE_RELIC","is_prod":false,"is_daily":false,"chose_seed":false,"campfire_upgraded":1,"win_rate":0,"timestamp":1558897563,"path_taken":["M","?","M","M","M","R","M","?","T","R","M","R","?","M","R","BOSS","M","?","?","$","?","R","M","R","T","?","M","M","E","M","R","BOSS","M","$","?","?","?","R","M","R","T","R","?","R","?","M","R","BOSS","R","$","E","BOSS"],"build_version":"2019-01-23","purchased_purges":2,"victory":false,"max_hp_per_floor":[64,64,64,64,64,64,64,64,64,64,64,64,64,64,64,64,64,64,74,74,74,79,79,79,79,79,79,79,79,79,79,79,79,79,79,79,79,79,79,86,86,86,86,86,86,86,86,86,86,86,86,86,86,86,86],"card_choices":[{"not_picked":["Fusion","Hologram"],"picked":"Leap","floor":1},{"not_picked":["Rebound","Steam"],"picked":"Conserve Battery","floor":3},{"not_picked":["Beam Cell","Hologram"],"picked":"BootSequence","floor":4},{"not_picked":["Heatsinks","Doom and Gloom"],"picked":"White Noise","floor":5},{"not_picked":["Gash","Redo","Compile Driver"],"picked":"SKIP","floor":7},{"not_picked":["Coolheaded","Conserve Battery"],"picked":"Go for the Eyes","floor":11},{"not_picked":["Gash","FTL"],"picked":"Chill","floor":13},{"not_picked":["Double Energy","Steam"],"picked":"All For One","floor":14},{"not_picked":["Amplify","All For One"],"picked":"Seek","floor":16},{"not_picked":["Ball Lightning","Blizzard"],"picked":"Capacitor","floor":18},{"not_picked":["Rip and Tear","Hello World"],"picked":"Turbo","floor":19},{"not_picked":["FTL","Steam"],"picked":"Cold Snap","floor":22},{"not_picked":["Cold Snap","Sweeping Beam"],"picked":"Defragment","floor":24},{"not_picked":["Steam","Aggregate","Hello World"],"picked":"SKIP","floor":28},{"not_picked":["Steam","Hello World"],"picked":"Aggregate","floor":28},{"not_picked":["Rebound","Darkness"],"picked":"Beam Cell","floor":29},{"not_picked":["Meteor Strike","Barrage"],"picked":"Ball Lightning","floor":30},{"not_picked":["Rebound","Steam+1"],"picked":"Reinforced Body","floor":31},{"not_picked":["Thunder Strike","Electrodynamics"],"picked":"Echo Form","floor":33},{"not_picked":["Aggregate","Sunder"],"picked":"Go for the Eyes","floor":35},{"not_picked":["Forethought","Transmutation"],"picked":"The Bomb","floor":37},{"not_picked":["Violence","Finesse"],"picked":"Apotheosis","floor":37},{"not_picked":["Violence","Blind"],"picked":"Panacea","floor":37},{"not_picked":["Leap","Compile Driver"],"picked":"Stack+1","floor":38},{"not_picked":["Streamline+1","Ball Lightning","Reprogram+1"],"picked":"SKIP","floor":41},{"not_picked":["Redo","Hologram"],"picked":"Steam+1","floor":48},{"not_picked":["Redo","Machine Learning"],"picked":"White Noise+1","floor":54}],"player_experience":727065,"relics_obtained":[{"floor":6,"key":"Dodecahedron"},{"floor":8,"key":"Ornamental Fan"},{"floor":9,"key":"PreservedInsect"},{"floor":10,"key":"Bottled Lightning"},{"floor":12,"key":"Oddly Smooth Stone"},{"floor":15,"key":"Juzu Bracelet"},{"floor":19,"key":"Gambling Chip"},{"floor":19,"key":"Pear"},{"floor":22,"key":"Red Mask"},{"floor":23,"key":"Blood Vial"},{"floor":25,"key":"Pen Nib"},{"floor":26,"key":"Meat on the Bone"},{"floor":30,"key":"Cables"},{"floor":32,"key":"The Courier"},{"floor":38,"key":"Old Coin"},{"floor":40,"key":"Strawberry"},{"floor":44,"key":"Art of War"},{"floor":49,"key":"Anchor"},{"floor":52,"key":"Bottled Flame"},{"floor":54,"key":"War Paint"}],"event_choices":[{"damage_healed":0,"gold_gain":0,"player_choice":"Fight","damage_taken":0,"max_hp_gain":0,"max_hp_loss":0,"event_name":"Colosseum","floor":19,"gold_loss":0},{"damage_healed":0,"gold_gain":0,"player_choice":"Fought Nobs","damage_taken":0,"max_hp_gain":0,"max_hp_loss":0,"event_name":"Colosseum","floor":19,"gold_loss":0},{"damage_healed":0,"gold_gain":0,"player_choice":"Simplicity","damage_taken":0,"max_hp_gain":0,"max_hp_loss":0,"event_name":"Back to Basics","floor":20,"gold_loss":0,"cards_upgraded":["Strike_B","Strike_B","Strike_B","Strike_B","Defend_B","Defend_B","Defend_B","Defend_B"]},{"damage_healed":0,"gold_gain":0,"player_choice":"Fought Bandits","damage_taken":0,"max_hp_gain":0,"max_hp_loss":0,"event_name":"Masked Bandits","floor":22,"gold_loss":0},{"damage_healed":0,"gold_gain":0,"player_choice":"Smashed Altar","damage_taken":0,"max_hp_gain":0,"max_hp_loss":0,"event_name":"Forgotten Altar","floor":27,"gold_loss":0,"cards_obtained":["Decay"]},{"damage_healed":0,"gold_gain":0,"player_choice":"Memory 3","damage_taken":10,"max_hp_gain":0,"max_hp_loss":0,"event_name":"SensoryStone","floor":37,"gold_loss":0},{"damage_healed":0,"gold_gain":0,"player_choice":"Fight","damage_taken":0,"max_hp_gain":0,"max_hp_loss":0,"event_name":"Mysterious Sphere","floor":38,"gold_loss":0},{"damage_healed":0,"gold_gain":0,"player_choice":"Got Potions","damage_taken":0,"max_hp_gain":0,"max_hp_loss":0,"event_name":"Lab","floor":39,"gold_loss":0},{"damage_healed":0,"gold_gain":222,"player_choice":"Wore Mask","damage_taken":0,"max_hp_gain":0,"max_hp_loss":0,"event_name":"Tomb of Lord Red Mask","floor":45,"gold_loss":0},{"damage_healed":17,"gold_gain":0,"player_choice":"Writhe","damage_taken":0,"max_hp_gain":0,"max_hp_loss":0,"event_name":"Winding Halls","floor":47,"gold_loss":0,"cards_obtained":["Writhe"]}],"is_beta":false,"boss_relics":[{"not_picked":["Snecko Eye","White Beast Statue"],"picked":"Runic Pyramid"},{"not_picked":["Velvet Choker","Empty Cage"],"picked":"Inserter"}],"items_purged_floors":[36,53],"is_endless":false,"potions_floor_spawned":[3,4,14,18,19,30,33,35,48,54],"killed_by":"The Heart","ascension_level":16}