{"gold_per_floor":[359,54,67,67,83,117,117,152,220,95,108,108,128,128,128,254,254,277,277,353,368,382,382,395,520,520,520,181,199,199,212,212,332,332,357,56,0,0,25,65,65,96,96,96,109,132,148,167,167,167],"floor_reached":51,"playtime":2340,"items_purged":["Pain","Injury"],"score":1229,"play_id":"1166c962-fd3b-4a93-8485-43f4db63ef74","local_time":"20190526234018","is_ascension_mode":true,"campfire_choices":[{"data":"Hemokinesis","floor":7,"key":"SMITH"},{"data":"Uppercut","floor":12,"key":"SMITH"},{"floor":15,"key":"REST"},{"data":"Flame Barrier","floor":23,"key":"SMITH"},{"data":"Spot Weakness","floor":27,"key":"SMITH"},{"data":"Limit Break","floor":30,"key":"SMITH"},{"data":"Corruption","floor":32,"key":"SMITH"},{"data":"Offering","floor":41,"key":"SMITH"},{"data":"Inflame","floor":44,"key":"SMITH"},{"data":"Metallicize","floor":49,"key":"SMITH"}],"neow_cost":"CURSE","seed_source_timestamp":44833046217773,"circlet_count":0,"master_deck":["Strike_R+1","Strike_R","Strike_R","Strike_R","Strike_R","Defend_R","Defend_R","Defend_R","Defend_R","Bash","Twin Strike+1","Uppercut+1","Hemokinesis+1","Spot Weakness+1","Anger","Battle Trance","Headbutt","Inflame+1","Pommel Strike","Feed","Metallicize+1","Whirlwind+1","Headbutt","Flame Barrier+1","Metallicize+1","Dropkick+1","Ghostly Armor","Metallicize+1","Spot Weakness","Limit Break+1","Shockwave+1","Sword Boomerang","Iron Wave","Evolve+1","Offering+1","Corruption+1","Shrug It Off+1","True Grit+1","Twin Strike+1","Iron Wave+1","Parasite","Shrug It Off+1","Inflame+1","Battle Trance+1","Feel No Pain+1"],"special_seed":0,"relics":["Burning Blood","Pen Nib","Golden Idol","Prayer Wheel","Juzu Bracelet","Bottled Flame","Coffee Dripper","Letter Opener","Mango","Question Card","Bronze Scales","Shuriken","Eternal Feather","Oddly Smooth Stone","Happy Flower","Red Mask","Paper Frog","Molten Egg 2","Toxic Egg 2"],"potions_floor_usage":[16,24,25,35,39,50,50],"damage_taken":[{"damage":11,"enemies":"2 Louse","floor":1,"turns":3},{"damage":0,"enemies":"Small Slimes","floor":3,"turns":3},{"damage":2,"enemies":"Jaw Worm","floor":5,"turns":3},{"damage":38,"enemies":"3 Sentries","floor":6,"turns":8},{"damage":24,"enemies":"Lagavulin","floor":8,"turns":4},{"damage":9,"enemies":"Exordium Wildlife","floor":11,"turns":4},{"damage":11,"enemies":"Large Slime","floor":13,"turns":2},{"damage":2,"enemies":"Slime Boss","floor":16,"turns":6},{"damage":2,"enemies":"Shell Parasite","floor":18,"turns":2},{"damage":5,"enemies":"Chosen","floor":21,"turns":3},{"damage":15,"enemies":"Snake Plant","floor":22,"turns":3},{"damage":4,"enemies":"Chosen and Byrds","floor":24,"turns":3},{"damage":12,"enemies":"Colosseum Slavers","floor":25,"turns":4},{"damage":8,"enemies":"Colosseum Nobs","floor":25,"turns":4},{"damage":7,"enemies":"Snecko","floor":29,"turns":4},{"damage":5,"enemies":"Cultist and Chosen","floor":31,"turns":4},{"damage":34,"enemies":"Champ","floor":33,"turns":7},{"damage":18,"enemies":"3 Shapes","floor":35,"turns":9},{"damage":22,"enemies":"3 Darklings","floor":39,"turns":5},{"damage":22,"enemies":"Giant Head","floor":40,"turns":6},{"damage":34,"enemies":"Reptomancer","floor":42,"turns":4},{"damage":21,"enemies":"Spire Growth","floor":45,"turns":4},{"damage":4,"enemies":"Maw","floor":46,"turns":6},{"damage":22,"enemies":"Writhing Mass","floor":47,"turns":6},{"damage":12,"enemies":"Jaw Worm Horde","floor":48,"turns":4},{"damage":31,"enemies":"Donu and Deca","floor":50,"turns":6}],"seed_played":"6065246192128563259","potions_obtained":[{"floor":3,"key":"Fire Potion"},{"floor":5,"key":"SkillPotion"},{"floor":6,"key":"SkillPotion"},{"floor":21,"key":"FearPotion"},{"floor":24,"key":"Energy Potion"},{"floor":29,"key":"Strength Potion"},{"floor":42,"key":"Fire Potion"},{"floor":45,"key":"Strength Potion"}],"is_trial":false,"path_per_floor":["M","$","M","?","M","E","R","E","T","$","M","R","M","?","R","B",null,"M","?","T","M","M","R","M","?","T","R","$","M","R","M","R","B",null,"M","$","?","?","M","E","R","E","T","R","M","M","M","M","R","B",null],"character_chosen":"IRONCLAD","items_purchased":["Uppercut","Pen Nib","Battle Trance","Headbutt","Shuriken","Oddly Smooth Stone","Happy Flower"],"campfire_rested":1,"item_purchase_floors":[2,2,10,10,28,36,36],"current_hp_per_floor":[67,67,73,73,77,45,45,27,27,27,24,24,19,3,27,31,68,72,72,72,73,67,67,72,81,81,81,81,83,83,84,84,56,94,85,85,85,85,69,53,74,49,49,70,55,57,41,35,62,40],"gold":167,"neow_bonus":"TWO_FIFTY_GOLD","is_prod":false,"is_daily":false,"chose_seed":false,"campfire_upgraded":9,"win_rate":0,"timestamp":1558906818,"path_taken":["M","$","M","?","M","E","R","E","T","$","M","R","M","?","R","BOSS","M","?","?","M","M","R","M","?","T","R","$","M","R","M","R","BOSS","M","$","?","?","M","E","R","E","T","R","M","M","M","M","R","BOSS"],"build_version":"2019-01-23","purchased_purges":2,"victory":true,"max_hp_per_floor":[80,80,80,80,80,80,80,80,80,80,80,80,80,80,80,80,80,80,80,80,80,83,83,86,103,103,103,103,106,106,106,106,106,106,109,109,109,109,109,109,109,112,112,112,112,112,112,112,112,115],"card_choices":[{"not_picked":["Power Through","Havoc"],"picked":"Twin Strike","floor":1},{"not_picked":["Wild Strike","Heavy Blade"],"picked":"Hemokinesis","floor":3},{"not_picked":["Infernal Blade","Rage","Perfected Strike"],"picked":"SKIP","floor":5},{"not_picked":["Immolate","Cleave"],"picked":"Spot Weakness","floor":6},{"not_picked":["Heavy Blade","Flex"],"picked":"Anger","floor":8},{"not_picked":["Burning Pact","Thunderclap"],"picked":"Inflame","floor":11},{"not_picked":["Perfected Strike","True Grit","Anger"],"picked":"SKIP","floor":11},{"not_picked":["Searing Blow","Anger"],"picked":"Pommel Strike","floor":13},{"not_picked":["Anger","Perfected Strike","Warcry"],"picked":"SKIP","floor":13},{"not_picked":["Bludgeon","Double Tap"],"picked":"Feed","floor":16},{"not_picked":["Heavy Blade","Rage"],"picked":"Metallicize","floor":18},{"not_picked":["Cleave+1","Clash"],"picked":"Whirlwind+1","floor":18},{"not_picked":["Uppercut","Dual Wield"],"picked":"Headbutt","floor":21},{"not_picked":["Clothesline","Carnage","Anger"],"picked":"SKIP","floor":21},{"not_picked":["Cleave","Feel No Pain"],"picked":"Flame Barrier","floor":22},{"not_picked":["Limit Break","Havoc+1"],"picked":"Metallicize+1","floor":22},{"not_picked":["Body Slam+1","Sever Soul"],"picked":"Dropkick+1","floor":24},{"not_picked":["Carnage","Twin Strike"],"picked":"Ghostly Armor","floor":24},{"not_picked":["Feel No Pain","Cleave"],"picked":"Metallicize+1","floor":25},{"not_picked":["Rupture+1","Metallicize","Cleave+1"],"picked":"Spot Weakness","floor":29},{"not_picked":["Intimidate","Havoc","Sword Boomerang"],"picked":"Limit Break","floor":29},{"not_picked":["Havoc","Pummel+1","Pommel Strike"],"picked":"Shockwave+1","floor":31},{"not_picked":["Sever Soul","Armaments+1","Intimidate"],"picked":"Corruption","floor":31},{"not_picked":["Clothesline+1","Twin Strike+1","Carnage+1"],"picked":"Sword Boomerang","floor":35},{"not_picked":["Anger","Body Slam","Warcry","Headbutt"],"picked":"SKIP","floor":35},{"not_picked":["Cleave+1","True Grit+1","Wild Strike"],"picked":"Evolve+1","floor":39},{"not_picked":["Whirlwind","Cleave+1","Body Slam+1"],"picked":"Offering","floor":39},{"not_picked":["Armaments+1","Evolve","Clash"],"picked":"Corruption+1","floor":40},{"not_picked":["Clash","Spot Weakness","Perfected Strike+1"],"picked":"Shrug It Off+1","floor":42},{"not_picked":["Warcry+1","Cleave+1","Infernal Blade+1"],"picked":"True Grit+1","floor":45},{"not_picked":["Evolve","Perfected Strike+1","Anger+1","Cleave+1"],"picked":"SKIP","floor":45},{"not_picked":["Wild Strike+1","Intimidate+1","Flex+1"],"picked":"Twin Strike+1","floor":46},{"not_picked":["Flex+1","Bludgeon+1","True Grit+1"],"picked":"Iron Wave+1","floor":46},{"not_picked":["Rupture","Headbutt+1","Combust"],"picked":"Shrug It Off+1","floor":47},{"not_picked":["Uppercut+1","Perfected Strike+1","Flex+1"],"picked":"Inflame+1","floor":47},{"not_picked":["Cleave+1","Anger+1","Dropkick+1"],"picked":"Battle Trance+1","floor":48},{"not_picked":["Shockwave+1","Inflame","Pommel Strike+1"],"picked":"Feel No Pain+1","floor":48}],"player_experience":89478,"relics_obtained":[{"floor":6,"key":"Prayer Wheel"},{"floor":8,"key":"Juzu Bracelet"},{"floor":9,"key":"Bottled Flame"},{"floor":20,"key":"Letter Opener"},{"floor":25,"key":"Mango"},{"floor":25,"key":"Question Card"},{"floor":26,"key":"Bronze Scales"},{"floor":40,"key":"Paper Frog"},{"floor":42,"key":"Molten Egg 2"},{"floor":43,"key":"Toxic Egg 2"}],"event_choices":[{"damage_healed":0,"gold_gain":0,"player_choice":"Take Wound","damage_taken":0,"relics_obtained":["Golden Idol"],"max_hp_gain":0,"max_hp_loss":0,"event_name":"Golden Idol","floor":4,"gold_loss":0,"cards_obtained":["Injury"]},{"damage_healed":0,"gold_gain":0,"player_choice":"Entered Light","damage_taken":16,"max_hp_gain":0,"max_hp_loss":0,"event_name":"Shining Light","floor":14,"gold_loss":0,"cards_upgraded":["Twin Strike","Strike_R"]},{"damage_healed":0,"gold_gain":0,"player_choice":"Ignored","damage_taken":0,"max_hp_gain":0,"max_hp_loss":0,"event_name":"Ghosts","floor":19,"gold_loss":0},{"damage_healed":0,"gold_gain":0,"player_choice":"Fight","damage_taken":0,"max_hp_gain":0,"max_hp_loss":0,"event_name":"Colosseum","floor":25,"gold_loss":0},{"damage_healed":0,"gold_gain":0,"player_choice":"Fought Nobs","damage_taken":0,"max_hp_gain":0,"max_hp_loss":0,"event_name":"Colosseum","floor":25,"gold_loss":0},{"damage_healed":0,"gold_gain":0,"player_choice":"Paid","damage_taken":0,"relics_obtained":["Red Mask"],"max_hp_gain":0,"max_hp_loss":0,"event_name":"Tomb of Lord Red Mask","floor":37,"gold_loss":56},{"cards_removed":["Corruption"],"damage_healed":0,"gold_gain":0,"player_choice":"Took Card","damage_taken":0,"max_hp_gain":0,"max_hp_loss":0,"event_name":"NoteForYourself","floor":38,"gold_loss":0,"cards_obtained":["Iron Wave"]}],"is_beta":false,"boss_relics":[{"not_picked":["Runic Pyramid","Black Star"],"picked":"Coffee Dripper"},{"not_picked":["Astrolabe","Mark of Pain"],"picked":"Eternal Feather"}],"items_purged_floors":[2,28],"is_endless":false,"potions_floor_spawned":[3,5,6,21,24,29,31,33,42,45,46],"ascension_level":9}