{"gold_per_floor":[109,184,134,144,31,31,57,57,139,139,163,175,175,209,209,312,312,330,132,132,146,156,156,168,168,168,180,190,190,65,84,84,185,185,202,215,65,76,87,87,107,107,107,107,107,107,136,1,1,1],"floor_reached":50,"playtime":6120,"items_purged":["Normality","Clumsy","Strike_B","Defend_B"],"score":505,"play_id":"13bd842b-5084-4f0f-ad40-036787b14e16","local_time":"20180913193429","is_ascension_mode":false,"campfire_choices":[{"data":"Self Repair","floor":6,"key":"SMITH"},{"data":"Zap","floor":8,"key":"SMITH"},{"data":"Undo","floor":10,"key":"SMITH"},{"floor":13,"key":"REST"},{"data":"Stack","floor":15,"key":"SMITH"},{"data":"Madness","floor":23,"key":"SMITH"},{"data":"Buffer","floor":25,"key":"SMITH"},{"floor":29,"key":"DIG"},{"floor":32,"key":"DIG"},{"floor":40,"key":"DIG"},{"floor":42,"key":"DIG"},{"floor":46,"key":"DIG"},{"floor":49,"key":"DIG"}],"neow_cost":"NONE","seed_source_timestamp":22163751254076,"circlet_count":0,"master_deck":["Strike_B","Strike_B","Defend_B","Defend_B","Defend_B","Zap+1","Dualcast","Auto Shields","Undo+1","Lockon","Electrodynamics","Stack+1","Biased Cognition","Conserve Battery","Madness+1","Buffer+1","Swift Strike","FTL","Tempest+1","Aggregate","Loop","Redo+1","Rainbow","Barrage+1","Genetic Algorithm","Rebound+1","Storm+1","Trip","FTL"],"relics":["Calling Bell","Strawberry","Shuriken","Unceasing Top","Bronze Scales","Bottled Lightning","Odd Mushroom","Gremlin Horn","White Beast Statue","Shovel","Ornamental Fan","Potion Belt","Inserter","Incense Burner","Mercury Hourglass","Pear","Bottled Tornado","Kunai","StoneCalendar"],"potions_floor_usage":[7,22,22,27,33,33,33,47,47,50,50,50,50],"damage_taken":[{"damage":20,"enemies":"Jaw Worm","floor":1,"turns":4},{"damage":6,"enemies":"2 Louse","floor":4,"turns":2},{"damage":28,"enemies":"Lagavulin","floor":7,"turns":10},{"damage":13,"enemies":"The Mushroom Lair","floor":11,"turns":5},{"damage":0,"enemies":"Small Slimes","floor":12,"turns":3},{"damage":14,"enemies":"Gremlin Nob","floor":14,"turns":4},{"damage":27,"enemies":"The Guardian","floor":16,"turns":12},{"damage":16,"enemies":"Chosen","floor":18,"turns":5},{"damage":9,"enemies":"Spheric Guardian","floor":21,"turns":5},{"damage":11,"enemies":"Centurion and Healer","floor":22,"turns":7},{"damage":5,"enemies":"Chosen and Byrds","floor":24,"turns":4},{"damage":14,"enemies":"Snake Plant","floor":27,"turns":2},{"damage":0,"enemies":"Centurion and Healer","floor":28,"turns":6},{"damage":0,"enemies":"Cultist and Chosen","floor":31,"turns":4},{"damage":39,"enemies":"Collector","floor":33,"turns":11},{"damage":21,"enemies":"Orb Walker","floor":35,"turns":3},{"damage":3,"enemies":"3 Darklings","floor":36,"turns":5},{"damage":16,"enemies":"4 Shapes","floor":38,"turns":3},{"damage":49,"enemies":"Jaw Worm Horde","floor":39,"turns":5},{"damage":1,"enemies":"3 Darklings","floor":41,"turns":3},{"damage":12,"enemies":"2 Orb Walkers","floor":47,"turns":4},{"damage":30,"enemies":"Donu and Deca","floor":50,"turns":3}],"seed_played":"-8452315155340027790","potions_obtained":[{"floor":1,"key":"SpeedPotion"},{"floor":18,"key":"EssenceOfSteel"},{"floor":21,"key":"AttackPotion"},{"floor":22,"key":"Regen Potion"},{"floor":24,"key":"PowerPotion"},{"floor":27,"key":"GamblersBrew"},{"floor":28,"key":"Explosive Potion"},{"floor":33,"key":"FearPotion"},{"floor":35,"key":"Strength Potion"},{"floor":36,"key":"Block Potion"},{"floor":38,"key":"Block Potion"},{"floor":39,"key":"Swift Potion"},{"floor":47,"key":"FocusPotion"}],"is_trial":false,"path_per_floor":["M","?","?","M","$","R","E","R","T","R","?","M","R","E","R","B",null,"M","$","?","M","M","R","M","R","T","M","M","R","$","M","R","B",null,"M","M","$","M","M","R","M","R","T","?","?","R","E","$","R"],"character_chosen":"DEFECT","items_purchased":["Self Repair","Madness","Trip","FTL"],"campfire_rested":1,"item_purchase_floors":[5,19,48,48],"current_hp_per_floor":[62,51,51,45,45,45,27,27,27,27,24,34,58,54,54,37,82,76,76,76,77,76,76,81,81,81,67,77,77,77,82,82,68,82,71,78,78,72,23,23,22,22,32,32,32,32,20,20,20,0],"gold":1,"neow_bonus":"BOSS_RELIC","is_prod":false,"is_daily":false,"chose_seed":false,"campfire_upgraded":6,"win_rate":0.0,"timestamp":1536860069,"path_taken":["M","?","?","M","$","R","E","R","T","R","?","M","R","E","R","BOSS","M","$","?","M","M","R","M","R","T","M","?","R","?","M","R","BOSS","M","M","$","M","M","R","M","R","T","?","?","R","E","?","R","BOSS"],"build_version":"2018-09-12","purchased_purges":4,"victory":false,"max_hp_per_floor":[82,82,82,82,82,82,82,82,82,82,82,82,82,82,82,82,82,82,82,82,82,82,82,82,82,82,82,82,82,82,82,82,82,82,82,82,82,82,82,82,82,82,92,92,92,92,92,92,92,92],"card_choices":[{"not_picked":["Barrage","Rebound","Go for the Eyes"],"picked":"SKIP","floor":1},{"not_picked":["Compile Driver","Leap"],"picked":"Auto Shields","floor":4},{"not_picked":["Redo","Compile Driver"],"picked":"Undo","floor":7},{"not_picked":["Sweeping Beam","Reinforced Body"],"picked":"Lockon","floor":11},{"not_picked":["Steam","Rebound"],"picked":"Electrodynamics","floor":12},{"not_picked":["Gash","Steam"],"picked":"Stack","floor":14},{"not_picked":["Electrodynamics","All For One"],"picked":"Biased Cognition","floor":16},{"not_picked":["Streamline","Hologram"],"picked":"Conserve Battery","floor":18},{"not_picked":["Glacier+1","Double Energy+1"],"picked":"FTL","floor":21},{"not_picked":["Genetic Algorithm","Gash"],"picked":"Tempest+1","floor":22},{"not_picked":["Steam Power+1","Streamline","White Noise"],"picked":"SKIP","floor":24},{"not_picked":["Consume","Rip and Tear"],"picked":"Aggregate","floor":27},{"not_picked":["Steam Power","Leap+1"],"picked":"Loop","floor":28},{"not_picked":["Streamline","Hologram"],"picked":"Redo+1","floor":31},{"not_picked":["Creative AI","Machine Learning"],"picked":"Rainbow","floor":33},{"not_picked":["Hologram","Cold Snap"],"picked":"Barrage+1","floor":35},{"not_picked":["Heatsinks","Leap"],"picked":"Genetic Algorithm","floor":36},{"not_picked":["Scrape+1","Stack"],"picked":"Rebound+1","floor":38},{"not_picked":["Barrage","Sweeping Beam","Hologram+1"],"picked":"SKIP","floor":39},{"not_picked":["Rebound","Ball Lightning+1"],"picked":"Storm+1","floor":41},{"not_picked":["Sweeping Beam","Coolheaded","Steam"],"picked":"SKIP","floor":47}],"player_experience":143516,"relics_obtained":[{"floor":0,"key":"Strawberry"},{"floor":0,"key":"Shuriken"},{"floor":0,"key":"Unceasing Top"},{"floor":7,"key":"Bronze Scales"},{"floor":9,"key":"Bottled Lightning"},{"floor":11,"key":"Odd Mushroom"},{"floor":14,"key":"Gremlin Horn"},{"floor":26,"key":"Shovel"},{"floor":29,"key":"Ornamental Fan"},{"floor":32,"key":"Potion Belt"},{"floor":40,"key":"Incense Burner"},{"floor":42,"key":"Mercury Hourglass"},{"floor":43,"key":"Pear"},{"floor":46,"key":"Bottled Tornado"},{"floor":47,"key":"Kunai"},{"floor":49,"key":"StoneCalendar"}],"event_choices":[{"event_name":"World of Goop","player_choice":"Gather Gold","floor":2,"damage_taken":0},{"event_name":"The Cleric","player_choice":"Card Removal","floor":3,"damage_taken":0},{"event_name":"Mushrooms","player_choice":"Fought Mushrooms","floor":11,"damage_taken":0},{"event_name":"Match and Keep!","player_choice":"2 cards matched","floor":20,"damage_taken":0},{"event_name":"Falling","player_choice":"Removed Power","floor":44,"damage_taken":0},{"event_name":"Purifier","player_choice":"One Purge","floor":45,"damage_taken":0}],"is_beta":true,"boss_relics":[{"not_picked":["Sozu","Ectoplasm"],"picked":"White Beast Statue"},{"not_picked":["Velvet Choker","Lizard Tail"],"picked":"Inserter"}],"items_purged_floors":[5,19,30,37],"is_endless":false,"potions_floor_spawned":[1,18,21,22,24,27,28,31,33,35,36,38,39,41,47],"killed_by":"Donu and Deca","ascension_level":0}