{"gold_per_floor":[115,33,33,33,33,58,58,86,86,86,106,124,124,136,136,236,236,176,176,176,101,101,101,101,101,101,101,101,101,101,101,101,101,101,101,101,101,101,101,101,1,1,1,1,1,1,1,1,1,1],"floor_reached":51,"playtime":3287,"items_purged":["Strike_R","Strike_R"],"score":1070,"play_id":"95dc8793-9c20-49d0-bd10-a67f8bcbe15f","local_time":"20190401165940","is_ascension_mode":true,"campfire_choices":[{"data":"Clothesline","floor":7.0,"key":"SMITH"},{"data":"Bash","floor":10.0,"key":"SMITH"},{"data":"Metallicize","floor":13.0,"key":"SMITH"},{"data":"Inflame","floor":15.0,"key":"SMITH"},{"data":"Inflame","floor":24.0,"key":"SMITH"},{"floor":27.0,"key":"REST"},{"floor":32.0,"key":"REST"},{"data":"Limit Break","floor":40,"key":"SMITH"},{"data":"Heavy Blade","floor":44,"key":"SMITH"},{"data":"Juggernaut","floor":47,"key":"SMITH"},{"data":"Shrug It Off","floor":49,"key":"SMITH"}],"neow_cost":"NONE","seed_source_timestamp":0,"circlet_count":0,"master_deck":["Strike_R","Defend_R","Defend_R+1","Defend_R","Defend_R","Bash+1","Clothesline+1","Flash of Steel","True Grit+1","Metallicize+1","Inflame+1","Offering+1","Inflame+1","Armaments+1","Exhume","Anger","Shrug It Off+1","Disarm","RitualDagger","Limit Break+1","Burning Pact+1","Warcry+1","Havoc+1","Shrug It Off+1","Heavy Blade+1","Juggernaut+1","Havoc+1"],"special_seed":0,"relics":["Black Blood","NeowsBlessing","Ice Cream","War Paint","Blue Candle","Darkstone Periapt","Ectoplasm","Champion Belt","Mercury Hourglass","Magic Flower","Gremlin Horn","Mango","Dead Branch","Bronze Scales","Dream Catcher"],"potions_floor_usage":[50,50,50],"damage_taken":[{"damage":0.0,"enemies":"2 Louse","floor":1.0,"turns":1.0},{"damage":0.0,"enemies":"Gremlin Nob","floor":6.0,"turns":1.0},{"damage":0.0,"enemies":"Lagavulin","floor":8.0,"turns":1.0},{"damage":5.0,"enemies":"Jaw Worm","floor":11.0,"turns":3.0},{"damage":4.0,"enemies":"Cultist","floor":12.0,"turns":3.0},{"damage":4.0,"enemies":"Blue Slaver","floor":14.0,"turns":4.0},{"damage":45.0,"enemies":"Hexaghost","floor":16.0,"turns":11.0},{"damage":8.0,"enemies":"2 Thieves","floor":18.0,"turns":4.0},{"damage":9.0,"enemies":"Shell Parasite","floor":19.0,"turns":4.0},{"damage":18.0,"enemies":"Colosseum Slavers","floor":20.0,"turns":5.0},{"damage":21.0,"enemies":"Colosseum Nobs","floor":20.0,"turns":5.0},{"damage":16.0,"enemies":"Gremlin Leader","floor":23.0,"turns":4.0},{"damage":12.0,"enemies":"Snake Plant","floor":28.0,"turns":3.0},{"damage":6.0,"enemies":"Centurion and Healer","floor":30.0,"turns":5.0},{"damage":39.0,"enemies":"Champ","floor":33.0,"turns":10.0},{"damage":13.0,"enemies":"3 Darklings","floor":35.0,"turns":7.0},{"damage":20,"enemies":"2 Orb Walkers","floor":36,"turns":5},{"damage":6,"enemies":"Mind Bloom Boss Battle","floor":37,"turns":5},{"damage":6,"enemies":"3 Shapes","floor":39,"turns":2},{"damage":12,"enemies":"Giant Head","floor":42,"turns":1},{"damage":1,"enemies":"3 Darklings","floor":45,"turns":3},{"damage":12,"enemies":"Transient","floor":48,"turns":5},{"damage":58,"enemies":"Donu and Deca","floor":50,"turns":9}],"seed_played":"4653211291017592683","potions_obtained":[{"floor":12.0,"key":"SpeedPotion"},{"floor":16.0,"key":"EssenceOfSteel"},{"floor":20.0,"key":"Fire Potion"},{"floor":28.0,"key":"Swift Potion"},{"floor":29.0,"key":"Ancient Potion"},{"floor":36,"key":"SmokeBomb"},{"floor":39,"key":"Energy Potion"},{"floor":48,"key":"Strength Potion"}],"is_trial":false,"path_per_floor":["M","$","?","?","$","E","R","E","T","R","M","M","R","M","R","B",null,"M","M","?","$","?","E","R","?","T","R","M","?","M","?","R","B",null,"M","?","?","?","M","R","$","E","T","R","M","$","R","M","R","B",null],"character_chosen":"IRONCLAD","items_purchased":["Flash of Steel"],"campfire_rested":2,"item_purchase_floors":[2],"current_hp_per_floor":[78,78,71,71,71,77,77,80,80,80,80,80,80,80,80,41,70,68,65,38,38,38,28,28,28,28,52,49,49,52,46,70,40,70,72,81,90,90,94,94,94,94,94,94,94,94,94,94,94,51],"gold":1,"neow_bonus":"THREE_ENEMY_KILL","is_prod":false,"is_daily":false,"chose_seed":false,"campfire_upgraded":9,"win_rate":0,"timestamp":1554130780,"path_taken":["M","$","?","?","$","E","R","E","T","R","M","M","R","M","R","BOSS","M","M","?","$","?","E","R","?","T","R","?","?","?","?","R","BOSS","M","?","?","?","M","R","$","E","T","R","M","?","R","M","R","BOSS"],"build_version":"2019-01-23","purchased_purges":2,"victory":true,"max_hp_per_floor":[80,80,80,80,80,80,80,80,80,80,80,80,80,80,80,80,80,80,80,80,80,80,80,80,80,80,80,80,80,80,80,80,80,80,80,94,94,94,94,94,94,94,94,94,94,94,94,94,94,94],"card_choices":[{"not_picked":["Inflame","Cleave"],"picked":"Clothesline","floor":1.0},{"not_picked":["Clothesline","Flex"],"picked":"True Grit","floor":6.0},{"not_picked":["Clash","Blood for Blood","Perfected Strike"],"picked":"SKIP","floor":8.0},{"not_picked":["Anger","Sword Boomerang","Sever Soul"],"picked":"SKIP","floor":11.0},{"not_picked":["Sword Boomerang","Thunderclap"],"picked":"Metallicize","floor":12.0},{"not_picked":["Anger","Thunderclap"],"picked":"Inflame","floor":14.0},{"not_picked":["Bludgeon","Feed"],"picked":"Offering","floor":16.0},{"not_picked":["Twin Strike","Headbutt"],"picked":"Inflame","floor":18.0},{"not_picked":["Body Slam","Burning Pact","Armaments"],"picked":"SKIP","floor":19.0},{"not_picked":["Feel No Pain","Burning Pact"],"picked":"Armaments+1","floor":20.0},{"not_picked":["Headbutt","Entrench"],"picked":"Shrug It Off+1","floor":23.0},{"not_picked":["Thunderclap","Power Through"],"picked":"Disarm","floor":28.0},{"not_picked":["Fire Breathing+1","Flex","Flame Barrier"],"picked":"SKIP","floor":30.0},{"not_picked":["Dark Embrace","Brutality"],"picked":"Limit Break","floor":33.0},{"not_picked":["Body Slam+1","Clash+1"],"picked":"Burning Pact+1","floor":35.0},{"not_picked":["Sever Soul+1","Evolve+1"],"picked":"Warcry+1","floor":36},{"not_picked":["Dropkick+1","Pommel Strike"],"picked":"Havoc+1","floor":37},{"not_picked":["Sentinel","True Grit"],"picked":"Shrug It Off","floor":39},{"not_picked":["Iron Wave","Armaments"],"picked":"Heavy Blade","floor":42},{"not_picked":["Clothesline+1","True Grit"],"picked":"Juggernaut","floor":45},{"not_picked":["Twin Strike+1","Flex+1"],"picked":"Havoc+1","floor":48}],"player_experience":78358,"relics_obtained":[{"floor":6.0,"key":"War Paint"},{"floor":8.0,"key":"Blue Candle"},{"floor":9.0,"key":"Darkstone Periapt"},{"floor":20.0,"key":"Champion Belt"},{"floor":20.0,"key":"Mercury Hourglass"},{"floor":23.0,"key":"Magic Flower"},{"floor":26.0,"key":"Gremlin Horn"},{"floor":36,"key":"Mango"},{"floor":37,"key":"Dead Branch"},{"floor":42,"key":"Bronze Scales"},{"floor":43,"key":"Dream Catcher"}],"event_choices":[{"damage_healed":0.0,"max_hp_gain":0.0,"max_hp_loss":0.0,"gold_gain":0.0,"event_name":"Scrap Ooze","player_choice":"Success","floor":3.0,"gold_loss":0.0,"damage_taken":7.0,"relics_obtained":["Ice Cream"]},{"damage_healed":0.0,"max_hp_gain":0.0,"max_hp_loss":0.0,"gold_gain":0.0,"event_name":"The Cleric","player_choice":"Leave","floor":4.0,"gold_loss":0.0,"damage_taken":0.0},{"damage_healed":0.0,"max_hp_gain":0.0,"max_hp_loss":0.0,"gold_gain":0.0,"event_name":"Colosseum","player_choice":"Fight","floor":20.0,"gold_loss":0.0,"damage_taken":0.0},{"damage_healed":0.0,"max_hp_gain":0.0,"max_hp_loss":0.0,"gold_gain":0.0,"event_name":"Colosseum","player_choice":"Fought Nobs","floor":20.0,"gold_loss":0.0,"damage_taken":0.0},{"damage_healed":0.0,"max_hp_gain":0.0,"max_hp_loss":0.0,"gold_gain":0.0,"cards_transformed":["Strike_R","Strike_R"],"event_name":"Drug Dealer","player_choice":"Became Test Subject","floor":22.0,"gold_loss":0.0,"damage_taken":0.0,"cards_obtained":["Exhume","Anger"]},{"damage_healed":0.0,"max_hp_gain":0.0,"max_hp_loss":0.0,"gold_gain":0.0,"event_name":"Upgrade Shrine","player_choice":"Upgraded","floor":25.0,"gold_loss":0.0,"damage_taken":0.0,"cards_upgraded":["Offering"]},{"damage_healed":0.0,"max_hp_gain":0.0,"max_hp_loss":0.0,"gold_gain":0.0,"event_name":"Lab","player_choice":"Got Potions","floor":29.0,"gold_loss":0.0,"damage_taken":0.0},{"damage_healed":0.0,"max_hp_gain":0.0,"max_hp_loss":0.0,"gold_gain":0.0,"event_name":"Nest","player_choice":"Joined the Cult","floor":31.0,"gold_loss":0.0,"damage_taken":6.0,"cards_obtained":["RitualDagger"]},{"damage_healed":0,"gold_gain":0,"player_choice":"Fight","damage_taken":0,"max_hp_gain":0,"max_hp_loss":0,"event_name":"Mysterious Sphere","floor":36,"gold_loss":0},{"damage_healed":0,"gold_gain":0,"player_choice":"Fight","damage_taken":0,"max_hp_gain":0,"max_hp_loss":0,"event_name":"MindBloom","floor":37,"gold_loss":0},{"damage_healed":0,"gold_gain":0,"player_choice":"Ignored","damage_taken":0,"max_hp_gain":0,"max_hp_loss":0,"event_name":"Tomb of Lord Red Mask","floor":38,"gold_loss":0}],"is_beta":false,"boss_relics":[{"not_picked":["Tiny House","White Beast Statue"],"picked":"Ectoplasm"},{"not_picked":["Snecko Eye","Velvet Choker"],"picked":"Black Blood"}],"items_purged_floors":[21,41],"is_endless":false,"potions_floor_spawned":[12,16,20,28,30,36,39,48],"ascension_level":7}