{"gold_per_floor":[109,128,128,140,157,157,191,11,65,65,85,85,100,66,66,162,162,172,50,149,149,161,186,186,197,197,209,227,256,256,30,30,129,129,140,152,170,170,14,14,32,32,103,103,135,75,26,40,40,40],"floor_reached":51,"playtime":8361,"items_purged":["Decay"],"score":896,"play_id":"3ac342e6-3f71-4402-a139-54616d476e2e","local_time":"20190530230608","is_ascension_mode":true,"campfire_choices":[{"floor":6.0,"key":"REST"},{"data":"Apotheosis","floor":10.0,"key":"SMITH"},{"floor":12.0,"key":"REST"},{"data":"Caltrops","floor":15.0,"key":"SMITH"},{"floor":24.0,"key":"REST"},{"floor":32.0,"key":"REST"},{"floor":40.0,"key":"REST"},{"floor":44.0,"key":"REST"},{"floor":49,"key":"REST"}],"neow_cost":"TEN_PERCENT_HP_LOSS","seed_source_timestamp":130394186403400,"circlet_count":0,"master_deck":["Defend_G","Defend_G","Defend_G","Defend_G","Strike_G","Strike_G","Strike_G","Strike_G","Survivor","Neutralize","Blur","Crippling Poison+1","Quick Slash+1","Blur","Blur","Apotheosis+1","Deflect","Dagger Throw+1","Caltrops+1","Adrenaline","PiercingWail+1","Well Laid Plans+1","Deadly Poison","Acrobatics+1","Bane","Deadly Poison","Crippling Poison","Bouncing Flask","Distraction","Prepared+1","Die Die Die","Corpse Explosion"],"special_seed":0,"relics":["Ring of the Snake","Ice Cream","Blood Vial","Tiny Chest","Lizard Tail","Lantern","Mercury Hourglass","Potion Belt","Snake Skull","Busted Crown","Whetstone","Singing Bowl","Centennial Puzzle"],"potions_floor_usage":[50,50],"damage_taken":[{"damage":4.0,"enemies":"Small Slimes","floor":1.0,"turns":4.0},{"damage":1.0,"enemies":"Cultist","floor":2.0,"turns":4.0},{"damage":2.0,"enemies":"2 Louse","floor":4.0,"turns":2.0},{"damage":17.0,"enemies":"Gremlin Gang","floor":5.0,"turns":3.0},{"damage":22.0,"enemies":"Gremlin Nob","floor":7.0,"turns":5.0},{"damage":1.0,"enemies":"Blue Slaver","floor":11.0,"turns":5.0},{"damage":0.0,"enemies":"Looter","floor":13.0,"turns":3.0},{"damage":6.0,"enemies":"Hexaghost","floor":16.0,"turns":13.0},{"damage":25.0,"enemies":"2 Thieves","floor":18.0,"turns":5.0},{"damage":2.0,"enemies":"Spheric Guardian","floor":22.0,"turns":8.0},{"damage":0.0,"enemies":"Gremlin Leader","floor":23.0,"turns":7.0},{"damage":1.0,"enemies":"Snake Plant","floor":25.0,"turns":4.0},{"damage":15.0,"enemies":"Sentry and Sphere","floor":27.0,"turns":8.0},{"damage":4.0,"enemies":"3 Cultists","floor":28.0,"turns":4.0},{"damage":29.0,"enemies":"Book of Stabbing","floor":29.0,"turns":6.0},{"damage":48.0,"enemies":"Automaton","floor":33.0,"turns":13.0},{"damage":0.0,"enemies":"3 Shapes","floor":35.0,"turns":4.0},{"damage":8.0,"enemies":"Orb Walker","floor":36.0,"turns":4.0},{"damage":30.0,"enemies":"Transient","floor":37.0,"turns":5.0},{"damage":5.0,"enemies":"Spire Growth","floor":41.0,"turns":5.0},{"damage":35.0,"enemies":"Reptomancer","floor":45.0,"turns":7.0},{"damage":3,"enemies":"Writhing Mass","floor":48,"turns":7},{"damage":30,"enemies":"Donu and Deca","floor":50,"turns":7}],"seed_played":"2698987925654159523","potions_obtained":[{"floor":2.0,"key":"Energy Potion"},{"floor":4.0,"key":"FearPotion"},{"floor":5.0,"key":"GhostInAJar"},{"floor":11.0,"key":"Swift Potion"},{"floor":18.0,"key":"LiquidBronze"},{"floor":25.0,"key":"Strength Potion"},{"floor":28.0,"key":"Energy Potion"},{"floor":33.0,"key":"AttackPotion"},{"floor":35.0,"key":"GamblersBrew"},{"floor":37.0,"key":"Ancient Potion"}],"is_trial":false,"path_per_floor":["M","M","?","M","M","R","E","$","T","R","M","R","M","$","R","B",null,"M","$","?","?","M","E","R","M","T","M","M","E","?","$","R","B",null,"M","M","M","?","$","R","M","?","T","R","E","?","$","M","R","B",null],"character_chosen":"THE_SILENT","items_purchased":["Apotheosis","Caltrops","Well Laid Plans","Deadly Poison","Snake Skull","Whetstone","Dexterity Potion"],"campfire_rested":7,"item_purchase_floors":[8,14,19,19,31,39,47],"current_hp_per_floor":[59,58,58,56,39,57,35,35,35,35,36,54,56,56,56,52,60,37,37,37,37,37,39,57,58,58,45,43,16,16,16,34,31,55,57,51,23,23,23,41,38,38,38,56,25,25,25,26,46,18],"gold":40,"neow_bonus":"ONE_RARE_RELIC","is_prod":false,"is_daily":false,"chose_seed":false,"campfire_upgraded":2,"win_rate":0,"timestamp":1559282768,"path_taken":["M","M","?","M","M","R","E","$","T","R","M","R","M","?","R","BOSS","M","$","?","?","M","E","R","?","T","M","M","E","?","$","R","BOSS","M","M","M","?","?","R","M","?","T","R","E","?","$","?","R","BOSS"],"build_version":"2019-01-23","purchased_purges":1,"victory":true,"max_hp_per_floor":[63,63,63,63,63,63,63,63,63,63,63,63,63,63,63,63,63,63,63,63,63,63,63,63,63,63,63,63,63,63,63,63,63,63,63,63,63,63,63,63,63,63,63,63,65,65,65,67,67,67],"card_choices":[{"not_picked":["Bane","Finisher"],"picked":"Blur","floor":1.0},{"not_picked":["Prepared","Skewer"],"picked":"Crippling Poison","floor":2.0},{"not_picked":["Underhanded Strike","Unload"],"picked":"Quick Slash","floor":4.0},{"not_picked":["Flechettes","Prepared"],"picked":"Blur","floor":5.0},{"not_picked":["Flying Knee","Dodge and Roll"],"picked":"Blur","floor":7.0},{"not_picked":["Predator","Finisher"],"picked":"Deflect","floor":11.0},{"not_picked":["Accuracy","Wraith Form v2"],"picked":"Dagger Throw","floor":13.0},{"not_picked":["Tools of the Trade","Die Die Die"],"picked":"Adrenaline","floor":16.0},{"not_picked":["Dagger Throw","Prepared+1"],"picked":"PiercingWail+1","floor":18.0},{"not_picked":["All Out Attack","Underhanded Strike"],"picked":"Acrobatics+1","floor":22.0},{"not_picked":["Riddle With Holes","Flechettes"],"picked":"Bane","floor":23.0},{"not_picked":["Quick Slash","Cloak And Dagger+1","Underhanded Strike"],"picked":"SKIP","floor":25.0},{"not_picked":["Prepared","Bane"],"picked":"Deadly Poison","floor":27.0},{"not_picked":["Phantasmal Killer","Cloak And Dagger"],"picked":"Crippling Poison","floor":28.0},{"not_picked":["Flechettes","Underhanded Strike","Bane"],"picked":"SKIP","floor":29.0},{"not_picked":[],"picked":"Bouncing Flask","floor":35.0},{"not_picked":[],"picked":"Prepared","floor":36.0},{"not_picked":[],"picked":"Distraction","floor":37.0},{"not_picked":[],"picked":"Prepared+1","floor":41.0},{"not_picked":["Prepared+1"],"picked":"Singing Bowl","floor":45.0},{"not_picked":["Terror+1"],"picked":"Singing Bowl","floor":48}],"player_experience":159847,"relics_obtained":[{"floor":7.0,"key":"Blood Vial"},{"floor":9.0,"key":"Tiny Chest"},{"floor":23.0,"key":"Lantern"},{"floor":26.0,"key":"Mercury Hourglass"},{"floor":29.0,"key":"Potion Belt"},{"floor":43.0,"key":"Singing Bowl"},{"floor":45.0,"key":"Centennial Puzzle"}],"event_choices":[{"damage_healed":0.0,"max_hp_gain":0.0,"max_hp_loss":0.0,"gold_gain":0.0,"event_name":"Upgrade Shrine","player_choice":"Upgraded","floor":3.0,"gold_loss":0.0,"damage_taken":0.0,"cards_upgraded":["Crippling Poison"]},{"damage_healed":0.0,"max_hp_gain":0.0,"max_hp_loss":0.0,"gold_gain":99.0,"event_name":"Nest","player_choice":"Stole From Cult","floor":20.0,"gold_loss":0.0,"damage_taken":0.0},{"damage_healed":0.0,"max_hp_gain":0.0,"max_hp_loss":0.0,"gold_gain":0.0,"event_name":"Accursed Blacksmith","player_choice":"Forge","floor":21.0,"gold_loss":0.0,"damage_taken":0.0,"cards_upgraded":["Well Laid Plans"]},{"damage_healed":0.0,"max_hp_gain":0.0,"max_hp_loss":0.0,"gold_gain":0.0,"event_name":"Forgotten Altar","player_choice":"Smashed Altar","floor":30.0,"gold_loss":0.0,"damage_taken":0.0,"cards_obtained":["Decay"]},{"damage_healed":0.0,"max_hp_gain":0.0,"max_hp_loss":0.0,"gold_gain":0.0,"event_name":"Mysterious Sphere","player_choice":"Ignored","floor":38.0,"gold_loss":0.0,"damage_taken":0.0},{"cards_removed":["Prepared"],"damage_healed":0.0,"max_hp_gain":0.0,"max_hp_loss":0.0,"gold_gain":0.0,"event_name":"Falling","player_choice":"Removed Skill","floor":42.0,"gold_loss":0.0,"damage_taken":0.0},{"damage_healed":0.0,"max_hp_gain":0.0,"max_hp_loss":0.0,"gold_gain":0.0,"cards_transformed":["Defend_G","Strike_G"],"event_name":"Designer","player_choice":"Transformed Cards","floor":46.0,"gold_loss":60.0,"damage_taken":0.0,"cards_obtained":["Die Die Die","Corpse Explosion"]}],"is_beta":false,"boss_relics":[{"not_picked":["Philosopher\u0027s Stone","Ectoplasm"],"picked":"Lizard Tail"},{"not_picked":["Runic Dome","Pandora\u0027s Box"],"picked":"Busted Crown"}],"items_purged_floors":[31],"is_endless":false,"potions_floor_spawned":[2,4,5,11,18,22,25,28,33,35,37],"ascension_level":5}