{"gold_per_floor":[119,119,119,119,138,138,149,149,149,149,168,187,236,266,266,266],"floor_reached":16,"playtime":824,"items_purged":[],"score":170,"play_id":"f751bdb3-e09b-46a5-b677-acb6c67b9801","local_time":"20190412192231","is_ascension_mode":true,"campfire_choices":[{"data":"Bash","floor":6,"key":"SMITH"},{"data":"Twin Strike","floor":8,"key":"SMITH"},{"data":"Shrug It Off","floor":10,"key":"SMITH"},{"data":"True Grit","floor":15,"key":"SMITH"}],"neow_cost":"PERCENT_DAMAGE","seed_source_timestamp":456705722010,"circlet_count":0,"master_deck":["AscendersBane","Strike_R","Strike_R","Strike_R","Strike_R","Strike_R","Defend_R","Defend_R","Defend_R","Defend_R","Bash+1","Shrug It Off+1","Twin Strike+1","Shockwave","Flame Barrier","True Grit+1"],"relics":["Burning Blood","Bird Faced Urn","Smiling Mask","Meat on the Bone","Boot","Ancient Tea Set","Mummified Hand"],"potions_floor_usage":[14,16],"damage_taken":[{"damage":2,"enemies":"Jaw Worm","floor":1,"turns":3},{"damage":6,"enemies":"Cultist","floor":5,"turns":4},{"damage":0,"enemies":"Small Slimes","floor":7,"turns":3},{"damage":4,"enemies":"3 Louse","floor":11,"turns":4},{"damage":27,"enemies":"Exordium Thugs","floor":12,"turns":5},{"damage":25,"enemies":"3 Sentries","floor":14,"turns":8},{"damage":43,"enemies":"Slime Boss","floor":16,"turns":11}],"seed_played":"-5144294430681318443","potions_obtained":[{"floor":1,"key":"FairyPotion"},{"floor":7,"key":"Swift Potion"},{"floor":12,"key":"AttackPotion"}],"is_trial":false,"path_per_floor":["M","$","?","T","M","R","M","R","T","R","M","M","T","E","R","B"],"character_chosen":"IRONCLAD","items_purchased":[],"campfire_rested":0,"item_purchase_floors":[],"current_hp_per_floor":[54,54,51,51,51,51,57,57,57,57,59,50,50,43,43,0],"gold":266,"neow_bonus":"ONE_RARE_RELIC","is_prod":false,"is_daily":false,"chose_seed":false,"campfire_upgraded":4,"win_rate":0,"timestamp":1555089751,"path_taken":["M","$","?","?","M","R","M","R","T","R","?","M","?","E","R","BOSS"],"build_version":"2019-01-23","purchased_purges":0,"victory":false,"max_hp_per_floor":[75,75,75,75,75,75,75,75,75,75,75,75,75,75,75,75],"card_choices":[{"not_picked":["Pummel","Warcry"],"picked":"Shrug It Off","floor":1},{"not_picked":["Sentinel","Flex"],"picked":"Twin Strike","floor":5},{"not_picked":["Headbutt","Barricade"],"picked":"Shockwave","floor":7},{"not_picked":["Clothesline","Clash","Second Wind"],"picked":"SKIP","floor":11},{"not_picked":["Clothesline","Clash","Second Wind"],"picked":"SKIP","floor":11},{"not_picked":["Clothesline","Clash","Second Wind"],"picked":"SKIP","floor":11},{"not_picked":["Wild Strike","Clothesline"],"picked":"Flame Barrier","floor":12},{"not_picked":["Shrug It Off","Second Wind"],"picked":"True Grit","floor":14}],"player_experience":123556,"relics_obtained":[{"floor":4,"key":"Meat on the Bone"},{"floor":9,"key":"Boot"},{"floor":13,"key":"Ancient Tea Set"},{"floor":14,"key":"Mummified Hand"}],"event_choices":[{"damage_healed":0,"gold_gain":0,"player_choice":"Success","damage_taken":3,"relics_obtained":["Smiling Mask"],"max_hp_gain":0,"max_hp_loss":0,"event_name":"Scrap Ooze","floor":3,"gold_loss":0}],"is_beta":false,"boss_relics":[],"items_purged_floors":[],"is_endless":false,"potions_floor_spawned":[1,7,12],"killed_by":"Slime Boss","ascension_level":14}