{"gold_per_floor":[115,133,153,153,153,153,491,491,491,535,556,580,623,44,44,133,133,154,154,170,220,235,235,256,256,256,256,272,285,285,26,26,102,102,112,162,174,1173,455,455,475,475,499,499,499,499,514,531,531,531,531,531,167,195,195],"floor_reached":55,"playtime":5527,"items_purged":["Normality","Normality"],"score":1321,"play_id":"03ceb172-80b0-4240-961c-eda2dd8ea367","local_time":"20190521124701","is_ascension_mode":true,"campfire_choices":[{"data":"Noxious Fumes","floor":6.0,"key":"SMITH"},{"data":"Neutralize","floor":8.0,"key":"SMITH"},{"data":"Apotheosis","floor":15.0,"key":"SMITH"},{"data":"Backflip","floor":23.0,"key":"SMITH"},{"floor":30.0,"key":"RECALL"},{"floor":32.0,"key":"REST"},{"data":"After Image","floor":40.0,"key":"SMITH"},{"data":"Footwork","floor":45.0,"key":"SMITH"},{"floor":49.0,"key":"REST"},{"data":"Noxious Fumes","floor":52.0,"key":"SMITH"}],"neow_cost":"TEN_PERCENT_HP_LOSS","seed_source_timestamp":3499982035883579,"circlet_count":0,"master_deck":["AscendersBane","Defend_G","Defend_G","Defend_G","Defend_G","Strike_G","Strike_G","Strike_G","Strike_G","Survivor","Neutralize+1","Well Laid Plans","Noxious Fumes+1","Outmaneuver","Calculated Gamble","Backflip+1","Sucker Punch","Prepared","Burst","Apotheosis+1","Dash+1","After Image+1","Necronomicurse","Bouncing Flask","Noxious Fumes+1","Footwork+1","RitualDagger+1","Footwork","Doppelganger","Mayhem","Chrysalis","Leg Sweep","Dash+1"],"special_seed":0,"relics":["Ring of the Snake","Bloody Idol","Old Coin","Mercury Hourglass","Happy Flower","Dead Branch","Molten Egg 2","Sozu","Necronomicon","Bottled Flame","Bag of Preparation","Snecko Eye","Paper Crane","Strawberry","Ice Cream","Mummified Hand","Vajra"],"potions_floor_usage":[],"damage_taken":[{"damage":1.0,"enemies":"Cultist","floor":1.0,"turns":4.0},{"damage":3.0,"enemies":"Small Slimes","floor":2.0,"turns":4.0},{"damage":2.0,"enemies":"Jaw Worm","floor":3.0,"turns":5.0},{"damage":20.0,"enemies":"3 Sentries","floor":7.0,"turns":10.0},{"damage":8.0,"enemies":"Lagavulin","floor":10.0,"turns":9.0},{"damage":0.0,"enemies":"Red Slaver","floor":11.0,"turns":5.0},{"damage":0.0,"enemies":"2 Fungi Beasts","floor":12.0,"turns":3.0},{"damage":3.0,"enemies":"Gremlin Nob","floor":13.0,"turns":5.0},{"damage":0.0,"enemies":"Hexaghost","floor":16.0,"turns":10.0},{"damage":0.0,"enemies":"Spheric Guardian","floor":18.0,"turns":6.0},{"damage":0.0,"enemies":"3 Byrds","floor":20.0,"turns":6.0},{"damage":0.0,"enemies":"Centurion and Healer","floor":22.0,"turns":5.0},{"damage":0.0,"enemies":"3 Cultists","floor":24.0,"turns":5.0},{"damage":0.0,"enemies":"Snecko","floor":28.0,"turns":5.0},{"damage":0.0,"enemies":"Chosen and Byrds","floor":29.0,"turns":7.0},{"damage":18.0,"enemies":"Champ","floor":33.0,"turns":10.0},{"damage":0.0,"enemies":"Orb Walker","floor":35.0,"turns":4.0},{"damage":6.0,"enemies":"3 Darklings","floor":37.0,"turns":6.0},{"damage":7.0,"enemies":"Maw","floor":41.0,"turns":7.0},{"damage":24.0,"enemies":"Spire Growth","floor":47.0,"turns":5.0},{"damage":13.0,"enemies":"Writhing Mass","floor":48.0,"turns":6.0},{"damage":20.0,"enemies":"Time Eater","floor":50.0,"turns":13.0},{"damage":23.0,"enemies":"Shield and Spear","floor":54.0,"turns":6.0},{"damage":36,"enemies":"The Heart","floor":55,"turns":9}],"seed_played":"-2854981863842942429","potions_obtained":[{"floor":2.0,"key":"EntropicBrew"},{"floor":7.0,"key":"Energy Potion"},{"floor":12.0,"key":"PowerPotion"},{"floor":13.0,"key":"Block Potion"}],"is_trial":false,"path_per_floor":["M","M","M","$","?","R","E","R","T","E","M","M","E","$","R","B",null,"M","?","M","?","M","R","M","?","T","?","M","M","R","$","R","B",null,"M","?","M","?","$","R","M","T","T","?","R","?","M","M","R","B",null,"R","$","E","B"],"character_chosen":"THE_SILENT","items_purchased":["Apotheosis","Molten Egg 2","Dash+1","Bag of Preparation","Footwork","Paper Crane","Strawberry","Mayhem","Mummified Hand"],"campfire_rested":2,"item_purchase_floors":[14,14,14,31,31,39,39,39,53],"current_hp_per_floor":[58,55,53,53,53,53,33,33,33,25,25,25,22,22,22,22,46,46,25,25,25,25,25,25,25,25,19,24,29,29,29,45,32,49,54,54,53,54,61,61,59,59,61,61,61,61,42,34,52,32,54,54,54,36,0],"gold":195,"neow_bonus":"REMOVE_TWO","is_prod":false,"is_daily":false,"chose_seed":false,"campfire_upgraded":7,"win_rate":0,"timestamp":1558468021,"path_taken":["M","M","M","$","?","R","E","R","T","E","M","M","E","$","R","BOSS","M","?","M","?","M","R","?","?","T","?","?","M","R","$","R","BOSS","M","?","?","?","$","R","M","?","T","?","R","?","M","?","R","BOSS","R","$","E","BOSS"],"build_version":"2019-01-23","purchased_purges":2,"victory":false,"max_hp_per_floor":[60,60,60,60,54,54,54,54,54,54,54,54,54,54,54,54,54,54,54,54,54,54,54,54,54,54,54,54,54,54,54,54,54,54,54,54,54,54,61,61,61,61,61,61,61,61,61,61,61,61,61,61,61,61,61],"card_choices":[{"not_picked":["Bane","Outmaneuver"],"picked":"Well Laid Plans","floor":1.0},{"not_picked":["Blade Dance","Eviscerate"],"picked":"Noxious Fumes","floor":2.0},{"not_picked":["Dodge and Roll","Underhanded Strike"],"picked":"Outmaneuver","floor":3.0},{"not_picked":["Choke","Riddle With Holes"],"picked":"Calculated Gamble","floor":7.0},{"not_picked":["Slice","Blade Dance"],"picked":"Backflip","floor":10.0},{"not_picked":["Flying Knee","Riddle With Holes"],"picked":"Sucker Punch","floor":11.0},{"not_picked":["Endless Agony","Choke"],"picked":"Prepared","floor":12.0},{"not_picked":["Dodge and Roll","Calculated Gamble"],"picked":"Burst","floor":13.0},{"not_picked":["Venomology","Bullet Time"],"picked":"After Image","floor":16.0},{"not_picked":["Outmaneuver","Well Laid Plans","Dagger Throw+1"],"picked":"SKIP","floor":18.0},{"not_picked":["Blade Dance","Flying Knee+1"],"picked":"Bouncing Flask","floor":20.0},{"not_picked":["Riddle With Holes+1","Acrobatics"],"picked":"Noxious Fumes","floor":22.0},{"not_picked":["Underhanded Strike+1","Backflip"],"picked":"Footwork","floor":24.0},{"not_picked":["Acrobatics","Underhanded Strike+1","Blade Dance"],"picked":"SKIP","floor":28.0},{"not_picked":["Underhanded Strike+1","Quick Slash+1","Prepared"],"picked":"SKIP","floor":29.0},{"not_picked":["A Thousand Cuts","Die Die Die+1"],"picked":"Doppelganger","floor":33.0},{"not_picked":["Bane+1","Endless Agony+1","Deflect"],"picked":"SKIP","floor":35.0},{"not_picked":["Quick Slash+1","Poisoned Stab+1","Bane+1"],"picked":"SKIP","floor":37.0},{"not_picked":["Quick Slash+1","Setup","Eviscerate+1"],"picked":"SKIP","floor":41.0},{"not_picked":["Master of Strategy","Secret Weapon"],"picked":"Chrysalis","floor":46.0},{"not_picked":["Heel Hook+1","Accuracy+1","Prepared"],"picked":"SKIP","floor":47.0},{"not_picked":["Catalyst","Masterful Stab+1"],"picked":"Leg Sweep","floor":48.0},{"not_picked":["Well Laid Plans","Acrobatics"],"picked":"Dash+1","floor":54.0}],"player_experience":681904,"relics_obtained":[{"floor":7.0,"key":"Old Coin"},{"floor":9.0,"key":"Mercury Hourglass"},{"floor":10.0,"key":"Happy Flower"},{"floor":13.0,"key":"Dead Branch"},{"floor":19.0,"key":"Necronomicon"},{"floor":26.0,"key":"Bottled Flame"},{"floor":42.0,"key":"Ice Cream"},{"floor":54.0,"key":"Vajra"}],"event_choices":[{"damage_healed":0.0,"max_hp_gain":0.0,"max_hp_loss":6.0,"gold_gain":0.0,"event_name":"Golden Idol","player_choice":"Lose Max HP","floor":5.0,"gold_loss":0.0,"damage_taken":0.0,"relics_obtained":["Golden Idol"]},{"damage_healed":0.0,"max_hp_gain":0.0,"max_hp_loss":0.0,"gold_gain":0.0,"event_name":"Cursed Tome","player_choice":"Obtained Book","floor":19.0,"gold_loss":0.0,"damage_taken":21.0},{"damage_healed":0.0,"max_hp_gain":0.0,"max_hp_loss":0.0,"gold_gain":50.0,"event_name":"Golden Shrine","player_choice":"Pray","floor":21.0,"gold_loss":0.0,"damage_taken":0.0},{"damage_healed":0.0,"max_hp_gain":0.0,"max_hp_loss":0.0,"gold_gain":0.0,"event_name":"Forgotten Altar","player_choice":"Gave Idol","floor":25.0,"relics_lost":["Golden Idol"],"gold_loss":0.0,"damage_taken":0.0,"relics_obtained":["Bloody Idol"]},{"damage_healed":0.0,"max_hp_gain":0.0,"max_hp_loss":0.0,"gold_gain":0.0,"event_name":"Nest","player_choice":"Joined the Cult","floor":27.0,"gold_loss":0.0,"damage_taken":6.0,"cards_obtained":["RitualDagger"]},{"damage_healed":0.0,"max_hp_gain":0.0,"max_hp_loss":0.0,"gold_gain":50.0,"event_name":"Golden Shrine","player_choice":"Pray","floor":36.0,"gold_loss":0.0,"damage_taken":0.0},{"damage_healed":0.0,"max_hp_gain":0.0,"max_hp_loss":0.0,"gold_gain":999.0,"event_name":"MindBloom","player_choice":"Gold","floor":38.0,"gold_loss":0.0,"damage_taken":0.0,"cards_obtained":["Normality","Normality"]},{"damage_healed":0.0,"max_hp_gain":0.0,"max_hp_loss":0.0,"gold_gain":0.0,"event_name":"Tomb of Lord Red Mask","player_choice":"Ignored","floor":44.0,"gold_loss":0.0,"damage_taken":0.0},{"damage_healed":0.0,"max_hp_gain":0.0,"max_hp_loss":0.0,"gold_gain":0.0,"event_name":"SensoryStone","player_choice":"Memory 1","floor":46.0,"gold_loss":0.0,"damage_taken":0.0}],"is_beta":false,"boss_relics":[{"not_picked":["WristBlade","Eternal Feather"],"picked":"Sozu"},{"not_picked":["Tiny House","Runic Dome"],"picked":"Snecko Eye"}],"items_purged_floors":[39,53],"is_endless":false,"potions_floor_spawned":[2,3,7,12,13,16,24,29,48],"killed_by":"The Heart","ascension_level":17}