{"gold_per_floor":[112,127,127,147,222,222,255,272,272,272,290,290,302,313,313,313],"floor_reached":16,"playtime":491,"items_purged":[],"score":140,"play_id":"71c5ef25-0238-49e7-94ac-0fdb53172b6a","local_time":"20190323013954","is_ascension_mode":true,"campfire_choices":[{"data":"Bash","floor":6,"key":"SMITH"},{"data":"Feel No Pain","floor":10,"key":"SMITH"},{"data":"Armaments","floor":12,"key":"SMITH"},{"floor":15,"key":"REST"}],"neow_cost":"NONE","seed_source_timestamp":7353457572376,"circlet_count":0,"master_deck":["Strike_R","Strike_R","Strike_R","Strike_R","Strike_R","Defend_R","Defend_R","Defend_R","Defend_R","Bash+1","Feel No Pain+1","Twin Strike","Disarm","Disarm","Dropkick","Armaments+1","True Grit","Battle Trance","Impervious","Ghostly Armor"],"relics":["Burning Blood","NeowsBlessing","Kunai","Prayer Wheel","Turnip"],"potions_floor_usage":[],"damage_taken":[{"damage":0,"enemies":"Cultist","floor":1,"turns":1},{"damage":0,"enemies":"Small Slimes","floor":2,"turns":1},{"damage":0,"enemies":"Jaw Worm","floor":4,"turns":1},{"damage":32,"enemies":"Gremlin Nob","floor":7,"turns":4},{"damage":8,"enemies":"Blue Slaver","floor":8,"turns":6},{"damage":12,"enemies":"2 Fungi Beasts","floor":11,"turns":4},{"damage":18,"enemies":"Lots of Slimes","floor":13,"turns":7},{"damage":8,"enemies":"Blue Slaver","floor":14,"turns":3},{"damage":47,"enemies":"Slime Boss","floor":16,"turns":15}],"seed_played":"-9187644054821103129","potions_obtained":[{"floor":1,"key":"LiquidBronze"},{"floor":4,"key":"GamblersBrew"},{"floor":11,"key":"Ancient Potion"}],"is_trial":false,"path_per_floor":["M","M","?","M","?","R","E","M","T","R","M","R","M","M","R","B"],"character_chosen":"IRONCLAD","items_purchased":[],"campfire_rested":1,"item_purchase_floors":[],"current_hp_per_floor":[78,80,73,79,68,68,42,40,40,40,34,34,22,20,44,0],"gold":313,"neow_bonus":"THREE_ENEMY_KILL","is_prod":false,"is_daily":false,"chose_seed":false,"campfire_upgraded":3,"win_rate":0,"timestamp":1553301594,"path_taken":["M","?","?","M","?","R","E","M","T","R","M","R","M","?","R","BOSS"],"build_version":"2019-01-23","purchased_purges":0,"victory":false,"max_hp_per_floor":[80,80,80,80,80,80,80,80,80,80,80,80,80,80,80,80],"card_choices":[{"not_picked":["Ghostly Armor","Sword Boomerang"],"picked":"Feel No Pain","floor":1},{"not_picked":["Havoc","Sword Boomerang"],"picked":"Twin Strike","floor":2},{"not_picked":["Clash","Havoc"],"picked":"Disarm","floor":4},{"not_picked":["Dual Wield","Intimidate"],"picked":"Disarm","floor":7},{"not_picked":["Twin Strike","Havoc"],"picked":"Dropkick","floor":8},{"not_picked":["True Grit","Reckless Charge","Wild Strike"],"picked":"SKIP","floor":8},{"not_picked":["Pummel","Twin Strike"],"picked":"Armaments","floor":11},{"not_picked":["Flex","Twin Strike"],"picked":"True Grit","floor":11},{"not_picked":["Armaments","Blood for Blood"],"picked":"Battle Trance","floor":13},{"not_picked":["Clash","Bloodletting"],"picked":"Impervious","floor":13},{"not_picked":["Blood for Blood","Warcry"],"picked":"Ghostly Armor","floor":14},{"not_picked":["Pommel Strike","Clash","Combust"],"picked":"SKIP","floor":14}],"player_experience":75305,"relics_obtained":[{"floor":7,"key":"Prayer Wheel"},{"floor":9,"key":"Turnip"}],"event_choices":[{"damage_healed":0,"gold_gain":0,"player_choice":"Success","damage_taken":7,"relics_obtained":["Kunai"],"max_hp_gain":0,"max_hp_loss":0,"event_name":"Scrap Ooze","floor":3,"gold_loss":0},{"damage_healed":0,"gold_gain":75,"player_choice":"Gather Gold","damage_taken":11,"max_hp_gain":0,"max_hp_loss":0,"event_name":"World of Goop","floor":5,"gold_loss":0}],"is_beta":false,"boss_relics":[],"items_purged_floors":[],"is_endless":false,"potions_floor_spawned":[1,4,11,14],"killed_by":"Slime Boss","ascension_level":7}