{"gold_per_floor":[116,135,146,1,12,12,23,23,23,23,23,39,39,73,73,176,176,192,208,208,224,235,235,235],"floor_reached":24,"playtime":1289,"items_purged":[],"score":240,"play_id":"2d13e54e-d472-4c58-a081-25aacc58499f","local_time":"20190405213429","is_ascension_mode":true,"campfire_choices":[{"data":"Neutralize","floor":6,"key":"SMITH"},{"data":"Magnetism","floor":8,"key":"SMITH"},{"floor":10,"key":"DIG"},{"data":"Accuracy","floor":13,"key":"SMITH"},{"data":"Blade Dance","floor":15,"key":"SMITH"},{"data":"Blade Dance","floor":23,"key":"SMITH"}],"neow_cost":"TEN_PERCENT_HP_LOSS","seed_source_timestamp":2107355841988,"circlet_count":0,"master_deck":["Defend_G","Defend_G","Defend_G","Defend_G","Defend_G","Strike_G","Strike_G","Strike_G","Strike_G","Strike_G","Survivor","Neutralize+1","Magnetism+1","Deep Breath","Accuracy+1","Heel Hook","Blade Dance+1","Dagger Spray","Well Laid Plans","Blade Dance+1","Glass Knife","Die Die Die","Dash+1","Deflect+1"],"relics":["Ring of the Snake","Oddly Smooth Stone","Shovel","Bottled Lightning","Torii","Black Star"],"potions_floor_usage":[5,7,14,21,24],"damage_taken":[{"damage":0,"enemies":"Cultist","floor":1,"turns":3},{"damage":4,"enemies":"Jaw Worm","floor":2,"turns":6},{"damage":4,"enemies":"2 Louse","floor":3,"turns":4},{"damage":7,"enemies":"Exordium Wildlife","floor":5,"turns":3},{"damage":0,"enemies":"Gremlin Gang","floor":7,"turns":2},{"damage":3,"enemies":"Blue Slaver","floor":12,"turns":4},{"damage":1,"enemies":"3 Sentries","floor":14,"turns":3},{"damage":22,"enemies":"The Guardian","floor":16,"turns":9},{"damage":23,"enemies":"2 Thieves","floor":18,"turns":3},{"damage":0,"enemies":"Chosen","floor":19,"turns":4},{"damage":12,"enemies":"Shelled Parasite and Fungi","floor":21,"turns":3},{"damage":15,"enemies":"Cultist and Chosen","floor":22,"turns":7},{"damage":51,"enemies":"Slavers","floor":24,"turns":4}],"seed_played":"104368634194552785","potions_obtained":[{"floor":1,"key":"FearPotion"},{"floor":2,"key":"Explosive Potion"},{"floor":3,"key":"Fruit Juice"},{"floor":5,"key":"SteroidPotion"},{"floor":18,"key":"FairyPotion"},{"floor":22,"key":"SteroidPotion"}],"is_trial":false,"path_per_floor":["M","M","M","$","M","R","M","R","T","R","?","M","R","E","R","B",null,"M","M","?","M","M","R","E"],"character_chosen":"THE_SILENT","items_purchased":["Oddly Smooth Stone"],"campfire_rested":0,"item_purchase_floors":[4],"current_hp_per_floor":[63,59,55,55,53,53,53,53,53,53,53,50,50,49,49,27,68,45,45,67,55,40,40,0],"gold":235,"neow_bonus":"RANDOM_COLORLESS_2","is_prod":false,"is_daily":false,"chose_seed":false,"campfire_upgraded":5,"win_rate":0,"timestamp":1554492869,"path_taken":["M","?","M","$","M","R","M","R","T","R","?","M","R","E","R","BOSS","M","M","?","M","M","R","E"],"build_version":"2019-01-23","purchased_purges":0,"victory":false,"max_hp_per_floor":[63,63,63,63,68,68,68,68,68,68,68,68,68,68,68,68,68,68,68,68,68,68,68,68],"card_choices":[{"not_picked":["Blade Dance","Cloak And Dagger"],"picked":"Accuracy","floor":1},{"not_picked":["Crippling Poison","PiercingWail"],"picked":"Heel Hook","floor":2},{"not_picked":["Acrobatics","Reflex"],"picked":"Blade Dance","floor":3},{"not_picked":["Leg Sweep","Slice"],"picked":"Dagger Spray","floor":5},{"not_picked":["Doppelganger","Deadly Poison"],"picked":"Well Laid Plans","floor":7},{"not_picked":["Slice","Underhanded Strike"],"picked":"Blade Dance","floor":12},{"not_picked":["Noxious Fumes","Skewer"],"picked":"Glass Knife","floor":14},{"not_picked":["A Thousand Cuts","Envenom"],"picked":"Die Die Die","floor":16},{"not_picked":["Dagger Throw","Slice"],"picked":"Dash+1","floor":18},{"not_picked":["Slice","Dagger Throw"],"picked":"Deflect+1","floor":19},{"not_picked":["Tactician+1","Bouncing Flask+1","Finisher"],"picked":"SKIP","floor":21},{"not_picked":["Dagger Throw","Bane","Tactician+1"],"picked":"SKIP","floor":22}],"player_experience":88590,"relics_obtained":[{"floor":9,"key":"Shovel"},{"floor":10,"key":"Bottled Lightning"},{"floor":14,"key":"Torii"}],"event_choices":[{"damage_healed":0,"gold_gain":0,"player_choice":"Leave","damage_taken":0,"max_hp_gain":0,"max_hp_loss":0,"event_name":"The Cleric","floor":11,"gold_loss":0},{"damage_healed":22,"gold_gain":0,"player_choice":"Heal","damage_taken":0,"max_hp_gain":0,"max_hp_loss":0,"event_name":"The Library","floor":20,"gold_loss":0}],"is_beta":false,"boss_relics":[{"not_picked":["White Beast Statue","HoveringKite"],"picked":"Black Star"}],"items_purged_floors":[],"is_endless":false,"potions_floor_spawned":[1,2,3,5,18,22],"killed_by":"Slavers","ascension_level":4}