{"gold_per_floor":[114,124,138,158,158,158,187,202,202,202,202],"floor_reached":11,"playtime":389,"items_purged":[],"score":146,"play_id":"9591a385-9a00-480d-a14f-1d16f84c64f4","local_time":"20190607124639","is_ascension_mode":true,"campfire_choices":[{"data":"Flame Barrier","floor":6,"key":"SMITH"}],"neow_cost":"NONE","seed_source_timestamp":1365288445946637,"circlet_count":0,"master_deck":["AscendersBane","Strike_R","Strike_R","Strike_R","Strike_R","Defend_R","Defend_R","Defend_R","Defend_R","Bash","Flame Barrier+1","Shockwave","Power Through","True Grit+1","Pommel Strike","Uppercut","Feel No Pain","Body Slam","Shrug It Off","Shrug It Off","Spot Weakness"],"relics":["Orrery","Bottled Flame"],"potions_floor_usage":[7],"damage_taken":[{"damage":4,"enemies":"Cultist","floor":1,"turns":4},{"damage":3,"enemies":"2 Louse","floor":2,"turns":3},{"damage":3,"enemies":"Small Slimes","floor":3,"turns":4},{"damage":14,"enemies":"Blue Slaver","floor":4,"turns":4},{"damage":38,"enemies":"Gremlin Nob","floor":7,"turns":5},{"damage":7,"enemies":"Exordium Wildlife","floor":8,"turns":6},{"damage":7,"enemies":"3 Louse","floor":11,"turns":1}],"seed_played":"8151207047448904089","potions_obtained":[{"floor":3,"key":"FairyPotion"},{"floor":4,"key":"Explosive Potion"}],"is_trial":false,"path_per_floor":["M","M","M","M","?","R","E","M","T","?","M"],"character_chosen":"IRONCLAD","items_purchased":[],"campfire_rested":0,"item_purchase_floors":[],"current_hp_per_floor":[64,61,58,44,44,44,6,7,7,7,0],"gold":202,"neow_bonus":"BOSS_RELIC","is_prod":false,"is_daily":false,"chose_seed":false,"campfire_upgraded":1,"win_rate":0,"timestamp":1559936799,"path_taken":["M","M","M","M","?","R","E","?","T","?","?"],"build_version":"2019-01-23","purchased_purges":0,"victory":false,"max_hp_per_floor":[75,75,75,75,75,75,75,75,75,75,75],"card_choices":[{"not_picked":["Pommel Strike","Feel No Pain"],"picked":"Flame Barrier","floor":0},{"not_picked":["Wild Strike","Hemokinesis"],"picked":"Shockwave","floor":0},{"not_picked":["Anger","Warcry"],"picked":"Power Through","floor":0},{"not_picked":["Havoc","Dual Wield"],"picked":"True Grit","floor":0},{"not_picked":["Twin Strike","Wild Strike"],"picked":"Pommel Strike","floor":0},{"not_picked":["Cleave","Bloodletting"],"picked":"Uppercut","floor":1},{"not_picked":["Sword Boomerang","Cleave"],"picked":"Feel No Pain","floor":2},{"not_picked":["Infernal Blade","Corruption"],"picked":"Body Slam","floor":3},{"not_picked":["Iron Wave","Cleave"],"picked":"Shrug It Off","floor":4},{"not_picked":["Whirlwind","Disarm"],"picked":"Shrug It Off","floor":7},{"not_picked":["Entrench","Wild Strike"],"picked":"Spot Weakness","floor":8}],"player_experience":827938,"relics_obtained":[{"floor":7,"key":"Bottled Flame"}],"event_choices":[{"damage_healed":0,"gold_gain":0,"player_choice":"Upgraded","damage_taken":0,"max_hp_gain":0,"max_hp_loss":0,"event_name":"Upgrade Shrine","floor":5,"gold_loss":0,"cards_upgraded":["True Grit"]},{"cards_removed":["Strike_R"],"damage_healed":0,"gold_gain":0,"player_choice":"Card Removal","damage_taken":0,"max_hp_gain":0,"max_hp_loss":0,"event_name":"Wheel of Change","floor":10,"gold_loss":0}],"is_beta":false,"boss_relics":[],"items_purged_floors":[],"is_endless":false,"potions_floor_spawned":[3,4],"killed_by":"3 Louse","ascension_level":19}