{"gold_per_floor":[112,126,145,164,177,209,209,238,263,263,263,20,39,67,67,163,163,181,54,65,65,79,79,112,126,173,272,84,96,96,113,113,209,209,220,565,465,482,482,482,515,277,300,300,300],"floor_reached":45,"playtime":4629,"items_purged":["Strike_R","Strike_R"],"score":655,"play_id":"841d8e4a-c01a-44f9-9ff7-71cc5395a59f","local_time":"20190516215012","is_ascension_mode":true,"campfire_choices":[{"floor":7.0,"key":"RECALL"},{"floor":10.0,"key":"REST"},{"data":"Bash","floor":15.0,"key":"SMITH"},{"data":"Armaments","floor":23.0,"key":"SMITH"},{"data":"Inflame","floor":30.0,"key":"SMITH"},{"floor":32.0,"key":"REST"},{"data":"True Grit","floor":40,"key":"SMITH"},{"floor":44,"key":"REST"}],"neow_cost":"NONE","seed_source_timestamp":0,"circlet_count":0,"master_deck":["Strike_R","Strike_R","Defend_R","Defend_R","Defend_R","Bash+1","Shockwave","Anger","Flex","Armaments+1","Anger","Clothesline","Anger","Impervious","Feed","Shrug It Off","Inflame+1","Shrug It Off+1","Ghostly Armor+1","Shrug It Off","Spot Weakness+1","Flame Barrier","Rampage","Anger+1","True Grit+1","Demon Form","Feel No Pain+1"],"special_seed":0,"relics":["Burning Blood","Red Skull","Ice Cream","Ornamental Fan","Bronze Scales","Sozu","PreservedInsect","Juzu Bracelet","Lizard Tail","Old Coin","Blue Candle","Shuriken","Boot"],"potions_floor_usage":[],"damage_taken":[{"damage":11.0,"enemies":"Jaw Worm","floor":1.0,"turns":4.0},{"damage":1.0,"enemies":"Cultist","floor":2.0,"turns":3.0},{"damage":0.0,"enemies":"Small Slimes","floor":3.0,"turns":3.0},{"damage":11.0,"enemies":"Blue Slaver","floor":4.0,"turns":4.0},{"damage":20.0,"enemies":"Exordium Thugs","floor":5.0,"turns":5.0},{"damage":43.0,"enemies":"3 Sentries","floor":6.0,"turns":11.0},{"damage":20.0,"enemies":"Lagavulin","floor":8.0,"turns":4.0},{"damage":12.0,"enemies":"Lots of Slimes","floor":13.0,"turns":3.0},{"damage":23.0,"enemies":"3 Sentries","floor":14.0,"turns":7.0},{"damage":20.0,"enemies":"The Guardian","floor":16.0,"turns":11.0},{"damage":20.0,"enemies":"2 Thieves","floor":18.0,"turns":4.0},{"damage":24.0,"enemies":"Spheric Guardian","floor":20.0,"turns":6.0},{"damage":26.0,"enemies":"Snake Plant","floor":22.0,"turns":4.0},{"damage":22.0,"enemies":"Slavers","floor":24.0,"turns":7.0},{"damage":0.0,"enemies":"3 Cultists","floor":25.0,"turns":5.0},{"damage":6.0,"enemies":"Centurion and Healer","floor":29.0,"turns":5.0},{"damage":0.0,"enemies":"Chosen and Byrds","floor":31.0,"turns":6.0},{"damage":34.0,"enemies":"Champ","floor":33.0,"turns":10.0},{"damage":12.0,"enemies":"Orb Walker","floor":35.0,"turns":4.0},{"damage":98.0,"enemies":"2 Orb Walkers","floor":36.0,"turns":9.0},{"damage":17,"enemies":"3 Shapes","floor":38,"turns":7},{"damage":35,"enemies":"Giant Head","floor":41,"turns":8},{"damage":56,"enemies":"Transient","floor":45,"turns":5}],"seed_played":"7993337026974885082","potions_obtained":[{"floor":2.0,"key":"Block Potion"},{"floor":3.0,"key":"Weak Potion"},{"floor":4.0,"key":"Weak Potion"},{"floor":16.0,"key":"EssenceOfSteel"}],"is_trial":false,"path_per_floor":["M","M","M","M","M","E","R","E","T","R","?","$","M","E","R","B",null,"M","$","M","?","M","R","E","M","T","?","$","M","R","M","R","B",null,"M","?","$","M","?","R","E","$","T","R","M"],"character_chosen":"IRONCLAD","items_purchased":["Ornamental Fan","Shrug It Off","Inflame","Flame Barrier","Rampage","Shuriken"],"campfire_rested":3,"item_purchase_floors":[12,19,19,28,28,42],"current_hp_per_floor":[83,88,88,83,69,32,32,18,18,44,44,44,38,21,21,7,88,74,74,59,59,39,39,26,35,35,35,35,39,39,45,75,47,101,95,56,56,48,48,48,19,19,19,50,0],"gold":300,"neow_bonus":"TEN_PERCENT_HP_BONUS","is_prod":false,"is_daily":false,"chose_seed":false,"campfire_upgraded":4,"win_rate":0,"timestamp":1558036212,"path_taken":["M","M","M","M","M","E","R","E","T","R","?","$","M","E","R","BOSS","M","?","M","?","M","R","E","?","T","?","$","M","R","M","R","BOSS","M","?","$","M","?","R","E","$","T","R","M"],"build_version":"2019-01-23","purchased_purges":2,"victory":false,"max_hp_per_floor":[88,88,88,88,88,88,88,88,88,88,88,88,88,88,88,88,88,88,88,91,91,91,91,94,97,97,97,97,101,101,101,101,101,101,101,101,101,104,104,104,104,104,104,104,104],"card_choices":[{"not_picked":["Shrug It Off","Feel No Pain"],"picked":"Shockwave","floor":1.0},{"not_picked":["Clothesline","Body Slam"],"picked":"Anger","floor":2.0},{"not_picked":["Combust","Dropkick"],"picked":"Flex","floor":3.0},{"not_picked":["Anger","Cleave"],"picked":"Armaments","floor":4.0},{"not_picked":["Dual Wield","Intimidate"],"picked":"Anger","floor":5.0},{"not_picked":["Cleave","Burning Pact"],"picked":"Clothesline","floor":6.0},{"not_picked":["Dropkick","Sword Boomerang"],"picked":"Anger","floor":8.0},{"not_picked":["Fire Breathing","Warcry"],"picked":"Impervious","floor":13.0},{"not_picked":["Second Wind","Twin Strike","Havoc"],"picked":"SKIP","floor":14.0},{"not_picked":["Impervious","Berserk"],"picked":"Feed","floor":16.0},{"not_picked":["Anger","Cleave","Searing Blow+1"],"picked":"SKIP","floor":18.0},{"not_picked":["Combust","Perfected Strike+1"],"picked":"Shrug It Off+1","floor":20.0},{"not_picked":["Double Tap","Searing Blow+1"],"picked":"Ghostly Armor+1","floor":22.0},{"not_picked":["Fire Breathing","Perfected Strike"],"picked":"Shrug It Off","floor":24.0},{"not_picked":["Thunderclap","Metallicize"],"picked":"Spot Weakness+1","floor":25.0},{"not_picked":["Shrug It Off","Iron Wave"],"picked":"Anger+1","floor":29.0},{"not_picked":["Clash","Havoc"],"picked":"True Grit","floor":31.0},{"not_picked":["Exhume","Impervious"],"picked":"Demon Form","floor":33.0},{"not_picked":["Flex+1","Cleave","Pummel+1"],"picked":"SKIP","floor":35.0},{"not_picked":["Blood for Blood+1","Heavy Blade"],"picked":"Feel No Pain+1","floor":36},{"not_picked":["Thunderclap+1","Twin Strike+1","Anger+1"],"picked":"SKIP","floor":38},{"not_picked":["Evolve","Clash+1","Fiend Fire"],"picked":"SKIP","floor":41}],"player_experience":288218,"relics_obtained":[{"floor":6.0,"key":"Red Skull"},{"floor":8.0,"key":"Ice Cream"},{"floor":14.0,"key":"Bronze Scales"},{"floor":24.0,"key":"PreservedInsect"},{"floor":26.0,"key":"Juzu Bracelet"},{"floor":36,"key":"Old Coin"},{"floor":41,"key":"Blue Candle"},{"floor":43,"key":"Boot"}],"event_choices":[{"cards_removed":["Strike_R"],"damage_healed":0.0,"max_hp_gain":0.0,"max_hp_loss":0.0,"gold_gain":0.0,"event_name":"Purifier","player_choice":"Purged","floor":11.0,"gold_loss":0.0,"damage_taken":0.0},{"damage_healed":0.0,"max_hp_gain":0.0,"max_hp_loss":0.0,"gold_gain":0.0,"event_name":"Lab","player_choice":"Got Potions","floor":21.0,"gold_loss":0.0,"damage_taken":0.0},{"damage_healed":0.0,"max_hp_gain":0.0,"max_hp_loss":0.0,"gold_gain":99.0,"event_name":"Nest","player_choice":"Stole From Cult","floor":27.0,"gold_loss":0.0,"damage_taken":0.0},{"damage_healed":0.0,"max_hp_gain":0.0,"max_hp_loss":0.0,"gold_gain":0.0,"event_name":"Mysterious Sphere","player_choice":"Fight","floor":36.0,"gold_loss":0.0,"damage_taken":0.0},{"cards_removed":["Defend_R"],"damage_healed":0,"gold_gain":0,"player_choice":"Removed Skill","damage_taken":0,"max_hp_gain":0,"max_hp_loss":0,"event_name":"Falling","floor":39,"gold_loss":0}],"is_beta":false,"boss_relics":[{"not_picked":["Black Blood","Runic Pyramid"],"picked":"Sozu"},{"not_picked":["Tiny House","Eternal Feather"],"picked":"Lizard Tail"}],"items_purged_floors":[28,37],"is_endless":false,"potions_floor_spawned":[2,3,4,16,22,24,29,33,35,38],"killed_by":"Transient","ascension_level":4}