{"gold_per_floor":[209,32,32,32,50,68,68,94,162,162,175,175,19,37,37,37],"floor_reached":16,"playtime":667,"items_purged":[],"score":125,"play_id":"5fa9e2d7-453b-464d-9dfa-0f23bf0409ae","local_time":"20190525212202","is_ascension_mode":true,"campfire_choices":[{"floor":10,"key":"REST"},{"floor":12,"key":"REST"},{"data":"Bash","floor":15,"key":"SMITH"}],"neow_cost":"NONE","seed_source_timestamp":621230104846407,"circlet_count":0,"master_deck":["Strike_R","Strike_R","Strike_R","Strike_R","Strike_R","Defend_R","Defend_R","Defend_R","Defend_R","Bash+1","Sword Boomerang","Pommel Strike+1","True Grit+1","Power Through","Clothesline","Offering","Flame Barrier","Evolve","Thunderclap"],"relics":["Burning Blood","Gambling Chip","Singing Bowl","Paper Frog"],"potions_floor_usage":[8,11],"damage_taken":[{"damage":6,"enemies":"Cultist","floor":1,"turns":3},{"damage":0,"enemies":"Jaw Worm","floor":5,"turns":4},{"damage":19,"enemies":"Small Slimes","floor":6,"turns":3},{"damage":51,"enemies":"3 Sentries","floor":8,"turns":10},{"damage":30,"enemies":"Exordium Thugs","floor":11,"turns":5},{"damage":11,"enemies":"Looter","floor":14,"turns":2},{"damage":45,"enemies":"Slime Boss","floor":16,"turns":6}],"seed_played":"412604119672733527","potions_obtained":[{"floor":5,"key":"Dexterity Potion"},{"floor":6,"key":"Dexterity Potion"}],"is_trial":false,"path_per_floor":["M","$","?","T","M","M","?","E","T","R","M","R","$","M","R","B"],"character_chosen":"IRONCLAD","items_purchased":["Pommel Strike","True Grit","Power Through","SpeedPotion","Flame Barrier","Evolve"],"campfire_rested":2,"item_purchase_floors":[2,2,2,2,13,13],"current_hp_per_floor":[80,80,80,80,80,67,67,22,22,46,24,48,48,43,43,0],"gold":37,"neow_bonus":"HUNDRED_GOLD","is_prod":false,"is_daily":false,"chose_seed":false,"campfire_upgraded":1,"win_rate":0,"timestamp":1558812122,"path_taken":["M","$","?","?","M","M","?","E","T","R","M","R","$","M","R","BOSS"],"build_version":"2019-05-24v2","purchased_purges":0,"victory":false,"max_hp_per_floor":[80,80,80,80,80,80,80,80,80,80,82,82,82,82,82,82],"card_choices":[{"not_picked":["Iron Wave","Heavy Blade"],"picked":"Sword Boomerang","floor":1},{"not_picked":["Iron Wave","Heavy Blade"],"picked":"Clothesline","floor":5},{"not_picked":["Perfected Strike","Clothesline","Cleave"],"picked":"SKIP","floor":6},{"not_picked":["Sever Soul","Hemokinesis"],"picked":"Offering","floor":8},{"not_picked":["Wild Strike","Corruption","Twin Strike"],"picked":"Singing Bowl","floor":11},{"not_picked":["Iron Wave","Brutality"],"picked":"Thunderclap","floor":14}],"player_experience":351656,"relics_obtained":[{"floor":4,"key":"Gambling Chip"},{"floor":8,"key":"Singing Bowl"},{"floor":9,"key":"Paper Frog"}],"event_choices":[{"damage_healed":0,"gold_gain":0,"player_choice":"Grow","damage_taken":0,"max_hp_gain":0,"max_hp_loss":0,"event_name":"Living Wall","floor":3,"gold_loss":0,"cards_upgraded":["True Grit"]},{"damage_healed":0,"gold_gain":0,"player_choice":"Forge","damage_taken":0,"max_hp_gain":0,"max_hp_loss":0,"event_name":"Accursed Blacksmith","floor":7,"gold_loss":0,"cards_upgraded":["Pommel Strike"]}],"is_beta":true,"boss_relics":[],"items_purged_floors":[],"is_endless":false,"potions_floor_spawned":[5,6],"killed_by":"Slime Boss","ascension_level":5}