{"gold_per_floor":[111,42,42,42,60,91,91,110,178,8,18,49,49,83,83,178,178,190,190,25,25,38,38,65,65,65,77,111,126,146,166,166,263,313,325,344,361,66,77,77,91,101,153,153,100,118,118,171,171,171],"floor_reached":51,"playtime":3185,"items_purged":["Regret"],"score":898,"play_id":"ba1b227b-17e3-4c89-b17b-8707338baa4d","local_time":"20190529202743","is_ascension_mode":true,"campfire_choices":[{"data":"Bouncing Flask","floor":7.0,"key":"SMITH"},{"floor":13.0,"key":"REST"},{"data":"Burst","floor":15.0,"key":"SMITH"},{"data":"Apotheosis","floor":23,"key":"SMITH"},{"data":"Blur","floor":25,"key":"SMITH"},{"data":"Survivor","floor":32,"key":"SMITH"},{"data":"Footwork","floor":40,"key":"SMITH"},{"floor":44,"key":"REST"},{"floor":47,"key":"REST"},{"data":"Well Laid Plans","floor":49,"key":"SMITH"}],"neow_cost":"NONE","seed_source_timestamp":40546610260600,"circlet_count":0,"master_deck":["Defend_G","Defend_G","Defend_G","Defend_G","Defend_G+1","Strike_G","Strike_G","Strike_G","Strike_G","Strike_G","Survivor+1","Neutralize","Deadly Poison","Crippling Poison","Blur+1","Bouncing Flask+1","Deadly Poison","Bane","Riddle With Holes","Footwork+1","Burst+1","Apotheosis+1","Dodge and Roll+1","Dagger Spray+1","Poisoned Stab+1","Blur","Deflect+1","Well Laid Plans+1","Well Laid Plans+1","PiercingWail","Catalyst+1"],"special_seed":0,"relics":["Ring of the Snake","Lantern","Gambling Chip","Paper Crane","Orichalcum","Boot","Busted Crown","CultistMask","Ninja Scroll","PreservedInsect","Matryoshka","Tiny House","WingedGreaves","Bottled Lightning","Anchor","Potion Belt","Art of War"],"potions_floor_usage":[24,30,33,39,39,42,50,50],"damage_taken":[{"damage":0.0,"enemies":"2 Louse","floor":1.0,"turns":3.0},{"damage":5.0,"enemies":"Small Slimes","floor":5.0,"turns":5.0},{"damage":20.0,"enemies":"Gremlin Nob","floor":6.0,"turns":4.0},{"damage":5.0,"enemies":"Cultist","floor":8.0,"turns":3.0},{"damage":2.0,"enemies":"Exordium Thugs","floor":11.0,"turns":4.0},{"damage":8.0,"enemies":"3 Sentries","floor":12.0,"turns":9.0},{"damage":6.0,"enemies":"Lagavulin","floor":14.0,"turns":5.0},{"damage":9.0,"enemies":"Hexaghost","floor":16.0,"turns":10.0},{"damage":0.0,"enemies":"Chosen","floor":18.0,"turns":4.0},{"damage":0,"enemies":"3 Byrds","floor":22,"turns":4},{"damage":7,"enemies":"Book of Stabbing","floor":24,"turns":5},{"damage":0,"enemies":"Cultist and Chosen","floor":27,"turns":4},{"damage":0,"enemies":"Slavers","floor":28,"turns":3},{"damage":2,"enemies":"3 Cultists","floor":29,"turns":4},{"damage":7,"enemies":"Centurion and Healer","floor":30,"turns":6},{"damage":0,"enemies":"Sentry and Sphere","floor":31,"turns":2},{"damage":0,"enemies":"Automaton","floor":33,"turns":7},{"damage":23,"enemies":"3 Darklings","floor":35,"turns":6},{"damage":1,"enemies":"3 Shapes","floor":36,"turns":5},{"damage":0,"enemies":"Jaw Worm Horde","floor":37,"turns":7},{"damage":19,"enemies":"Writhing Mass","floor":39,"turns":7},{"damage":16,"enemies":"Sphere and 2 Shapes","floor":41,"turns":8},{"damage":3,"enemies":"Spire Growth","floor":42,"turns":4},{"damage":0,"enemies":"4 Shapes","floor":46,"turns":4},{"damage":25,"enemies":"Time Eater","floor":50,"turns":7}],"seed_played":"-1240532088996816688","potions_obtained":[{"floor":1.0,"key":"Dexterity Potion"},{"floor":4.0,"key":"Poison Potion"},{"floor":4.0,"key":"Fire Potion"},{"floor":8.0,"key":"PowerPotion"},{"floor":16.0,"key":"SkillPotion"},{"floor":27,"key":"Weak Potion"},{"floor":28,"key":"EssenceOfSteel"},{"floor":30,"key":"Regen Potion"},{"floor":31,"key":"PowerPotion"},{"floor":34,"key":"FairyPotion"},{"floor":39,"key":"LiquidBronze"},{"floor":41,"key":"Ancient Potion"},{"floor":42,"key":"AttackPotion"}],"is_trial":false,"path_per_floor":["M","$","?","?","M","E","R","M","T","$","M","E","R","E","R","B",null,"M","?","$","?","M","R","E","R","T","M","E","M","M","M","R","B",null,"M","M","M","$","M","R","M","M","T","R","$","M","R","T","R","B",null],"character_chosen":"THE_SILENT","items_purchased":["Crippling Poison","Bane","Block Potion","Apotheosis","WingedGreaves","PiercingWail"],"campfire_rested":3,"item_purchase_floors":[2,10,10,20,38,45],"current_hp_per_floor":[77,77,77,77,72,52,52,47,47,47,45,37,60,54,54,45,77,77,77,77,77,77,77,70,70,70,70,70,68,61,61,61,61,82,59,58,58,58,54,54,38,35,35,59,59,59,82,82,82,57],"gold":171,"neow_bonus":"TEN_PERCENT_HP_BONUS","is_prod":false,"is_daily":false,"chose_seed":false,"campfire_upgraded":7,"win_rate":0,"timestamp":1559186863,"path_taken":["M","$","?","?","?","E","R","M","T","$","M","E","R","E","R","BOSS","M","?","$","?","M","R","E","R","T","M","E","M","M","M","R","BOSS","M","M","?","$","M","R","?","M","T","R","$","M","R","?","R","BOSS"],"build_version":"2019-01-23","purchased_purges":1,"victory":true,"max_hp_per_floor":[77,77,77,77,77,77,77,77,77,77,77,77,77,77,77,77,77,77,77,77,77,77,77,77,77,77,77,77,77,77,77,77,77,82,82,82,82,82,82,82,82,82,82,82,82,82,82,82,82,82],"card_choices":[{"not_picked":["All Out Attack","PiercingWail"],"picked":"Deadly Poison","floor":1.0},{"not_picked":["Dodge and Roll","Deflect"],"picked":"Blur","floor":5.0},{"not_picked":["Backflip","Acrobatics"],"picked":"Bouncing Flask","floor":6.0},{"not_picked":["Crippling Poison","Predator"],"picked":"Deadly Poison","floor":8.0},{"not_picked":["Underhanded Strike","Terror"],"picked":"Riddle With Holes","floor":11.0},{"not_picked":["Bane","Caltrops"],"picked":"Footwork","floor":12.0},{"not_picked":["Dagger Spray","Accuracy"],"picked":"Burst","floor":14.0},{"not_picked":["Dagger Spray"],"picked":"SKIP","floor":18.0},{"not_picked":[],"picked":"Dodge and Roll+1","floor":22},{"not_picked":["Eviscerate"],"picked":"SKIP","floor":24},{"not_picked":[],"picked":"Dagger Spray+1","floor":27},{"not_picked":["Dagger Throw"],"picked":"SKIP","floor":28},{"not_picked":["Flying Knee"],"picked":"SKIP","floor":29},{"not_picked":["Leg Sweep"],"picked":"SKIP","floor":30},{"not_picked":["Reflex"],"picked":"SKIP","floor":31},{"not_picked":[],"picked":"Poisoned Stab+1","floor":35},{"not_picked":[],"picked":"Blur","floor":36},{"not_picked":[],"picked":"Deflect+1","floor":37},{"not_picked":["Slice"],"picked":"SKIP","floor":39},{"not_picked":[],"picked":"Well Laid Plans","floor":41},{"not_picked":[],"picked":"Well Laid Plans+1","floor":42},{"not_picked":[],"picked":"Catalyst+1","floor":46}],"player_experience":134878,"relics_obtained":[{"floor":6.0,"key":"Gambling Chip"},{"floor":9.0,"key":"Paper Crane"},{"floor":12.0,"key":"Orichalcum"},{"floor":14.0,"key":"Boot"},{"floor":24,"key":"Ninja Scroll"},{"floor":26,"key":"PreservedInsect"},{"floor":28,"key":"Matryoshka"},{"floor":43,"key":"Bottled Lightning"},{"floor":43,"key":"Anchor"},{"floor":48,"key":"Potion Belt"},{"floor":48,"key":"Art of War"}],"event_choices":[{"damage_healed":0.0,"max_hp_gain":0.0,"max_hp_loss":0.0,"gold_gain":0.0,"event_name":"Big Fish","player_choice":"Box","floor":3.0,"gold_loss":0.0,"damage_taken":0.0,"relics_obtained":["Lantern"],"cards_obtained":["Regret"]},{"damage_healed":0.0,"max_hp_gain":0.0,"max_hp_loss":0.0,"gold_gain":0.0,"event_name":"Lab","player_choice":"Got Potions","floor":4.0,"gold_loss":0.0,"damage_taken":0.0},{"damage_healed":0,"gold_gain":0,"player_choice":"Trade","damage_taken":0,"relics_obtained":["CultistMask"],"max_hp_gain":0,"max_hp_loss":0,"event_name":"FaceTrader","floor":21,"gold_loss":0}],"is_beta":false,"boss_relics":[{"not_picked":["Empty Cage","Orrery"],"picked":"Busted Crown"},{"not_picked":["Eternal Feather","WristBlade"],"picked":"Tiny House"}],"items_purged_floors":[10],"is_endless":false,"potions_floor_spawned":[1,8,16,27,28,30,31,36,39,41,42],"ascension_level":3}