{"gold_per_floor":[114,39,53,103,118,143,143,468,468,468,486,502,502,528,528,528],"floor_reached":16,"playtime":768,"items_purged":["Defend_G"],"score":261,"play_id":"75e18917-8fda-4143-9c8d-1817d67f121b","local_time":"20190411163016","is_ascension_mode":true,"campfire_choices":[{"data":"1","floor":7.0,"key":"LIFT"},{"data":"2","floor":10.0,"key":"LIFT"},{"data":"3","floor":15.0,"key":"LIFT"}],"neow_cost":"TEN_PERCENT_HP_LOSS","seed_source_timestamp":59233014694244,"circlet_count":0,"master_deck":["AscendersBane","Defend_G","Defend_G","Defend_G","Defend_G","Strike_G","Strike_G","Strike_G","Strike_G","Strike_G","Survivor","Neutralize","All Out Attack","Dodge and Roll","Dagger Spray","PiercingWail","Adrenaline","Choke","Distraction","Crippling Poison"],"special_seed":0,"relics":["Ring of the Snake","Girya","PreservedInsect","Old Coin","Mercury Hourglass","Pear","Dream Catcher"],"potions_floor_usage":[16],"damage_taken":[{"damage":1.0,"enemies":"Small Slimes","floor":1.0,"turns":4.0},{"damage":0.0,"enemies":"Cultist","floor":3.0,"turns":5.0},{"damage":2.0,"enemies":"Jaw Worm","floor":5.0,"turns":4.0},{"damage":34.0,"enemies":"Gremlin Nob","floor":6.0,"turns":5.0},{"damage":8.0,"enemies":"Lagavulin","floor":8.0,"turns":5.0},{"damage":0.0,"enemies":"2 Fungi Beasts","floor":11.0,"turns":3.0},{"damage":0.0,"enemies":"Gremlin Gang","floor":12.0,"turns":3.0},{"damage":0.0,"enemies":"3 Sentries","floor":14.0,"turns":1.0},{"damage":25,"enemies":"Hexaghost","floor":16,"turns":11}],"seed_played":"-2018940379181864683","potions_obtained":[{"floor":1.0,"key":"AttackPotion"},{"floor":6.0,"key":"SteroidPotion"},{"floor":8.0,"key":"SteroidPotion"},{"floor":14.0,"key":"Weak Potion"}],"is_trial":false,"path_per_floor":["M","$","M","?","M","E","R","E","T","R","M","M","T","E","R","B"],"character_chosen":"THE_SILENT","items_purchased":[],"campfire_rested":0,"item_purchase_floors":[],"current_hp_per_floor":[58,58,58,52,50,16,16,8,8,8,8,8,18,18,18,0],"gold":528,"neow_bonus":"ONE_RARE_RELIC","is_prod":false,"is_daily":false,"chose_seed":false,"campfire_upgraded":0,"win_rate":0,"timestamp":1554967816,"path_taken":["M","$","M","?","M","E","R","E","T","R","M","?","?","E","R","BOSS"],"build_version":"2019-01-23","purchased_purges":1,"victory":false,"max_hp_per_floor":[60,60,60,60,60,60,60,60,60,60,60,60,70,70,70,70],"card_choices":[{"not_picked":["Expertise","Blade Dance"],"picked":"All Out Attack","floor":1.0},{"not_picked":["Concentrate","Eviscerate"],"picked":"Dodge and Roll","floor":3.0},{"not_picked":["Dodge and Roll","PiercingWail"],"picked":"Dagger Spray","floor":5.0},{"not_picked":["Masterful Stab","Endless Agony"],"picked":"PiercingWail","floor":6.0},{"not_picked":["Envenom","Infinite Blades"],"picked":"Adrenaline","floor":8.0},{"not_picked":["Accuracy","Poisoned Stab"],"picked":"Choke","floor":11.0},{"not_picked":["Reflex","Deflect"],"picked":"Distraction","floor":12.0},{"not_picked":["Skewer","Deadly Poison"],"picked":"Crippling Poison","floor":14.0}],"player_experience":1089026,"relics_obtained":[{"floor":6.0,"key":"PreservedInsect"},{"floor":8.0,"key":"Old Coin"},{"floor":9.0,"key":"Mercury Hourglass"},{"floor":13.0,"key":"Pear"},{"floor":14.0,"key":"Dream Catcher"}],"event_choices":[{"damage_healed":0.0,"max_hp_gain":0.0,"max_hp_loss":0.0,"gold_gain":50.0,"event_name":"FaceTrader","player_choice":"Touch","floor":4.0,"gold_loss":0.0,"damage_taken":6.0}],"is_beta":false,"boss_relics":[],"items_purged_floors":[2],"is_endless":false,"potions_floor_spawned":[1,6,8,14],"killed_by":"Hexaghost","ascension_level":16}