{"gold_per_floor":[110,126,126,136,136,136,154,194,239,239,263,17,17,30,30,149,149,170,25,25,25,44,80,6,27,27,126,126,126,144,159,159,290,290,305,1304,1325,1345,1360,1360,1360,1360,1360,935,935,64,83,32,32,32],"floor_reached":51,"playtime":8444,"items_purged":["Strike_G","Normality","Parasite"],"score":692,"play_id":"66747e96-abe8-4a0a-af12-d94228666254","local_time":"20181020113308","is_ascension_mode":false,"campfire_choices":[{"data":"Noxious Fumes","floor":6,"key":"SMITH"},{"data":"A Thousand Cuts","floor":10,"key":"SMITH"},{"data":"Dodge and Roll","floor":15,"key":"SMITH"},{"floor":29,"key":"REST"},{"floor":32,"key":"REST"},{"floor":40,"key":"REST"},{"floor":42,"key":"REST"},{"data":"Infinite Blades","floor":45,"key":"SMITH"},{"floor":49,"key":"REST"}],"neow_cost":"NONE","seed_source_timestamp":181881735114638,"circlet_count":0,"master_deck":["Defend_G","Defend_G","Defend_G","Defend_G","Defend_G","Strike_G","Strike_G","Strike_G","Strike_G","Survivor","Neutralize+1","PiercingWail","Blade Dance","Noxious Fumes+1","Poisoned Stab","A Thousand Cuts+1","Deflect","Dodge and Roll+1","Infinite Blades+1","PiercingWail","Tools of the Trade","Footwork","Dash","Caltrops","Bane","Distraction","Dodge and Roll+1","Backflip+1","Burst","Expertise+1","Normality","Blur+1","Finesse"],"relics":["Ring of the Snake","Golden Idol","Bottled Tornado","Omamori","Orrery","Strawberry","FaceOfCleric","Boot","Mummified Hand","Meat on the Bone","Lizard Tail","Thread and Needle","Strange Spoon","Shuriken","Nunchaku","PrismaticShard"],"potions_floor_usage":[8,8,23,25,31,33,38,39,47,47,50,50,50],"damage_taken":[{"damage":0,"enemies":"Small Slimes","floor":1,"turns":6},{"damage":0,"enemies":"Cultist","floor":2,"turns":6},{"damage":0,"enemies":"2 Louse","floor":4,"turns":2},{"damage":0,"enemies":"Large Slime","floor":7,"turns":6},{"damage":2,"enemies":"Gremlin Nob","floor":8,"turns":4},{"damage":0,"enemies":"Lots of Slimes","floor":11,"turns":3},{"damage":2,"enemies":"Gremlin Gang","floor":14,"turns":4},{"damage":30,"enemies":"Hexaghost","floor":16,"turns":11},{"damage":1,"enemies":"3 Byrds","floor":18,"turns":5},{"damage":4,"enemies":"Shell Parasite","floor":22,"turns":7},{"damage":18,"enemies":"Gremlin Leader","floor":23,"turns":6},{"damage":3,"enemies":"Snake Plant","floor":25,"turns":4},{"damage":18,"enemies":"Centurion and Healer","floor":30,"turns":10},{"damage":3,"enemies":"Snecko","floor":31,"turns":5},{"damage":35,"enemies":"Champ","floor":33,"turns":18},{"damage":10,"enemies":"3 Shapes","floor":35,"turns":5},{"damage":29,"enemies":"Orb Walker","floor":37,"turns":6},{"damage":43,"enemies":"Maw","floor":38,"turns":10},{"damage":6,"enemies":"Writhing Mass","floor":39,"turns":8},{"damage":17,"enemies":"Transient","floor":47,"turns":5},{"damage":117,"enemies":"Donu and Deca","floor":50,"turns":12}],"seed_played":"1293377115212115800","potions_obtained":[{"floor":0,"key":"Block Potion"},{"floor":0,"key":"AttackPotion"},{"floor":0,"key":"AttackPotion"},{"floor":7,"key":"FearPotion"},{"floor":8,"key":"GhostInAJar"},{"floor":11,"key":"GhostInAJar"},{"floor":16,"key":"GhostInAJar"},{"floor":30,"key":"Swift Potion"},{"floor":31,"key":"Strength Potion"},{"floor":38,"key":"PowerPotion"},{"floor":39,"key":"Swift Potion"},{"floor":47,"key":"Explosive Potion"}],"is_trial":false,"path_per_floor":["M","M","?","M","?","R","M","E","T","R","M","$","?","M","R","B",null,"M","$","?","?","M","E","$","M","T","?","?","R","M","M","R","B",null,"M","?","M","M","M","R","?","R","T","$","R","$","M","$","R","B"],"character_chosen":"THE_SILENT","items_purchased":["Dodge and Roll","Infinite Blades","SpeedPotion","Strawberry","GhostInAJar","Strange Spoon","Finesse","Explosive Potion","Shuriken","Nunchaku","PrismaticShard","Weak Potion"],"campfire_rested":5,"item_purchase_floors":[12,12,12,19,24,44,44,44,46,46,46,48],"current_hp_per_floor":[70,70,70,70,53,53,53,51,51,51,51,51,68,66,66,36,70,69,76,76,76,73,56,56,54,54,54,54,78,61,59,82,48,83,74,74,46,16,23,49,49,75,75,75,75,75,59,59,84,25],"gold":32,"neow_bonus":"THREE_SMALL_POTIONS","is_prod":false,"is_daily":false,"chose_seed":false,"campfire_upgraded":4,"win_rate":0.0,"timestamp":1540027988,"path_taken":["M","M","?","?","?","R","?","E","T","R","M","$","?","M","R","BOSS","M","$","?","?","M","E","?","M","T","?","?","R","M","M","R","BOSS","M","?","?","M","M","R","?","R","T","$","R","?","M","$","R","BOSS"],"build_version":"2018-10-18","purchased_purges":3,"victory":true,"max_hp_per_floor":[70,70,70,70,70,70,70,70,70,70,70,70,70,70,70,70,70,70,77,77,77,78,79,79,80,80,80,80,80,81,82,82,83,83,84,84,85,86,87,87,87,87,87,87,87,84,85,85,85,86],"card_choices":[{"not_picked":["Distraction","Blur"],"picked":"PiercingWail","floor":1},{"not_picked":["Acrobatics","Catalyst"],"picked":"Blade Dance","floor":2},{"not_picked":["Deadly Poison","Quick Slash"],"picked":"Noxious Fumes","floor":4},{"not_picked":["Outmaneuver","Acrobatics"],"picked":"Poisoned Stab","floor":7},{"not_picked":["Acrobatics","Backflip"],"picked":"A Thousand Cuts","floor":8},{"not_picked":["Outmaneuver","Bouncing Flask"],"picked":"Deflect","floor":11},{"not_picked":["Prepared","Flying Knee"],"picked":"PiercingWail","floor":14},{"not_picked":["Adrenaline","Bullet Time"],"picked":"Tools of the Trade","floor":16},{"not_picked":["Dodge and Roll","Well Laid Plans"],"picked":"Footwork","floor":17},{"not_picked":["Sucker Punch","Blade Dance"],"picked":"Dash","floor":17},{"not_picked":["Slice","Infinite Blades"],"picked":"Caltrops","floor":17},{"not_picked":["Quick Slash","Deadly Poison"],"picked":"Bane","floor":17},{"not_picked":["All Out Attack","Heel Hook","Unload"],"picked":"SKIP","floor":18},{"not_picked":["Eviscerate","Sucker Punch"],"picked":"Distraction","floor":22},{"not_picked":["Heel Hook","Noxious Fumes"],"picked":"Dodge and Roll+1","floor":23},{"not_picked":["Poisoned Stab","Heel Hook","Acrobatics"],"picked":"SKIP","floor":25},{"not_picked":["Bane","Blade Dance"],"picked":"Backflip+1","floor":30},{"not_picked":["Sucker Punch","Quick Slash","Dagger Spray+1"],"picked":"SKIP","floor":31},{"not_picked":["Bullet Time","Malaise"],"picked":"Burst","floor":33},{"not_picked":["Outmaneuver","Well Laid Plans+1"],"picked":"Expertise+1","floor":35},{"not_picked":["Eviscerate+1","Endless Agony","Bane"],"picked":"SKIP","floor":37},{"not_picked":["Prepared","Flechettes","Footwork+1"],"picked":"SKIP","floor":38},{"not_picked":["Deadly Poison+1","Underhanded Strike+1"],"picked":"Blur+1","floor":39},{"not_picked":["All Out Attack","Dagger Spray","Dodge and Roll+1"],"picked":"SKIP","floor":47}],"player_experience":43912,"relics_obtained":[{"floor":8,"key":"Bottled Tornado"},{"floor":9,"key":"Omamori"},{"floor":23,"key":"Boot"},{"floor":26,"key":"Mummified Hand"},{"floor":43,"key":"Thread and Needle"}],"event_choices":[{"damage_healed":0,"gold_gain":0,"player_choice":"Upgraded","damage_taken":0,"max_hp_gain":0,"max_hp_loss":0,"event_name":"Upgrade Shrine","floor":3,"gold_loss":0,"cards_upgraded":["Neutralize"]},{"damage_healed":0,"gold_gain":0,"player_choice":"Take Damage","damage_taken":17,"relics_obtained":["Golden Idol"],"max_hp_gain":0,"max_hp_loss":0,"event_name":"Golden Idol","floor":5,"gold_loss":0},{"damage_healed":17,"gold_gain":0,"player_choice":"Healed and dodged fight","damage_taken":0,"max_hp_gain":0,"max_hp_loss":0,"event_name":"Mushrooms","floor":13,"gold_loss":0,"cards_obtained":["Parasite"]},{"damage_healed":0,"gold_gain":0,"player_choice":"Ignored","damage_taken":0,"max_hp_gain":0,"max_hp_loss":0,"event_name":"Vampires","floor":20,"gold_loss":0},{"damage_healed":0,"gold_gain":0,"player_choice":"Trade","damage_taken":0,"relics_obtained":["FaceOfCleric"],"max_hp_gain":0,"max_hp_loss":0,"event_name":"FaceTrader","floor":21,"gold_loss":0},{"damage_healed":0,"gold_gain":99,"player_choice":"Stole From Cult","damage_taken":0,"max_hp_gain":0,"max_hp_loss":0,"event_name":"Nest","floor":27,"gold_loss":0},{"damage_healed":0,"gold_gain":0,"player_choice":"Stole Relic","damage_taken":0,"relics_obtained":["Meat on the Bone"],"max_hp_gain":0,"max_hp_loss":0,"event_name":"Addict","floor":28,"gold_loss":0,"cards_obtained":["Shame"]},{"damage_healed":0,"gold_gain":999,"player_choice":"Gold","damage_taken":0,"max_hp_gain":0,"max_hp_loss":0,"event_name":"MindBloom","floor":36,"gold_loss":0,"cards_obtained":["Normality","Normality"]},{"damage_healed":0,"gold_gain":0,"player_choice":"Ignored","damage_taken":0,"max_hp_gain":0,"max_hp_loss":0,"event_name":"SecretPortal","floor":41,"gold_loss":0}],"is_beta":false,"boss_relics":[{"not_picked":["Eternal Feather","Snecko Eye"],"picked":"Orrery"},{"not_picked":["Runic Dome","Ring of the Serpent"],"picked":"Lizard Tail"}],"items_purged_floors":[12,44,46],"is_endless":false,"potions_floor_spawned":[7,8,11,16,18,30,31,38,39,47],"ascension_level":0}