{"gold_per_floor":[213,233,248,423,442,476,476,476,476,487,497,525,525,535,535,634,634,653,319,330,340,340,340,357,357],"floor_reached":25,"playtime":2450,"items_purged":["Doubt"],"score":228,"play_id":"e440095f-bbc6-402e-9e88-fc28fb2ace80","local_time":"20190110123308","is_ascension_mode":true,"campfire_choices":[{"floor":7.0,"key":"REST"},{"floor":13.0,"key":"REST"},{"data":"White Noise","floor":15.0,"key":"SMITH"},{"floor":23,"key":"REST"}],"neow_cost":"NONE","seed_source_timestamp":244295065257827,"circlet_count":0,"master_deck":["Strike_B","Strike_B","Strike_B","Strike_B","Defend_B","Defend_B","Defend_B","Defend_B","Zap","Dualcast","White Noise+1","Genetic Algorithm","Cold Snap","Capacitor","Leap","Tempest","Amplify","Loop","Defragment","Chill","Redo","Seek","Ball Lightning","Glacier+1","Go for the Eyes"],"special_seed":0,"relics":["FrozenCore","Bottled Lightning","Torii","Runic Capacitor"],"potions_floor_usage":[25],"damage_taken":[{"damage":0.0,"enemies":"Cultist","floor":1.0,"turns":3.0},{"damage":5.0,"enemies":"2 Louse","floor":2.0,"turns":2.0},{"damage":11.0,"enemies":"Jaw Worm","floor":3.0,"turns":5.0},{"damage":0.0,"enemies":"Exordium Thugs","floor":5.0,"turns":5.0},{"damage":49.0,"enemies":"3 Sentries","floor":6.0,"turns":12.0},{"damage":7.0,"enemies":"2 Fungi Beasts","floor":10.0,"turns":3.0},{"damage":6.0,"enemies":"Large Slime","floor":11.0,"turns":3.0},{"damage":16.0,"enemies":"Gremlin Nob","floor":12.0,"turns":3.0},{"damage":1.0,"enemies":"Looter","floor":14.0,"turns":4.0},{"damage":6.0,"enemies":"Hexaghost","floor":16.0,"turns":11.0},{"damage":11.0,"enemies":"Spheric Guardian","floor":18.0,"turns":5.0},{"damage":18.0,"enemies":"2 Thieves","floor":20.0,"turns":4.0},{"damage":2.0,"enemies":"Cultist and Chosen","floor":21.0,"turns":9.0},{"damage":13,"enemies":"Colosseum Slavers","floor":22,"turns":7},{"damage":21,"enemies":"Snake Plant","floor":24,"turns":4},{"damage":35,"enemies":"Gremlin Leader","floor":25,"turns":9}],"seed_played":"1627101621338719124","potions_obtained":[{"floor":1.0,"key":"Explosive Potion"},{"floor":3.0,"key":"EssenceOfSteel"},{"floor":6.0,"key":"Swift Potion"},{"floor":10.0,"key":"PowerPotion"},{"floor":16.0,"key":"PowerPotion"},{"floor":21.0,"key":"FearPotion"},{"floor":24,"key":"GamblersBrew"}],"is_trial":false,"path_per_floor":["M","M","M","?","M","E","R","?","T","M","M","E","R","M","R","B",null,"M","$","M","M","?","R","M","E"],"character_chosen":"DEFECT","items_purchased":["Runic Capacitor","Ball Lightning"],"campfire_rested":3,"item_purchase_floors":[19,19],"current_hp_per_floor":[75,70,59,59,59,10,32,32,32,25,19,3,25,24,24,18,75,64,64,46,44,31,53,32,0],"gold":357,"neow_bonus":"HUNDRED_GOLD","is_prod":false,"is_daily":false,"chose_seed":false,"campfire_upgraded":1,"win_rate":0,"timestamp":1547152388,"path_taken":["M","?","M","?","M","E","R","?","T","M","M","E","R","M","R","BOSS","M","$","?","M","?","R","M","E"],"build_version":"2019-01-03v4","purchased_purges":1,"victory":false,"max_hp_per_floor":[75,75,75,75,75,75,75,75,75,75,75,75,75,75,75,75,75,75,75,75,75,75,75,75,75],"card_choices":[{"not_picked":["Aggregate","Scrape"],"picked":"White Noise","floor":1.0},{"not_picked":["Coolheaded","Gash"],"picked":"Genetic Algorithm","floor":2.0},{"not_picked":["Hello World","Barrage"],"picked":"Cold Snap","floor":3.0},{"not_picked":["Compile Driver","Cold Snap"],"picked":"Capacitor","floor":5.0},{"not_picked":["Steam","Sunder"],"picked":"Leap","floor":6.0},{"not_picked":["Rebound","Skim"],"picked":"Loop","floor":10.0},{"not_picked":["Doom and Gloom","Double Energy"],"picked":"Defragment","floor":11.0},{"not_picked":["Reboot","Redo"],"picked":"Chill","floor":12.0},{"not_picked":["Coolheaded","Rebound"],"picked":"Redo","floor":14.0},{"not_picked":["Rainbow","All For One"],"picked":"Seek","floor":16.0},{"not_picked":["Melter","Gash","Leap"],"picked":"SKIP","floor":18.0},{"not_picked":["Gash","Chill"],"picked":"Glacier+1","floor":20.0},{"not_picked":["Skim","Barrage","Conserve Battery"],"picked":"SKIP","floor":21.0},{"not_picked":["Sweeping Beam","Compile Driver"],"picked":"Go for the Eyes","floor":24}],"player_experience":357081,"relics_obtained":[{"floor":6.0,"key":"Bottled Lightning"},{"floor":12.0,"key":"Torii"}],"event_choices":[{"damage_healed":0.0,"max_hp_gain":0.0,"max_hp_loss":0.0,"gold_gain":175.0,"event_name":"Liars Game","player_choice":"AGREE","floor":4.0,"gold_loss":0.0,"damage_taken":0.0,"cards_obtained":["Doubt"]},{"damage_healed":0.0,"max_hp_gain":0.0,"max_hp_loss":0.0,"gold_gain":0.0,"event_name":"Match and Keep!","player_choice":"2 cards matched","floor":8.0,"gold_loss":0.0,"damage_taken":0.0,"cards_obtained":["Tempest","Amplify"]},{"damage_healed":0,"gold_gain":0,"player_choice":"Fight","damage_taken":0,"max_hp_gain":0,"max_hp_loss":0,"event_name":"Colosseum","floor":22,"gold_loss":0},{"damage_healed":0,"gold_gain":0,"player_choice":"Fled From Nobs","damage_taken":0,"max_hp_gain":0,"max_hp_loss":0,"event_name":"Colosseum","floor":22,"gold_loss":0}],"is_beta":false,"boss_relics":[{"not_picked":["Coffee Dripper","Snecko Eye"],"picked":"FrozenCore"}],"items_purged_floors":[19],"is_endless":false,"potions_floor_spawned":[1,3,6,10,16,21,24],"killed_by":"Gremlin Leader","ascension_level":1}