{"gold_per_floor":[362,362,462,472,313,339,351,378,462,497,539,562,584,609,621,737,749,776,802,526,526,545,576,576,591,671,671,689,689,720,732,732,829,829,849,865,880,891,891,891,904,904,904,974,1000,546,80,100,100,100],"floor_reached":50,"playtime":3647,"items_purged":["Writhe"],"score":576,"play_id":"453bb9f2-dea1-4c63-b3a9-0366ffdef062","local_time":"20190607012530","is_ascension_mode":false,"campfire_choices":[{"floor":7.0,"key":"REST"},{"data":"Metallicize","floor":15,"key":"SMITH"},{"data":"Armaments","floor":24,"key":"SMITH"},{"data":"Mind Blast","floor":27,"key":"SMITH"},{"data":"Whirlwind","floor":29,"key":"SMITH"},{"data":"Body Slam","floor":32,"key":"SMITH"},{"floor":40,"key":"REST"},{"floor":42,"key":"REST"},{"floor":49,"key":"REST"}],"neow_cost":"CURSE","seed_source_timestamp":0,"circlet_count":0,"master_deck":["Strike_R+1","Strike_R+1","Strike_R+1","Strike_R+1","Strike_R+1","Defend_R+1","Defend_R+1","Defend_R+1","Defend_R+1","Bash","Inflame","Seeing Red","Disarm","Whirlwind+1","True Grit","Metallicize+1","Iron Wave+1","Reaper","Spot Weakness","Combust","Pommel Strike","Reaper+1","Shrug It Off+1","Armaments+1","Mind Blast+1","Sword Boomerang","Body Slam+1","Seeing Red+1","Spot Weakness","Whirlwind+1","Warcry+1","True Grit+1","Rage+1","Pummel+1","Ghostly Armor","Ghostly Armor","Second Wind+1","Armaments+1","Enlightenment","Evolve","Bloodletting","Sword Boomerang+1"],"special_seed":0,"relics":["Burning Blood","MawBank","Self Forming Clay","Odd Mushroom","Vajra","Velvet Choker","Bag of Marbles","WingedGreaves","Mercury Hourglass","Dream Catcher","Sozu","Mummified Hand","Bottled Flame","Question Card","Happy Flower","Regal Pillow","Whetstone","Pantograph"],"potions_floor_usage":[16,16,23,25,33,50,50],"damage_taken":[{"damage":5.0,"enemies":"Cultist","floor":1.0,"turns":4.0},{"damage":4.0,"enemies":"Small Slimes","floor":4.0,"turns":4.0},{"damage":28.0,"enemies":"3 Sentries","floor":6.0,"turns":6.0},{"damage":0.0,"enemies":"2 Louse","floor":8.0,"turns":2.0},{"damage":22,"enemies":"The Mushroom Lair","floor":10,"turns":5},{"damage":9,"enemies":"Lagavulin","floor":11,"turns":13},{"damage":8,"enemies":"2 Fungi Beasts","floor":12,"turns":4},{"damage":12,"enemies":"Exordium Wildlife","floor":13,"turns":5},{"damage":0,"enemies":"Lots of Slimes","floor":14,"turns":1},{"damage":14,"enemies":"Hexaghost","floor":16,"turns":9},{"damage":7,"enemies":"3 Byrds","floor":18,"turns":4},{"damage":12,"enemies":"Shell Parasite","floor":19,"turns":6},{"damage":13,"enemies":"Snake Plant","floor":22,"turns":3},{"damage":24,"enemies":"Book of Stabbing","floor":23,"turns":7},{"damage":5,"enemies":"Snecko","floor":25,"turns":4},{"damage":3,"enemies":"Cultist and Chosen","floor":28,"turns":4},{"damage":13,"enemies":"Slavers","floor":30,"turns":4},{"damage":2,"enemies":"Centurion and Healer","floor":31,"turns":4},{"damage":35,"enemies":"Collector","floor":33,"turns":7},{"damage":6,"enemies":"Orb Walker","floor":35,"turns":2},{"damage":28,"enemies":"3 Darklings","floor":36,"turns":4},{"damage":18,"enemies":"4 Shapes","floor":37,"turns":1},{"damage":30,"enemies":"Spire Growth","floor":38,"turns":3},{"damage":0,"enemies":"Jaw Worm Horde","floor":41,"turns":1},{"damage":36,"enemies":"Reptomancer","floor":45,"turns":4},{"damage":0,"enemies":"Sphere and 2 Shapes","floor":48,"turns":1},{"damage":99,"enemies":"Time Eater","floor":50,"turns":9}],"seed_played":"3197529024674224042","potions_obtained":[{"floor":8.0,"key":"SmokeBomb"},{"floor":11,"key":"Ancient Potion"},{"floor":12,"key":"AttackPotion"},{"floor":13,"key":"Block Potion"},{"floor":22,"key":"Block Potion"},{"floor":23,"key":"LiquidBronze"},{"floor":25,"key":"Fire Potion"},{"floor":31,"key":"LiquidBronze"}],"is_trial":false,"path_per_floor":["M","?","?","M","$","E","R","M","T","?","E","M","M","M","R","B",null,"M","M","$","?","M","E","R","M","T","R","M","R","E","M","R","B",null,"M","M","M","M","?","R","M","R","T","T","E","$","$","M","R","B"],"character_chosen":"IRONCLAD","items_purchased":["Disarm","Whirlwind","Armaments","Bag of Marbles","Mind Blast","Enlightenment","Happy Flower","Regal Pillow","Evolve","Whetstone","Pantograph"],"campfire_rested":4,"item_purchase_floors":[5,5,20,20,20,46,46,46,46,47,47],"current_hp_per_floor":[80,64,64,66,66,44,68,74,74,58,55,64,64,70,70,69,80,80,80,80,80,73,60,60,70,70,70,79,79,73,77,77,55,80,80,58,46,22,22,46,52,76,76,76,46,46,46,52,80,0],"gold":100,"neow_bonus":"TWO_FIFTY_GOLD","is_prod":false,"is_daily":false,"chose_seed":false,"campfire_upgraded":5,"win_rate":0,"timestamp":1559838330,"path_taken":["M","?","?","M","$","E","R","?","T","?","E","M","M","M","R","BOSS","M","M","$","?","M","E","R","M","T","R","M","R","E","M","R","BOSS","M","M","M","M","?","R","M","R","T","?","E","$","$","M","R","BOSS"],"build_version":"2019-01-23","purchased_purges":1,"victory":false,"max_hp_per_floor":[80,80,80,80,80,80,80,80,80,80,80,80,80,80,80,80,80,80,80,80,80,80,80,80,80,80,80,80,80,80,80,80,80,80,80,80,80,80,80,80,80,80,80,80,80,80,80,80,80,80],"card_choices":[{"not_picked":["Warcry","Blood for Blood"],"picked":"Inflame","floor":1.0},{"not_picked":["Perfected Strike","Second Wind"],"picked":"Seeing Red","floor":4.0},{"not_picked":["Havoc","Dual Wield"],"picked":"True Grit","floor":6.0},{"not_picked":["Havoc","Blood for Blood"],"picked":"Metallicize","floor":8.0},{"not_picked":["Uppercut","Perfected Strike"],"picked":"Iron Wave","floor":10},{"not_picked":["Uppercut","Corruption"],"picked":"Reaper","floor":11},{"not_picked":["Warcry","Sword Boomerang"],"picked":"Spot Weakness","floor":12},{"not_picked":["Feel No Pain","Blood for Blood"],"picked":"Combust","floor":13},{"not_picked":["Anger","Headbutt"],"picked":"Pommel Strike","floor":14},{"not_picked":["Juggernaut","Dark Embrace"],"picked":"Reaper","floor":16},{"not_picked":["Iron Wave","Combust+1"],"picked":"Shrug It Off+1","floor":18},{"not_picked":["Wild Strike","Thunderclap+1","Sever Soul"],"picked":"SKIP","floor":19},{"not_picked":["Cleave","Searing Blow"],"picked":"Sword Boomerang","floor":22},{"not_picked":["Clash","Headbutt"],"picked":"Body Slam","floor":23},{"not_picked":["True Grit","Sword Boomerang"],"picked":"Seeing Red+1","floor":25},{"not_picked":["Headbutt+1","Clash"],"picked":"Spot Weakness","floor":28},{"not_picked":["Wild Strike","Headbutt+1"],"picked":"Whirlwind+1","floor":30},{"not_picked":["Cleave+1","Feed"],"picked":"Warcry+1","floor":31},{"not_picked":["Offering","Reaper"],"picked":"Brutality","floor":33},{"not_picked":["Corruption+1","Second Wind"],"picked":"True Grit+1","floor":35},{"not_picked":["Bloodletting","Warcry"],"picked":"Rage+1","floor":36},{"not_picked":["True Grit","Perfected Strike+1"],"picked":"Pummel+1","floor":37},{"not_picked":["Headbutt","Shrug It Off"],"picked":"Ghostly Armor","floor":38},{"not_picked":["Anger+1","Intimidate"],"picked":"Ghostly Armor","floor":41},{"not_picked":["Intimidate","Headbutt"],"picked":"Second Wind+1","floor":42},{"not_picked":["Reckless Charge","Headbutt+1"],"picked":"Armaments+1","floor":45},{"not_picked":["Headbutt","Bludgeon","Armaments"],"picked":"Bloodletting","floor":48},{"not_picked":["Wild Strike","Perfected Strike+1","Anger+1"],"picked":"Sword Boomerang+1","floor":49}],"player_experience":63250,"relics_obtained":[{"floor":6.0,"key":"MawBank"},{"floor":9.0,"key":"Self Forming Clay"},{"floor":10,"key":"Odd Mushroom"},{"floor":11,"key":"Vajra"},{"floor":23,"key":"WingedGreaves"},{"floor":26,"key":"Mercury Hourglass"},{"floor":30,"key":"Dream Catcher"},{"floor":43,"key":"Mummified Hand"},{"floor":44,"key":"Bottled Flame"},{"floor":45,"key":"Question Card"}],"event_choices":[{"damage_healed":0.0,"max_hp_gain":0.0,"max_hp_loss":0.0,"gold_gain":0.0,"event_name":"Shining Light","player_choice":"Entered Light","floor":2.0,"gold_loss":0.0,"damage_taken":16.0,"cards_upgraded":["Defend_R","Defend_R"]},{"damage_healed":0.0,"max_hp_gain":0.0,"max_hp_loss":0.0,"gold_gain":100.0,"event_name":"Golden Shrine","player_choice":"Pray","floor":3.0,"gold_loss":0.0,"damage_taken":0.0},{"damage_healed":0,"gold_gain":0,"player_choice":"Fought Mushrooms","damage_taken":0,"max_hp_gain":0,"max_hp_loss":0,"event_name":"Mushrooms","floor":10,"gold_loss":0},{"damage_healed":0,"gold_gain":0,"player_choice":"Simplicity","damage_taken":0,"max_hp_gain":0,"max_hp_loss":0,"event_name":"Back to Basics","floor":21,"gold_loss":0,"cards_upgraded":["Strike_R","Strike_R","Strike_R","Strike_R","Strike_R","Defend_R","Defend_R"]},{"cards_removed":["Brutality"],"damage_healed":0,"gold_gain":0,"player_choice":"Removed Power","damage_taken":0,"max_hp_gain":0,"max_hp_loss":0,"event_name":"Falling","floor":39,"gold_loss":0}],"is_beta":false,"boss_relics":[{"not_picked":["Runic Dome","Philosopher\u0027s Stone"],"picked":"Velvet Choker"},{"not_picked":["White Beast Statue","Calling Bell"],"picked":"Sozu"}],"items_purged_floors":[47],"is_endless":false,"potions_floor_spawned":[8,11,12,13,22,23,25,31,35,37,41,45],"killed_by":"Time Eater","ascension_level":0}