{"gold_per_floor":[114,189,207,207,181,181,215,234,234,234,234,245,273,289,289,366,366,366,366,366,366,366,366,366,366,366,366,366,366,1,1,1,1,1,1,1,1,1,1,1,1,1,1,1,1,1,1,1,1,1],"floor_reached":51,"playtime":3372,"items_purged":["Defend_R"],"score":1383,"play_id":"9427e659-fb0a-4899-a48e-0d5e089b120d","local_time":"20190514120614","is_ascension_mode":true,"campfire_choices":[{"data":"Armaments","floor":6.0,"key":"SMITH"},{"data":"Bash","floor":10.0,"key":"SMITH"},{"data":"Ghostly Armor","floor":15.0,"key":"SMITH"},{"data":"Flame Barrier","floor":24.0,"key":"SMITH"},{"data":"Offering","floor":27.0,"key":"SMITH"},{"floor":29.0,"key":"REST"},{"floor":32.0,"key":"REST"},{"floor":41.0,"key":"REST"},{"data":"Inflame","floor":46.0,"key":"SMITH"},{"floor":49.0,"key":"REST"}],"neow_cost":"NONE","seed_source_timestamp":13350675649979,"circlet_count":0,"master_deck":["AscendersBane","Strike_R","Strike_R","Strike_R","Strike_R","Strike_R","Defend_R","Defend_R+1","Bash+1","Rampage","Armaments+1","Wild Strike+1","Reckless Charge+1","Spot Weakness","Heavy Blade+1","Ghostly Armor+1","Cleave+1","Offering+1","Flame Barrier+1","Pommel Strike+1","Headbutt+1","Inflame+1","Carnage+1","Ghostly Armor","Iron Wave+1","Impervious+1","Clothesline+1","Rage+1","Headbutt+1","Iron Wave+1","Feed+1","Ghostly Armor","Heavy Blade+1"],"special_seed":0,"relics":["Burning Blood","NeowsBlessing","Molten Egg 2","Anchor","Bottled Flame","Omamori","Ectoplasm","Pocketwatch","Paper Frog","Shuriken","Unceasing Top","Regal Pillow","Black Star","Matryoshka","Ice Cream","Ancient Tea Set","Bottled Tornado","Sundial","War Paint"],"potions_floor_usage":[50],"damage_taken":[{"damage":0.0,"enemies":"Jaw Worm","floor":1.0,"turns":1.0},{"damage":0.0,"enemies":"2 Louse","floor":3.0,"turns":1.0},{"damage":0.0,"enemies":"Lagavulin","floor":7.0,"turns":1.0},{"damage":1.0,"enemies":"Cultist","floor":8.0,"turns":3.0},{"damage":14.0,"enemies":"Lots of Slimes","floor":12.0,"turns":4.0},{"damage":10.0,"enemies":"3 Sentries","floor":13.0,"turns":6.0},{"damage":0.0,"enemies":"Red Slaver","floor":14.0,"turns":3.0},{"damage":65.0,"enemies":"The Guardian","floor":16.0,"turns":9.0},{"damage":6.0,"enemies":"Spheric Guardian","floor":18.0,"turns":2.0},{"damage":6.0,"enemies":"Chosen","floor":21.0,"turns":2.0},{"damage":7.0,"enemies":"Centurion and Healer","floor":22.0,"turns":4.0},{"damage":23.0,"enemies":"Slavers","floor":23.0,"turns":4.0},{"damage":9.0,"enemies":"Snake Plant","floor":25.0,"turns":2.0},{"damage":25.0,"enemies":"Book of Stabbing","floor":28.0,"turns":3.0},{"damage":11.0,"enemies":"3 Cultists","floor":31.0,"turns":4.0},{"damage":38.0,"enemies":"Champ","floor":33.0,"turns":7.0},{"damage":1.0,"enemies":"3 Shapes","floor":35.0,"turns":4.0},{"damage":7.0,"enemies":"Orb Walker","floor":37.0,"turns":2.0},{"damage":6.0,"enemies":"Maw","floor":38.0,"turns":5.0},{"damage":25.0,"enemies":"Writhing Mass","floor":39.0,"turns":5.0},{"damage":18.0,"enemies":"Giant Head","floor":40.0,"turns":6.0},{"damage":6.0,"enemies":"Spire Growth","floor":42.0,"turns":2.0},{"damage":44.0,"enemies":"Reptomancer","floor":45.0,"turns":6.0},{"damage":6.0,"enemies":"3 Darklings","floor":47.0,"turns":4.0},{"damage":11.0,"enemies":"Jaw Worm Horde","floor":48.0,"turns":6.0},{"damage":53,"enemies":"Time Eater","floor":50,"turns":8}],"seed_played":"-164954988234286437","potions_obtained":[{"floor":1.0,"key":"Poison Potion"},{"floor":13.0,"key":"FearPotion"},{"floor":14.0,"key":"Strength Potion"},{"floor":18.0,"key":"Explosive Potion"},{"floor":28.0,"key":"FearPotion"},{"floor":33.0,"key":"Dexterity Potion"},{"floor":42.0,"key":"Ancient Potion"},{"floor":48.0,"key":"Swift Potion"}],"is_trial":false,"path_per_floor":["M","?","M","?","$","R","E","M","T","R","?","M","E","M","R","B",null,"M","?","$","M","M","E","R","M","T","R","E","R","$","M","R","B",null,"M","?","M","M","M","E","R","M","T","$","E","R","M","M","R","B",null],"character_chosen":"IRONCLAD","items_purchased":["Wild Strike+1","Regal Pillow","Ghostly Armor","PowerPotion"],"campfire_rested":4,"item_purchase_floors":[5,30,30,30],"current_hp_per_floor":[74,63,69,64,64,64,70,75,75,75,75,67,63,69,69,10,59,59,59,59,59,58,41,41,38,38,38,19,41,41,36,73,41,67,72,72,71,71,52,40,75,75,75,75,37,37,41,40,79,32],"gold":1,"neow_bonus":"THREE_ENEMY_KILL","is_prod":false,"is_daily":false,"chose_seed":false,"campfire_upgraded":6,"win_rate":0,"timestamp":1557828374,"path_taken":["M","?","M","?","$","R","E","M","T","R","?","M","E","M","R","BOSS","M","?","$","M","M","E","R","M","T","R","E","R","$","M","R","BOSS","M","?","M","M","?","E","R","M","T","?","E","R","M","M","R","BOSS"],"build_version":"2019-01-23","purchased_purges":1,"victory":true,"max_hp_per_floor":[75,75,75,75,75,75,75,75,75,75,75,75,75,75,75,75,75,75,75,75,75,75,75,75,75,75,75,75,75,75,75,75,75,75,75,75,75,75,75,75,75,75,75,75,75,75,79,83,83,83],"card_choices":[{"not_picked":["True Grit","Clash"],"picked":"Rampage","floor":1.0},{"not_picked":["Anger","Body Slam"],"picked":"Armaments","floor":3.0},{"not_picked":["Heavy Blade+1","Rage"],"picked":"Reckless Charge+1","floor":7.0},{"not_picked":["Iron Wave+1","Perfected Strike+1"],"picked":"Spot Weakness","floor":8.0},{"not_picked":["Flex","Clash+1"],"picked":"Heavy Blade+1","floor":12.0},{"not_picked":["Perfected Strike+1","Sever Soul+1"],"picked":"Ghostly Armor","floor":13.0},{"not_picked":["Pommel Strike+1","Second Wind"],"picked":"Cleave+1","floor":14.0},{"not_picked":["Bludgeon+1","Barricade"],"picked":"Offering","floor":16.0},{"not_picked":["Bloodletting","Body Slam+1"],"picked":"Flame Barrier","floor":18.0},{"not_picked":["True Grit","Fire Breathing+1"],"picked":"Pommel Strike+1","floor":21.0},{"not_picked":["Entrench","Pommel Strike+1"],"picked":"Headbutt+1","floor":22.0},{"not_picked":["Combust+1","Clash+1"],"picked":"Inflame","floor":23.0},{"not_picked":["Armaments+1","Dual Wield","Burning Pact"],"picked":"SKIP","floor":25.0},{"not_picked":["Clash+1","Perfected Strike+1"],"picked":"Carnage+1","floor":28.0},{"not_picked":["Body Slam+1","Disarm"],"picked":"Iron Wave+1","floor":31.0},{"not_picked":["Immolate+1","Juggernaut"],"picked":"Impervious","floor":33.0},{"not_picked":["Second Wind","Armaments"],"picked":"Clothesline+1","floor":35.0},{"not_picked":["Flame Barrier","Cleave+1"],"picked":"Rage+1","floor":37.0},{"not_picked":["Power Through","Armaments"],"picked":"Headbutt+1","floor":38.0},{"not_picked":["Rage+1","Entrench","Disarm"],"picked":"SKIP","floor":39.0},{"not_picked":["Thunderclap+1","Perfected Strike+1","Brutality"],"picked":"SKIP","floor":40.0},{"not_picked":["Clash+1","Power Through"],"picked":"Iron Wave+1","floor":42.0},{"not_picked":["Armaments","Blood for Blood+1"],"picked":"Feed+1","floor":45.0},{"not_picked":["Anger+1","Twin Strike+1"],"picked":"Ghostly Armor","floor":47.0},{"not_picked":["Pommel Strike+1","Metallicize"],"picked":"Heavy Blade+1","floor":48.0}],"player_experience":176016,"relics_obtained":[{"floor":7.0,"key":"Anchor"},{"floor":9.0,"key":"Bottled Flame"},{"floor":13.0,"key":"Omamori"},{"floor":23.0,"key":"Paper Frog"},{"floor":26.0,"key":"Shuriken"},{"floor":28.0,"key":"Unceasing Top"},{"floor":40.0,"key":"Matryoshka"},{"floor":40.0,"key":"Ice Cream"},{"floor":43.0,"key":"Ancient Tea Set"},{"floor":43.0,"key":"Bottled Tornado"},{"floor":45.0,"key":"Sundial"},{"floor":45.0,"key":"War Paint"}],"event_choices":[{"damage_healed":0.0,"max_hp_gain":0.0,"max_hp_loss":0.0,"gold_gain":75.0,"event_name":"World of Goop","player_choice":"Gather Gold","floor":2.0,"gold_loss":0.0,"damage_taken":11.0},{"damage_healed":0.0,"max_hp_gain":0.0,"max_hp_loss":0.0,"gold_gain":0.0,"event_name":"Scrap Ooze","player_choice":"Success","floor":4.0,"gold_loss":0.0,"damage_taken":5.0,"relics_obtained":["Molten Egg 2"]},{"damage_healed":0.0,"max_hp_gain":0.0,"max_hp_loss":0.0,"gold_gain":0.0,"event_name":"Liars Game","player_choice":"Ignored","floor":11.0,"gold_loss":0.0,"damage_taken":0.0},{"damage_healed":0.0,"max_hp_gain":0.0,"max_hp_loss":0.0,"gold_gain":0.0,"event_name":"The Mausoleum","player_choice":"Opened","floor":19.0,"gold_loss":0.0,"damage_taken":0.0,"relics_obtained":["Pocketwatch"],"cards_obtained":["Writhe"]},{"cards_removed":["Defend_R"],"damage_healed":0.0,"max_hp_gain":0.0,"max_hp_loss":0.0,"gold_gain":0.0,"event_name":"Bonfire Elementals","player_choice":"Offered Basic","floor":36.0,"gold_loss":0.0,"damage_taken":0.0}],"is_beta":false,"boss_relics":[{"not_picked":["Astrolabe","Runic Pyramid"],"picked":"Ectoplasm"},{"not_picked":["Runic Dome","Black Blood"],"picked":"Black Star"}],"items_purged_floors":[30],"is_endless":false,"potions_floor_spawned":[1,13,14,18,28,31,33,38,40,42,48],"ascension_level":17}