{"gold_per_floor":[118,43,60,73,38,367,367,399,471,471,471],"floor_reached":11,"playtime":349,"items_purged":["Strike_G"],"score":142,"play_id":"44529e97-c70d-4b97-a448-0319cdedc54a","local_time":"20190607071906","is_ascension_mode":true,"campfire_choices":[{"floor":7.0,"key":"REST"},{"floor":10.0,"key":"REST"}],"neow_cost":"NONE","seed_source_timestamp":268133930222500,"circlet_count":0,"master_deck":["AscendersBane","Defend_G","Defend_G","Defend_G","Defend_G","Defend_G","Strike_G","Strike_G","Strike_G","Strike_G","Survivor","Neutralize","Footwork","Dagger Spray","PiercingWail","Slice","Footwork"],"special_seed":0,"relics":["Ring of the Snake","Old Coin","Bag of Preparation","Shuriken"],"potions_floor_usage":[],"damage_taken":[{"damage":0.0,"enemies":"Small Slimes","floor":1.0,"turns":4.0},{"damage":0.0,"enemies":"Cultist","floor":3.0,"turns":4.0},{"damage":3.0,"enemies":"2 Louse","floor":4.0,"turns":2.0},{"damage":51.0,"enemies":"Gremlin Nob","floor":6.0,"turns":8.0},{"damage":38.0,"enemies":"Lagavulin","floor":8.0,"turns":12.0},{"damage":25,"enemies":"Gremlin Nob","floor":11,"turns":4}],"seed_played":"-712821157180449080","potions_obtained":[{"floor":1.0,"key":"SkillPotion"},{"floor":6.0,"key":"Swift Potion"}],"is_trial":false,"path_per_floor":["M","$","M","M","?","E","R","E","T","R","E"],"character_chosen":"THE_SILENT","items_purchased":[],"campfire_rested":2,"item_purchase_floors":[],"current_hp_per_floor":[65,65,65,62,72,21,42,4,4,25,0],"gold":471,"neow_bonus":"TEN_PERCENT_HP_BONUS","is_prod":false,"is_daily":false,"chose_seed":false,"campfire_upgraded":0,"win_rate":0,"timestamp":1559917146,"path_taken":["M","$","M","M","?","E","R","E","T","R","E"],"build_version":"2019-01-23","purchased_purges":1,"victory":false,"max_hp_per_floor":[72,72,72,72,72,72,72,72,72,72,72],"card_choices":[{"not_picked":["Dagger Throw","Heel Hook"],"picked":"Footwork","floor":1.0},{"not_picked":["Slice","Acrobatics"],"picked":"Dagger Spray","floor":3.0},{"not_picked":["Backflip","Reflex"],"picked":"PiercingWail","floor":4.0},{"not_picked":["Skewer","Underhanded Strike"],"picked":"Slice","floor":6.0},{"not_picked":["Accuracy","Wraith Form v2"],"picked":"Footwork","floor":8.0}],"player_experience":357755,"relics_obtained":[{"floor":6.0,"key":"Old Coin"},{"floor":8.0,"key":"Bag of Preparation"},{"floor":9.0,"key":"Shuriken"}],"event_choices":[{"damage_healed":18.0,"max_hp_gain":0.0,"max_hp_loss":0.0,"gold_gain":0.0,"event_name":"The Cleric","player_choice":"Healed","floor":5.0,"gold_loss":35.0,"damage_taken":0.0}],"is_beta":false,"boss_relics":[],"items_purged_floors":[2],"is_endless":false,"potions_floor_spawned":[1,6],"killed_by":"Gremlin Nob","ascension_level":15}