{"gold_per_floor":[118,118,138,138,64,89,14,14,14,14,39,58,58,99,99,225,225,244,265,265,284,284],"floor_reached":22,"playtime":2091,"items_purged":["Doubt"],"score":194,"play_id":"46904443-b7d3-4fdf-95d4-311e2c44ba5f","local_time":"20190606213547","is_ascension_mode":false,"campfire_choices":[{"data":"Searing Blow+1","floor":10,"key":"SMITH"},{"data":"Searing Blow+2","floor":13,"key":"SMITH"},{"data":"Searing Blow+3","floor":15,"key":"SMITH"}],"neow_cost":"CURSE","seed_source_timestamp":221219060939100,"circlet_count":0,"master_deck":["Strike_R","Strike_R","Strike_R+1","Defend_R","Defend_R","Defend_R","Disarm","Dual Wield","Second Wind","Flame Barrier","Searing Blow+4","Seeing Red","Armaments","Brutality","Second Wind+1"],"relics":["Burning Blood","Dodecahedron","Whetstone","Bloody Idol","Kunai","Gambling Chip","Empty Cage"],"potions_floor_usage":[6,16,16,21],"damage_taken":[{"damage":0,"enemies":"Cultist","floor":1,"turns":3},{"damage":9,"enemies":"Jaw Worm","floor":3,"turns":4},{"damage":34,"enemies":"Lagavulin","floor":6,"turns":9},{"damage":2,"enemies":"2 Louse","floor":11,"turns":2},{"damage":2,"enemies":"Exordium Wildlife","floor":12,"turns":5},{"damage":18,"enemies":"3 Sentries","floor":14,"turns":7},{"damage":32,"enemies":"Hexaghost","floor":16,"turns":9},{"damage":11,"enemies":"Spheric Guardian","floor":18,"turns":4},{"damage":28,"enemies":"Shell Parasite","floor":19,"turns":5},{"damage":1,"enemies":"Snecko","floor":21,"turns":5},{"damage":61,"enemies":"Cultist and Chosen","floor":22,"turns":12}],"seed_played":"4695535722507655552","potions_obtained":[{"floor":1,"key":"Strength Potion"},{"floor":12,"key":"FearPotion"},{"floor":14,"key":"BloodPotion"},{"floor":18,"key":"Block Potion"},{"floor":19,"key":"SteroidPotion"}],"is_trial":false,"path_per_floor":["M","?","M","?","$","E","$","?","T","R","M","M","R","E","R","B",null,"M","M","?","M","M"],"character_chosen":"IRONCLAD","items_purchased":["Searing Blow"],"campfire_rested":0,"item_purchase_floors":[5],"current_hp_per_floor":[80,73,70,70,70,42,42,42,42,42,46,50,50,38,38,19,74,69,47,47,57,0],"gold":284,"neow_bonus":"TRANSFORM_TWO_CARDS","is_prod":false,"is_daily":false,"chose_seed":false,"campfire_upgraded":3,"win_rate":0,"timestamp":1559824547,"path_taken":["M","?","M","?","$","E","$","?","T","R","M","?","R","E","R","BOSS","M","M","?","M","M"],"build_version":"2019-01-23","purchased_purges":1,"victory":false,"max_hp_per_floor":[80,80,80,80,80,80,80,74,74,74,74,74,74,74,74,74,74,74,74,74,74,74],"card_choices":[{"not_picked":["Uppercut","Clash"],"picked":"Dual Wield","floor":1},{"not_picked":["Reckless Charge","Sword Boomerang"],"picked":"Second Wind","floor":3},{"not_picked":["True Grit","Sword Boomerang"],"picked":"Seeing Red","floor":6},{"not_picked":["Clash","Fire Breathing","Armaments"],"picked":"SKIP","floor":11},{"not_picked":["Wild Strike","Twin Strike","True Grit"],"picked":"SKIP","floor":12},{"not_picked":["Wild Strike","Bloodletting"],"picked":"Armaments","floor":14},{"not_picked":["Impervious","Reaper"],"picked":"Brutality","floor":16},{"not_picked":["Wild Strike","Shrug It Off","Cleave"],"picked":"SKIP","floor":18},{"not_picked":["Cleave+1","Wild Strike"],"picked":"Second Wind+1","floor":19},{"not_picked":["Cleave+1","Sword Boomerang","Clothesline"],"picked":"SKIP","floor":21}],"player_experience":51668,"relics_obtained":[{"floor":6,"key":"Whetstone"},{"floor":9,"key":"Kunai"},{"floor":14,"key":"Gambling Chip"}],"event_choices":[{"damage_healed":0,"gold_gain":0,"player_choice":"Success","damage_taken":7,"relics_obtained":["Dodecahedron"],"max_hp_gain":0,"max_hp_loss":0,"event_name":"Scrap Ooze","floor":2,"gold_loss":0},{"damage_healed":0,"gold_gain":0,"cards_transformed":["Strike_R"],"player_choice":"Change","damage_taken":0,"max_hp_gain":0,"max_hp_loss":0,"event_name":"Living Wall","floor":4,"gold_loss":0,"cards_obtained":["Flame Barrier"]},{"damage_healed":0,"gold_gain":0,"player_choice":"Lose Max HP","damage_taken":0,"relics_obtained":["Golden Idol"],"max_hp_gain":0,"max_hp_loss":6,"event_name":"Golden Idol","floor":8,"gold_loss":0},{"damage_healed":0,"gold_gain":0,"player_choice":"Gave Idol","damage_taken":0,"relics_obtained":["Bloody Idol"],"max_hp_gain":0,"max_hp_loss":0,"event_name":"Forgotten Altar","floor":20,"relics_lost":["Golden Idol"],"gold_loss":0}],"is_beta":false,"boss_relics":[{"not_picked":["Eternal Feather","Black Star"],"picked":"Empty Cage"}],"items_purged_floors":[7],"is_endless":false,"potions_floor_spawned":[1,12,14,18,19],"killed_by":"Cultist and Chosen","ascension_level":0}