{"gold_per_floor":[119,129,149,149,163,198,198,208,232,24,24,105,119,131,131,208,208,222,151,51],"floor_reached":20,"playtime":665,"items_purged":[],"score":326,"play_id":"ca90a42b-9d95-4de2-a655-6b77960690f2","local_time":"20190605110747","is_ascension_mode":true,"campfire_choices":[{"data":"True Grit","floor":7,"key":"SMITH"},{"floor":15,"key":"REST"}],"neow_cost":"NONE","seed_source_timestamp":1186280704981733,"circlet_count":0,"master_deck":["AscendersBane","Strike_R","Strike_R","Strike_R","Strike_R","Strike_R","Defend_R","Defend_R","Defend_R","Defend_R","Bash","Twin Strike","Thunderclap","Ghostly Armor","True Grit+1","Twin Strike","Shockwave+1","Inflame","Shrug It Off+1","Reaper","Whirlwind","Metallicize","Barricade","Evolve"],"relics":["Runic Dome","The Courier","Regal Pillow","Boot","Pear","Philosopher\u0027s Stone","War Paint"],"potions_floor_usage":[5,6,16,18],"damage_taken":[{"damage":4,"enemies":"2 Louse","floor":1,"turns":2},{"damage":2,"enemies":"Jaw Worm","floor":2,"turns":2},{"damage":1,"enemies":"Cultist","floor":3,"turns":3},{"damage":21,"enemies":"Exordium Thugs","floor":5,"turns":5},{"damage":28,"enemies":"Gremlin Nob","floor":6,"turns":4},{"damage":13,"enemies":"Large Slime","floor":8,"turns":4},{"damage":13,"enemies":"Blue Slaver","floor":13,"turns":4},{"damage":12,"enemies":"Exordium Wildlife","floor":14,"turns":3},{"damage":48,"enemies":"Slime Boss","floor":16,"turns":10},{"damage":30,"enemies":"Spheric Guardian","floor":18,"turns":7},{"damage":48,"enemies":"2 Thieves","floor":20,"turns":3}],"seed_played":"-1868522153617293586","potions_obtained":[{"floor":1,"key":"FearPotion"},{"floor":3,"key":"BloodPotion"},{"floor":5,"key":"PowerPotion"},{"floor":13,"key":"Ancient Potion"},{"floor":14,"key":"Weak Potion"},{"floor":18,"key":"Swift Potion"}],"is_trial":false,"path_per_floor":["M","M","M","?","M","E","R","M","T","$","?","T","M","M","R","B",null,"M","?","M"],"character_chosen":"IRONCLAD","items_purchased":["Inflame","Shrug It Off","Reaper"],"campfire_rested":1,"item_purchase_floors":[10,10,10],"current_hp_per_floor":[64,62,61,66,53,25,25,12,12,12,12,22,14,13,55,31,75,45,45,0],"gold":51,"neow_bonus":"BOSS_RELIC","is_prod":false,"is_daily":false,"chose_seed":false,"campfire_upgraded":1,"win_rate":0,"timestamp":1559758067,"path_taken":["M","M","M","?","M","E","R","M","T","$","?","?","?","M","R","BOSS","M","?","?"],"build_version":"2019-01-23","purchased_purges":0,"victory":false,"max_hp_per_floor":[75,75,75,80,80,80,80,80,80,80,80,90,90,90,90,90,90,90,90,90],"card_choices":[{"not_picked":["Body Slam","Seeing Red"],"picked":"Twin Strike","floor":1},{"not_picked":["Fire Breathing","Bloodletting"],"picked":"Thunderclap","floor":2},{"not_picked":["Sever Soul","Pommel Strike"],"picked":"Ghostly Armor","floor":3},{"not_picked":["Dropkick","Dual Wield"],"picked":"True Grit","floor":5},{"not_picked":["Entrench","Wild Strike"],"picked":"Twin Strike","floor":6},{"not_picked":["Iron Wave","Searing Blow"],"picked":"Shockwave","floor":8},{"not_picked":["Thunderclap","Body Slam"],"picked":"Whirlwind","floor":13},{"not_picked":["Rage","Anger"],"picked":"Metallicize","floor":14},{"not_picked":["Bludgeon","Feed"],"picked":"Barricade","floor":16},{"not_picked":["Flex","Iron Wave"],"picked":"Evolve","floor":18}],"player_experience":802849,"relics_obtained":[{"floor":6,"key":"The Courier"},{"floor":9,"key":"Regal Pillow"},{"floor":12,"key":"Pear"}],"event_choices":[{"damage_healed":0,"gold_gain":0,"player_choice":"Donut","damage_taken":0,"max_hp_gain":5,"max_hp_loss":0,"event_name":"Big Fish","floor":4,"gold_loss":0},{"damage_healed":0,"gold_gain":0,"player_choice":"Searched \u00272\u0027 times","damage_taken":0,"relics_obtained":["Boot"],"max_hp_gain":0,"max_hp_loss":0,"event_name":"Dead Adventurer","floor":11,"gold_loss":0},{"damage_healed":0,"gold_gain":0,"player_choice":"Paid Gold","damage_taken":0,"relics_obtained":["War Paint"],"max_hp_gain":0,"max_hp_loss":0,"event_name":"WeMeetAgain","floor":19,"gold_loss":71}],"is_beta":false,"boss_relics":[{"not_picked":["White Beast Statue","Calling Bell"],"picked":"Philosopher\u0027s Stone"}],"items_purged_floors":[],"is_endless":false,"potions_floor_spawned":[1,3,5,13,14,18],"killed_by":"2 Thieves","ascension_level":17}