{"gold_per_floor":[115,134,148,160,174,174,209,225,225,17,42,42,72,37,37,111,111,129,44,62,62,77,77,107,107,107,107,7,24,24,39,39,111,111,129,139,158,172,185,185,213,213,213,247,247,247,276,24,24,24,24,24,24,24],"floor_reached":54,"playtime":5427,"items_purged":["Pain","Doubt"],"score":1269,"play_id":"d3c86952-463f-41e2-89a6-5e82ac97d0f2","local_time":"20190517165356","is_ascension_mode":true,"campfire_choices":[{"data":"Cloak And Dagger","floor":6.0,"key":"SMITH"},{"floor":12.0,"key":"REST"},{"floor":15.0,"key":"REST"},{"data":"Burst","floor":23.0,"key":"SMITH"},{"data":"Cloak And Dagger","floor":25.0,"key":"SMITH"},{"data":"Neutralize","floor":32.0,"key":"SMITH"},{"floor":40.0,"key":"REST"},{"floor":42.0,"key":"RECALL"},{"data":"Infinite Blades","floor":46,"key":"SMITH"},{"data":"After Image","floor":49,"key":"SMITH"},{"data":"Panacea","floor":52,"key":"SMITH"}],"neow_cost":"NONE","seed_source_timestamp":3169519909850282,"circlet_count":0,"master_deck":["AscendersBane","Defend_G","Defend_G","Defend_G","Defend_G","Defend_G","Strike_G","Strike_G","Strike_G","Strike_G","Strike_G","Survivor","Neutralize+1","Terror","Cloak And Dagger+1","Prepared","Escape Plan","Deadly Poison","Acrobatics","Footwork","Cloak And Dagger+1","Venomology","Infinite Blades+1","Burst+1","Backflip","Backflip","Injury","Cloak And Dagger+1","PiercingWail","PiercingWail","After Image+1","Accuracy","Footwork","Well Laid Plans","PiercingWail","Panacea+1","Metamorphosis","Secret Weapon","Crippling Poison"],"special_seed":0,"relics":["Cursed Key","Kunai","Art of War","Potion Belt","Regal Pillow","Eternal Feather","Matryoshka","Boot","StoneCalendar","Question Card","Pear","Black Star","Paper Crane","Turnip","Orichalcum","Lantern","Oddly Smooth Stone","Mummified Hand","Ninja Scroll"],"potions_floor_usage":[44,44,47,47,47,50,50,54,54],"damage_taken":[{"damage":0.0,"enemies":"Cultist","floor":1.0,"turns":4.0},{"damage":0.0,"enemies":"Jaw Worm","floor":2.0,"turns":5.0},{"damage":3.0,"enemies":"Small Slimes","floor":3.0,"turns":4.0},{"damage":8.0,"enemies":"Exordium Wildlife","floor":4.0,"turns":6.0},{"damage":10.0,"enemies":"3 Louse","floor":5.0,"turns":4.0},{"damage":19.0,"enemies":"Lagavulin","floor":7.0,"turns":7.0},{"damage":0.0,"enemies":"Red Slaver","floor":8.0,"turns":5.0},{"damage":17.0,"enemies":"3 Sentries","floor":11.0,"turns":9.0},{"damage":18.0,"enemies":"The Guardian","floor":16.0,"turns":11.0},{"damage":13.0,"enemies":"Spheric Guardian","floor":18.0,"turns":8.0},{"damage":13.0,"enemies":"Shell Parasite","floor":20.0,"turns":8.0},{"damage":6.0,"enemies":"Snecko","floor":22.0,"turns":7.0},{"damage":15.0,"enemies":"Slavers","floor":24.0,"turns":7.0},{"damage":8.0,"enemies":"Centurion and Healer","floor":29.0,"turns":7.0},{"damage":13.0,"enemies":"3 Cultists","floor":31.0,"turns":7.0},{"damage":67.0,"enemies":"Collector","floor":33.0,"turns":22.0},{"damage":2.0,"enemies":"Orb Walker","floor":35.0,"turns":7.0},{"damage":0.0,"enemies":"3 Shapes","floor":36.0,"turns":7.0},{"damage":33.0,"enemies":"Sphere and 2 Shapes","floor":37.0,"turns":7.0},{"damage":17.0,"enemies":"Spire Growth","floor":38.0,"turns":8.0},{"damage":0.0,"enemies":"Maw","floor":39.0,"turns":9.0},{"damage":18.0,"enemies":"Nemesis","floor":41.0,"turns":9.0},{"damage":9,"enemies":"Giant Head","floor":44,"turns":11},{"damage":37,"enemies":"Nemesis","floor":47,"turns":7},{"damage":33,"enemies":"Donu and Deca","floor":50,"turns":18},{"damage":83,"enemies":"Shield and Spear","floor":54,"turns":5}],"seed_played":"4797847146656260766","potions_obtained":[{"floor":1.0,"key":"Fire Potion"},{"floor":2.0,"key":"Fruit Juice"},{"floor":8.0,"key":"LiquidBronze"},{"floor":16.0,"key":"SkillPotion"},{"floor":18.0,"key":"Ancient Potion"},{"floor":29.0,"key":"LiquidBronze"},{"floor":33.0,"key":"AttackPotion"},{"floor":35.0,"key":"LiquidBronze"},{"floor":39.0,"key":"SpeedPotion"}],"is_trial":false,"path_per_floor":["M","M","M","M","M","R","E","M","T","$","E","R","?","$","R","B",null,"M","?","M","T","M","R","E","R","T","?","$","M","?","M","R","B",null,"M","M","M","M","M","R","E","R","T","E","?","R","E","$","R","B",null,"R","$","E"],"character_chosen":"THE_SILENT","items_purchased":["Footwork","Cloak And Dagger","Infinite Blades","Ninja Scroll"],"campfire_rested":3,"item_purchase_floors":[10,10,14,48],"current_hp_per_floor":[59,59,61,53,43,43,24,24,24,24,7,28,28,28,64,46,65,52,52,54,54,48,63,48,63,73,73,73,65,65,52,70,3,62,60,60,27,10,10,67,49,67,67,73,63,81,44,44,65,32,69,81,81,0],"gold":24,"neow_bonus":"BOSS_RELIC","is_prod":false,"is_daily":false,"chose_seed":false,"campfire_upgraded":7,"win_rate":0,"timestamp":1558137236,"path_taken":["M","M","M","M","M","R","E","M","T","?","E","R","?","$","R","BOSS","M","?","M","?","M","R","E","R","T","?","$","M","?","?","R","BOSS","M","M","M","M","?","R","E","R","T","E","?","R","E","$","R","BOSS","R","$","E"],"build_version":"2019-01-23","purchased_purges":2,"victory":false,"max_hp_per_floor":[66,66,71,71,71,71,71,71,71,71,71,71,71,71,71,71,71,71,71,71,71,71,71,71,71,81,81,81,81,81,81,81,81,81,81,81,81,81,81,81,81,81,81,81,81,81,81,81,81,81,81,81,81,81],"card_choices":[{"not_picked":["Poisoned Stab","Sucker Punch","Dagger Throw"],"picked":"SKIP","floor":1.0},{"not_picked":["Acrobatics","Quick Slash"],"picked":"Terror","floor":2.0},{"not_picked":["Underhanded Strike","Bane"],"picked":"Cloak And Dagger","floor":3.0},{"not_picked":["Blade Dance","Catalyst"],"picked":"Prepared","floor":4.0},{"not_picked":["Dagger Spray","Phantasmal Killer"],"picked":"Escape Plan","floor":5.0},{"not_picked":["Blade Dance","Underhanded Strike"],"picked":"Deadly Poison","floor":7.0},{"not_picked":["Sucker Punch","Poisoned Stab"],"picked":"Acrobatics","floor":8.0},{"not_picked":["All Out Attack","Poisoned Stab"],"picked":"Venomology","floor":11.0},{"not_picked":["Die Die Die","A Thousand Cuts"],"picked":"Burst","floor":16.0},{"not_picked":["Prepared","Expertise"],"picked":"Backflip","floor":18.0},{"not_picked":["Calculated Gamble","Dagger Spray"],"picked":"Backflip","floor":20.0},{"not_picked":["Sucker Punch","Prepared","Outmaneuver"],"picked":"SKIP","floor":22.0},{"not_picked":["Outmaneuver","Flying Knee"],"picked":"Cloak And Dagger","floor":24.0},{"not_picked":["Footwork","Masterful Stab","Die Die Die"],"picked":"PiercingWail","floor":29.0},{"not_picked":["Prepared","Sucker Punch","Dodge and Roll"],"picked":"PiercingWail","floor":31.0},{"not_picked":["Night Terror","Doppelganger","Adrenaline"],"picked":"After Image","floor":33.0},{"not_picked":["Skewer+1","Sucker Punch","Dagger Throw","Slice+1"],"picked":"SKIP","floor":35.0},{"not_picked":["Cloak And Dagger","Catalyst","Dagger Throw"],"picked":"Accuracy","floor":36.0},{"not_picked":["Slice","Concentrate","Acrobatics"],"picked":"Footwork","floor":37.0},{"not_picked":["Flying Knee","Predator","Blade Dance","Concentrate"],"picked":"SKIP","floor":38.0},{"not_picked":["Poisoned Stab","Dagger Spray","Riddle With Holes","Flying Knee"],"picked":"SKIP","floor":39.0},{"not_picked":["All Out Attack","Night Terror","Skewer"],"picked":"Well Laid Plans","floor":41.0},{"not_picked":["Quick Slash","Dagger Throw","Prepared+1"],"picked":"PiercingWail","floor":44},{"not_picked":["Thinking Ahead","Purity","Dramatic Entrance"],"picked":"Panacea","floor":45},{"not_picked":["Thinking Ahead","Mayhem","Impatience"],"picked":"Metamorphosis","floor":45},{"not_picked":["Secret Technique","The Bomb","Enlightenment"],"picked":"Secret Weapon","floor":45},{"not_picked":["PiercingWail","Quick Slash","Flying Knee"],"picked":"Crippling Poison","floor":47}],"player_experience":627141,"relics_obtained":[{"floor":7.0,"key":"Kunai"},{"floor":9.0,"key":"Art of War"},{"floor":11.0,"key":"Potion Belt"},{"floor":21.0,"key":"Boot"},{"floor":21.0,"key":"StoneCalendar"},{"floor":24.0,"key":"Question Card"},{"floor":26.0,"key":"Pear"},{"floor":41.0,"key":"Paper Crane"},{"floor":41.0,"key":"Turnip"},{"floor":44,"key":"Orichalcum"},{"floor":44,"key":"Lantern"},{"floor":47,"key":"Oddly Smooth Stone"},{"floor":47,"key":"Mummified Hand"}],"event_choices":[{"damage_healed":0.0,"max_hp_gain":0.0,"max_hp_loss":0.0,"gold_gain":30.0,"event_name":"Dead Adventurer","player_choice":"Searched \u00272\u0027 times","floor":13.0,"gold_loss":0.0,"damage_taken":0.0,"relics_obtained":["Regal Pillow"]},{"damage_healed":0.0,"max_hp_gain":0.0,"max_hp_loss":0.0,"gold_gain":0.0,"event_name":"Addict","player_choice":"Obtained Relic","floor":19.0,"gold_loss":85.0,"damage_taken":0.0,"relics_obtained":["Matryoshka"]},{"damage_healed":0.0,"max_hp_gain":0.0,"max_hp_loss":0.0,"gold_gain":0.0,"event_name":"Vampires","player_choice":"Ignored","floor":27.0,"gold_loss":0.0,"damage_taken":0.0},{"damage_healed":0.0,"max_hp_gain":0.0,"max_hp_loss":0.0,"gold_gain":0.0,"event_name":"Upgrade Shrine","player_choice":"Upgraded","floor":30.0,"gold_loss":0.0,"damage_taken":0.0,"cards_upgraded":["Cloak And Dagger"]},{"damage_healed":0,"gold_gain":0,"player_choice":"Memory 3","damage_taken":10,"max_hp_gain":0,"max_hp_loss":0,"event_name":"SensoryStone","floor":45,"gold_loss":0}],"is_beta":false,"boss_relics":[{"not_picked":["Calling Bell","Busted Crown"],"picked":"Eternal Feather"},{"not_picked":["White Beast Statue","Astrolabe"],"picked":"Black Star"}],"items_purged_floors":[10,28],"is_endless":false,"potions_floor_spawned":[1,2,8,16,18,29,33,35,39,41],"killed_by":"Shield and Spear","ascension_level":14}