{"gold_per_floor":[114,114,114,129,142,142,173,173,199,213,213,227,255,280,280,399,399,422,347,365,381,381,381,120,158,158,176,14,27,27,46,46,176,176,199,199,220,220,238,198,198,239,239,239,253,6,30,45,45,45],"floor_reached":51,"playtime":2796,"items_purged":["Static Discharge"],"score":851,"play_id":"b8627da8-7003-4d8f-b642-300ad929bf4b","local_time":"20190523165547","is_ascension_mode":true,"campfire_choices":[{"data":"Static Discharge","floor":6.0,"key":"SMITH"},{"floor":11.0,"key":"DIG"},{"floor":15.0,"key":"REST"},{"floor":23.0,"key":"REST"},{"floor":32.0,"key":"REST"},{"floor":41.0,"key":"DIG"},{"floor":44.0,"key":"DIG"},{"data":"Apotheosis","floor":49,"key":"SMITH"}],"neow_cost":"NONE","seed_source_timestamp":0,"circlet_count":0,"master_deck":["Zap+1","Dualcast+1","Ball Lightning","Static Discharge+1","Sweeping Beam","Chill","Buffer","Echo Form","Capacitor","Heatsinks","Fusion+1","Cold Snap","Heatsinks","White Noise+1","Double Energy","Rainbow","Go for the Eyes+1","Self Repair","Apotheosis+1","Defragment","Creative AI","Madness","Madness","Finesse","Consume","Capacitor"],"special_seed":0,"relics":["Cracked Core","NeowsBlessing","Golden Idol","Shovel","FossilizedHelix","Ancient Tea Set","Anchor","Odd Mushroom","Pandora\u0027s Box","Omamori","Mummified Hand","MutagenicStrength","Runic Dome","Potion Belt","Orichalcum","Bronze Scales","Chemical X"],"potions_floor_usage":[50],"damage_taken":[{"damage":0.0,"enemies":"Small Slimes","floor":1.0,"turns":1.0},{"damage":0.0,"enemies":"Jaw Worm","floor":4.0,"turns":1.0},{"damage":0.0,"enemies":"Cultist","floor":5.0,"turns":1.0},{"damage":21.0,"enemies":"Lagavulin","floor":7.0,"turns":6.0},{"damage":15.0,"enemies":"Exordium Thugs","floor":10.0,"turns":4.0},{"damage":0.0,"enemies":"3 Louse","floor":12.0,"turns":2.0},{"damage":16.0,"enemies":"The Mushroom Lair","floor":13.0,"turns":3.0},{"damage":3.0,"enemies":"Blue Slaver","floor":14.0,"turns":4.0},{"damage":23.0,"enemies":"The Guardian","floor":16.0,"turns":8.0},{"damage":13.0,"enemies":"Spheric Guardian","floor":18.0,"turns":4.0},{"damage":13.0,"enemies":"Chosen","floor":20.0,"turns":6.0},{"damage":30.0,"enemies":"Shelled Parasite and Fungi","floor":21.0,"turns":4.0},{"damage":17.0,"enemies":"Book of Stabbing","floor":25.0,"turns":4.0},{"damage":0.0,"enemies":"Centurion and Healer","floor":27.0,"turns":4.0},{"damage":6.0,"enemies":"Snake Plant","floor":29.0,"turns":4.0},{"damage":0.0,"enemies":"Cultist and Chosen","floor":31.0,"turns":4.0},{"damage":0.0,"enemies":"Collector","floor":33.0,"turns":6.0},{"damage":4.0,"enemies":"Orb Walker","floor":35.0,"turns":4.0},{"damage":9.0,"enemies":"3 Darklings","floor":37.0,"turns":3.0},{"damage":0.0,"enemies":"Spire Growth","floor":39.0,"turns":4.0},{"damage":0.0,"enemies":"Giant Head","floor":42.0,"turns":5.0},{"damage":0.0,"enemies":"4 Shapes","floor":45.0,"turns":5.0},{"damage":0,"enemies":"Writhing Mass","floor":47,"turns":3},{"damage":0,"enemies":"Maw","floor":48,"turns":5},{"damage":35,"enemies":"Awakened One","floor":50,"turns":9}],"seed_played":"8936135985713862348","potions_obtained":[{"floor":1.0,"key":"SteroidPotion"},{"floor":4.0,"key":"Ancient Potion"},{"floor":5.0,"key":"Dexterity Potion"},{"floor":14.0,"key":"Block Potion"},{"floor":21.0,"key":"Swift Potion"},{"floor":27.0,"key":"Ancient Potion"},{"floor":29.0,"key":"LiquidBronze"},{"floor":35.0,"key":"SteroidPotion"},{"floor":37.0,"key":"PowerPotion"}],"is_trial":false,"path_per_floor":["M","?","?","M","M","R","E","T","T","M","R","M","?","M","R","B",null,"M","?","M","M","?","R","$","E","T","M","$","M","?","M","R","B",null,"M","?","M","?","M","?","R","E","T","R","M","$","M","M","R","B",null],"character_chosen":"DEFECT","items_purchased":["Fire Potion","Rainbow","Apotheosis","Chemical X","Block Potion"],"campfire_rested":3,"item_purchase_floors":[24,24,28,46,46],"current_hp_per_floor":[75,69,69,69,69,69,48,48,48,33,33,33,17,14,34,11,69,56,56,43,13,13,33,33,16,16,16,16,20,20,20,40,47,69,69,60,61,61,69,69,69,69,69,69,69,69,69,69,69,44],"gold":45,"neow_bonus":"THREE_ENEMY_KILL","is_prod":false,"is_daily":false,"chose_seed":false,"campfire_upgraded":2,"win_rate":0,"timestamp":1558623347,"path_taken":["M","?","?","M","?","R","E","?","T","M","R","M","?","M","R","BOSS","M","?","M","M","?","R","$","E","T","?","$","M","?","M","R","BOSS","M","?","M","?","M","?","R","E","T","R","M","$","?","M","R","BOSS"],"build_version":"2019-05-07","purchased_purges":1,"victory":true,"max_hp_per_floor":[75,69,69,69,69,69,69,69,69,69,69,69,69,69,69,69,69,69,69,69,69,69,69,69,69,69,69,69,69,69,69,69,69,69,69,69,69,69,69,69,69,69,69,69,69,69,69,69,69,69],"card_choices":[{"not_picked":["Beam Cell","Recycle"],"picked":"Ball Lightning","floor":1.0},{"not_picked":["Compile Driver","Hologram"],"picked":"Static Discharge","floor":4.0},{"not_picked":["Rebound","Sweeping Beam","Streamline"],"picked":"SKIP","floor":5.0},{"not_picked":["Compile Driver","Sweeping Beam","Rebound"],"picked":"SKIP","floor":7.0},{"not_picked":["Ball Lightning","Steam"],"picked":"Sweeping Beam","floor":10.0},{"not_picked":["Barrage","Ball Lightning"],"picked":"Echo Form","floor":12.0},{"not_picked":["Loop","Sweeping Beam"],"picked":"Chill","floor":14.0},{"not_picked":["Amplify","Rainbow"],"picked":"Buffer","floor":16.0},{"not_picked":["Sweeping Beam","FTL+1"],"picked":"White Noise+1","floor":18.0},{"not_picked":["Heatsinks","Steam"],"picked":"Double Energy","floor":20.0},{"not_picked":["Cold Snap","Hologram","Coolheaded"],"picked":"SKIP","floor":21.0},{"not_picked":["Heatsinks","Conserve Battery"],"picked":"Go for the Eyes+1","floor":25.0},{"not_picked":["Rip and Tear+1","Coolheaded"],"picked":"Self Repair","floor":27.0},{"not_picked":["Ball Lightning+1","Hyperbeam","Gash"],"picked":"SKIP","floor":29.0},{"not_picked":["Stack","Compile Driver"],"picked":"Defragment","floor":31.0},{"not_picked":["Multi-Cast","Fission"],"picked":"Creative AI","floor":33.0},{"not_picked":["Ball Lightning","Coolheaded+1","Beam Cell+1"],"picked":"SKIP","floor":35.0},{"not_picked":["Steam","Stack","Coolheaded"],"picked":"SKIP","floor":37.0},{"not_picked":["Deep Breath","Bandage Up"],"picked":"Finesse","floor":38.0},{"not_picked":["Gash+1","Chill+1"],"picked":"Consume","floor":39.0},{"not_picked":["Cold Snap","Undo+1","Barrage"],"picked":"SKIP","floor":42.0},{"not_picked":["Turbo+1","Melter+1","White Noise+1"],"picked":"SKIP","floor":45.0},{"not_picked":["Lockon","Rebound"],"picked":"Capacitor","floor":47},{"not_picked":["Tempest","Sweeping Beam+1","Redo+1"],"picked":"SKIP","floor":48}],"player_experience":334970,"relics_obtained":[{"floor":7.0,"key":"Shovel"},{"floor":8.0,"key":"FossilizedHelix"},{"floor":9.0,"key":"Ancient Tea Set"},{"floor":11.0,"key":"Anchor"},{"floor":13.0,"key":"Odd Mushroom"},{"floor":25.0,"key":"Omamori"},{"floor":26.0,"key":"Mummified Hand"},{"floor":41.0,"key":"Potion Belt"},{"floor":42.0,"key":"Orichalcum"},{"floor":44.0,"key":"Bronze Scales"}],"event_choices":[{"damage_healed":0.0,"max_hp_gain":0.0,"max_hp_loss":6.0,"gold_gain":0.0,"event_name":"Golden Idol","player_choice":"Lose Max HP","floor":2.0,"gold_loss":0.0,"damage_taken":0.0,"relics_obtained":["Golden Idol"]},{"damage_healed":0.0,"max_hp_gain":0.0,"max_hp_loss":0.0,"gold_gain":0.0,"event_name":"Accursed Blacksmith","player_choice":"Forge","floor":3.0,"gold_loss":0.0,"damage_taken":0.0,"cards_upgraded":["Zap"]},{"damage_healed":0.0,"max_hp_gain":0.0,"max_hp_loss":0.0,"gold_gain":0.0,"event_name":"Mushrooms","player_choice":"Fought Mushrooms","floor":13.0,"gold_loss":0.0,"damage_taken":0.0},{"cards_removed":["Echo Form"],"damage_healed":0.0,"max_hp_gain":0.0,"max_hp_loss":0.0,"gold_gain":0.0,"event_name":"Beggar","player_choice":"Gave Gold","floor":19.0,"gold_loss":75.0,"damage_taken":0.0},{"cards_removed":["Static Discharge"],"damage_healed":0.0,"max_hp_gain":0.0,"max_hp_loss":0.0,"gold_gain":0.0,"event_name":"Purifier","player_choice":"Purged","floor":22.0,"gold_loss":0.0,"damage_taken":0.0},{"damage_healed":0.0,"max_hp_gain":0.0,"max_hp_loss":0.0,"gold_gain":0.0,"event_name":"Drug Dealer","player_choice":"Inject Mutagens","floor":30.0,"gold_loss":0.0,"damage_taken":0.0,"relics_obtained":["MutagenicStrength"]},{"damage_healed":0.0,"max_hp_gain":0.0,"max_hp_loss":0.0,"gold_gain":0.0,"event_name":"Winding Halls","player_choice":"Embrace Madness","floor":36.0,"gold_loss":0.0,"damage_taken":9.0,"cards_obtained":["Madness","Madness"]},{"damage_healed":0.0,"max_hp_gain":0.0,"max_hp_loss":0.0,"gold_gain":0.0,"event_name":"SensoryStone","player_choice":"Memory 1","floor":38.0,"gold_loss":0.0,"damage_taken":0.0},{"damage_healed":0.0,"max_hp_gain":0.0,"max_hp_loss":0.0,"gold_gain":0.0,"event_name":"Designer","player_choice":"Upgraded Two","floor":40.0,"gold_loss":40.0,"damage_taken":0.0,"cards_upgraded":["Fusion","Dualcast"]}],"is_beta":true,"boss_relics":[{"not_picked":["Velvet Choker","Tiny House"],"picked":"Pandora\u0027s Box"},{"not_picked":["Eternal Feather","Orrery"],"picked":"Runic Dome"}],"items_purged_floors":[24],"is_endless":false,"potions_floor_spawned":[1,4,5,14,21,27,29,35,37,39],"ascension_level":2}