{"gold_per_floor":[115,125,125,125,143,143,174,174,253,297,297,315,333,364,364,364],"floor_reached":16,"playtime":809,"items_purged":[],"score":290,"play_id":"6d22870e-fcb7-498a-9125-07c61a39f47f","local_time":"20190515085723","is_ascension_mode":true,"campfire_choices":[{"data":"Sever Soul","floor":6.0,"key":"SMITH"},{"floor":8.0,"key":"REST"},{"data":"Bash","floor":11.0,"key":"SMITH"},{"data":"Disarm","floor":15,"key":"SMITH"}],"neow_cost":"PERCENT_DAMAGE","seed_source_timestamp":1839427030054,"circlet_count":0,"master_deck":["AscendersBane","Strike_R","Strike_R","Strike_R","Defend_R","Defend_R","Defend_R","Defend_R","Bash+1","Iron Wave","Sever Soul+1","Injury","Shrug It Off","Ghostly Armor","Disarm+1","Cleave","True Grit"],"special_seed":0,"relics":["Burning Blood","Golden Idol","PreservedInsect","Blue Candle","Blood Vial","Anchor"],"potions_floor_usage":[14],"damage_taken":[{"damage":18.0,"enemies":"Jaw Worm","floor":1.0,"turns":7.0},{"damage":4.0,"enemies":"2 Louse","floor":2.0,"turns":4.0},{"damage":3.0,"enemies":"Small Slimes","floor":5.0,"turns":4.0},{"damage":49.0,"enemies":"3 Sentries","floor":7.0,"turns":10.0},{"damage":17.0,"enemies":"Lagavulin","floor":10.0,"turns":5.0},{"damage":14,"enemies":"Red Slaver","floor":12,"turns":3},{"damage":20,"enemies":"Exordium Thugs","floor":13,"turns":4},{"damage":0,"enemies":"Gremlin Nob","floor":14,"turns":2},{"damage":31,"enemies":"Hexaghost","floor":16,"turns":10}],"seed_played":"-1232161388135471827","potions_obtained":[{"floor":2.0,"key":"SmokeBomb"},{"floor":5.0,"key":"Weak Potion"},{"floor":13,"key":"Fire Potion"}],"is_trial":false,"path_per_floor":["M","M","?","?","M","R","E","R","T","E","R","M","M","E","R","B"],"character_chosen":"IRONCLAD","items_purchased":[],"campfire_rested":1,"item_purchase_floors":[],"current_hp_per_floor":[38,40,40,65,68,68,25,47,47,36,36,30,18,26,26,0],"gold":364,"neow_bonus":"REMOVE_TWO","is_prod":false,"is_daily":false,"chose_seed":false,"campfire_upgraded":3,"win_rate":0,"timestamp":1557903443,"path_taken":["M","M","?","?","M","R","E","R","T","E","R","M","M","E","R","BOSS"],"build_version":"2019-01-23","purchased_purges":0,"victory":false,"max_hp_per_floor":[75,75,75,75,75,75,75,75,75,75,75,75,75,75,75,75],"card_choices":[{"not_picked":["Cleave","Pommel Strike"],"picked":"Iron Wave","floor":1.0},{"not_picked":["Armaments","Reckless Charge"],"picked":"Sever Soul","floor":2.0},{"not_picked":["Perfected Strike","Clash"],"picked":"Shrug It Off","floor":5.0},{"not_picked":["Burning Pact","Headbutt"],"picked":"Ghostly Armor","floor":7.0},{"not_picked":["Battle Trance","Limit Break"],"picked":"Disarm","floor":10.0},{"not_picked":["Twin Strike","Sever Soul"],"picked":"Cleave","floor":12},{"not_picked":["Clash","Havoc"],"picked":"True Grit","floor":13},{"not_picked":["Bloodletting","Entrench","Thunderclap"],"picked":"SKIP","floor":14}],"player_experience":192599,"relics_obtained":[{"floor":7.0,"key":"PreservedInsect"},{"floor":9.0,"key":"Blue Candle"},{"floor":10.0,"key":"Blood Vial"},{"floor":14,"key":"Anchor"}],"event_choices":[{"damage_healed":0.0,"max_hp_gain":0.0,"max_hp_loss":0.0,"gold_gain":0.0,"event_name":"Golden Idol","player_choice":"Take Wound","floor":3.0,"gold_loss":0.0,"damage_taken":0.0,"relics_obtained":["Golden Idol"],"cards_obtained":["Injury"]},{"damage_healed":25.0,"max_hp_gain":0.0,"max_hp_loss":0.0,"gold_gain":0.0,"event_name":"Big Fish","player_choice":"Banana","floor":4.0,"gold_loss":0.0,"damage_taken":0.0}],"is_beta":false,"boss_relics":[],"items_purged_floors":[],"is_endless":false,"potions_floor_spawned":[2,5,13],"killed_by":"Hexaghost","ascension_level":20}