{"gold_per_floor":[110,128,138,7,17,17,27,27,81,81,81,4,19,36,36,133,133,151,171,191,191],"floor_reached":21,"playtime":2439,"items_purged":[],"score":175,"play_id":"d6e6aadd-78bb-4eca-a553-1e63eb222d4b","local_time":"20190608011107","is_ascension_mode":false,"campfire_choices":[{"data":"Self Repair","floor":6,"key":"SMITH"},{"data":"Coolheaded","floor":8,"key":"SMITH"},{"data":"Streamline","floor":11,"key":"SMITH"},{"data":"Machine Learning","floor":15,"key":"SMITH"}],"neow_cost":"NONE","seed_source_timestamp":320188845913900,"circlet_count":0,"master_deck":["Strike_B","Strike_B","Strike_B","Strike_B","Defend_B","Defend_B","Defend_B","Defend_B","Zap","Dualcast","Machine Learning+1","Leap","Conserve Battery","Rebound","Self Repair+1","Streamline+1","Coolheaded+1","Capacitor","Redo","Conserve Battery","Creative AI","Chill","Skim"],"relics":["Cracked Core","Ancient Tea Set","Black Star"],"potions_floor_usage":[14,16,16,19],"damage_taken":[{"damage":2,"enemies":"2 Louse","floor":1,"turns":2},{"damage":0,"enemies":"Cultist","floor":2,"turns":4},{"damage":3,"enemies":"Small Slimes","floor":3,"turns":5},{"damage":3,"enemies":"Red Slaver","floor":5,"turns":5},{"damage":11,"enemies":"Large Slime","floor":7,"turns":6},{"damage":6,"enemies":"2 Fungi Beasts","floor":13,"turns":4},{"damage":9,"enemies":"3 Louse","floor":14,"turns":3},{"damage":44,"enemies":"Slime Boss","floor":16,"turns":10},{"damage":11,"enemies":"Shell Parasite","floor":18,"turns":11},{"damage":37,"enemies":"3 Byrds","floor":19,"turns":11},{"damage":17,"enemies":"Snecko","floor":20,"turns":7},{"damage":62,"enemies":"3 Cultists","floor":21,"turns":7}],"seed_played":"6153819699905845013","potions_obtained":[{"floor":5,"key":"Energy Potion"},{"floor":7,"key":"SpeedPotion"},{"floor":14,"key":"Ancient Potion"},{"floor":18,"key":"EssenceOfSteel"}],"is_trial":false,"path_per_floor":["M","M","M","$","M","R","M","R","T","?","R","$","M","M","R","B",null,"M","M","M","M"],"character_chosen":"DEFECT","items_purchased":["Self Repair","Streamline","Capacitor"],"campfire_rested":0,"item_purchase_floors":[4,4,12],"current_hp_per_floor":[73,73,70,70,74,74,73,73,73,78,78,78,80,80,80,46,80,79,62,55,0],"gold":191,"neow_bonus":"ONE_RANDOM_RARE_CARD","is_prod":false,"is_daily":false,"chose_seed":false,"campfire_upgraded":4,"win_rate":0.0,"timestamp":1559923867,"path_taken":["M","M","M","$","M","R","M","R","T","?","R","$","M","M","R","BOSS","M","M","M","M"],"build_version":"2019-01-23","purchased_purges":0,"victory":false,"max_hp_per_floor":[75,75,75,75,75,75,75,75,75,80,80,80,80,80,80,80,80,80,80,80,80],"card_choices":[{"not_picked":["Sweeping Beam","Genetic Algorithm"],"picked":"Leap","floor":1},{"not_picked":["Leap","Ball Lightning"],"picked":"Conserve Battery","floor":2},{"not_picked":["Beam Cell","Rip and Tear"],"picked":"Rebound","floor":3},{"not_picked":["Rebound","Rip and Tear","Sweeping Beam"],"picked":"SKIP","floor":5},{"not_picked":["Scrape","Fission"],"picked":"Coolheaded","floor":7},{"not_picked":["Hello World","Auto Shields"],"picked":"Redo","floor":13},{"not_picked":["Steam Power","Turbo"],"picked":"Conserve Battery","floor":14},{"not_picked":["Buffer","Electrodynamics"],"picked":"Creative AI","floor":16},{"not_picked":["Redo+1","Sweeping Beam"],"picked":"Chill","floor":18},{"not_picked":["Streamline","Gash+1","Hologram"],"picked":"SKIP","floor":19},{"not_picked":["Hologram","Turbo"],"picked":"Skim","floor":20}],"player_experience":74255,"relics_obtained":[{"floor":9,"key":"Ancient Tea Set"}],"event_choices":[{"damage_healed":0,"gold_gain":0,"player_choice":"Donut","damage_taken":0,"max_hp_gain":5,"max_hp_loss":0,"event_name":"Big Fish","floor":10,"gold_loss":0}],"is_beta":false,"boss_relics":[{"not_picked":["Runic Dome","Ectoplasm"],"picked":"Black Star"}],"items_purged_floors":[],"is_endless":false,"potions_floor_spawned":[5,7,14,18],"killed_by":"3 Cultists","ascension_level":0}