{"gold_per_floor":[118,135,148,158,128,155,175,175,198,233,233,72,128,12,24,115,127,158,16,16],"floor_reached":20,"playtime":1122,"items_purged":["Strike_B"],"score":337,"play_id":"e93b85f3-3e7e-4a79-bf67-103a86ff3d4d","local_time":"20190526173923","is_ascension_mode":true,"campfire_choices":[{"data":"Conserve Battery","floor":8.0,"key":"SMITH"},{"floor":11.0,"key":"REST"},{"floor":15.0,"key":"REST"}],"neow_cost":"NONE","seed_source_timestamp":345215763348522,"circlet_count":0,"master_deck":["AscendersBane","Strike_B","Strike_B","Strike_B","Defend_B","Defend_B","Defend_B+1","Defend_B+1","Zap","Dualcast","Cold Snap","FTL","Conserve Battery+1","Cold Snap","Self Repair","Steam","Loop","Ball Lightning","Coolheaded","Seek","Leap+1","Glacier"],"special_seed":0,"relics":["Cracked Core","Potion Belt","Matryoshka","Shuriken","Centennial Puzzle","War Paint","Oddly Smooth Stone","Dream Catcher","MawBank","Nuclear Battery"],"potions_floor_usage":[20],"damage_taken":[{"damage":0.0,"enemies":"Small Slimes","floor":1.0,"turns":3.0},{"damage":0.0,"enemies":"Cultist","floor":2.0,"turns":3.0},{"damage":17.0,"enemies":"Jaw Worm","floor":3.0,"turns":4.0},{"damage":2.0,"enemies":"Blue Slaver","floor":4.0,"turns":3.0},{"damage":13.0,"enemies":"3 Sentries","floor":6.0,"turns":6.0},{"damage":19.0,"enemies":"Lots of Slimes","floor":7.0,"turns":4.0},{"damage":16.0,"enemies":"Gremlin Nob","floor":10.0,"turns":4.0},{"damage":13.0,"enemies":"Lagavulin Event","floor":13.0,"turns":7.0},{"damage":26.0,"enemies":"Slime Boss","floor":16.0,"turns":10.0},{"damage":33,"enemies":"3 Byrds","floor":18,"turns":7},{"damage":12,"enemies":"Colosseum Slavers","floor":20,"turns":7},{"damage":44,"enemies":"Colosseum Nobs","floor":20,"turns":5}],"seed_played":"6942232593835750693","potions_obtained":[{"floor":3.0,"key":"Energy Potion"},{"floor":4.0,"key":"Explosive Potion"},{"floor":5.0,"key":"Block Potion"},{"floor":5.0,"key":"SkillPotion"},{"floor":6.0,"key":"LiquidBronze"},{"floor":16.0,"key":"Weak Potion"},{"floor":18,"key":"SteroidPotion"}],"is_trial":false,"path_per_floor":["M","M","M","M","?","E","M","R","T","E","R","$","?","?","R","B",null,"M","$","?"],"character_chosen":"DEFECT","items_purchased":["Oddly Smooth Stone","Glacier"],"campfire_rested":2,"item_purchase_floors":[12,19],"current_hp_per_floor":[64,64,47,45,45,32,20,20,20,11,32,32,26,26,47,21,59,33,33,0],"gold":16,"neow_bonus":"RANDOM_COMMON_RELIC","is_prod":false,"is_daily":false,"chose_seed":false,"campfire_upgraded":1,"win_rate":0,"timestamp":1558917563,"path_taken":["M","M","M","M","?","E","?","R","T","E","R","$","?","?","R","BOSS","M","?","?"],"build_version":"2019-01-23","purchased_purges":1,"victory":false,"max_hp_per_floor":[71,71,71,71,71,71,71,71,71,71,71,71,71,71,71,71,71,71,71,71],"card_choices":[{"not_picked":["Hologram","Auto Shields"],"picked":"Cold Snap","floor":1.0},{"not_picked":["Aggregate","Leap"],"picked":"FTL","floor":2.0},{"not_picked":["Skim","Steam"],"picked":"Conserve Battery","floor":3.0},{"not_picked":["Streamline","Leap"],"picked":"Cold Snap","floor":4.0},{"not_picked":["Recycle","Force Field"],"picked":"Self Repair","floor":6.0},{"not_picked":["Thunder Strike","Recycle"],"picked":"Steam","floor":7.0},{"not_picked":["Redo","Coolheaded"],"picked":"Loop","floor":10.0},{"not_picked":["Coolheaded","Genetic Algorithm"],"picked":"Ball Lightning","floor":13.0},{"not_picked":["Stack","Fusion"],"picked":"Coolheaded","floor":15.0},{"not_picked":["Fission","Hyperbeam"],"picked":"Seek","floor":16.0},{"not_picked":["Turbo","Beam Cell+1"],"picked":"Leap+1","floor":18}],"player_experience":736494,"relics_obtained":[{"floor":6.0,"key":"Matryoshka"},{"floor":9.0,"key":"Shuriken"},{"floor":9.0,"key":"Centennial Puzzle"},{"floor":10.0,"key":"War Paint"},{"floor":13.0,"key":"Dream Catcher"}],"event_choices":[{"damage_healed":0.0,"max_hp_gain":0.0,"max_hp_loss":0.0,"gold_gain":0.0,"event_name":"The Woman in Blue","player_choice":"Bought 2 Potions","floor":5.0,"gold_loss":0.0,"damage_taken":0.0},{"damage_healed":0.0,"max_hp_gain":0.0,"max_hp_loss":0.0,"gold_gain":0.0,"event_name":"Dead Adventurer","player_choice":"Searched \u00272\u0027 times","floor":13.0,"gold_loss":0.0,"damage_taken":0.0},{"damage_healed":0.0,"max_hp_gain":0.0,"max_hp_loss":0.0,"gold_gain":0.0,"event_name":"WeMeetAgain","player_choice":"Paid Gold","floor":14.0,"gold_loss":116.0,"damage_taken":0.0,"relics_obtained":["MawBank"]},{"damage_healed":0,"gold_gain":0,"player_choice":"Fight","damage_taken":0,"max_hp_gain":0,"max_hp_loss":0,"event_name":"Colosseum","floor":20,"gold_loss":0},{"damage_healed":0,"gold_gain":0,"player_choice":"Fought Nobs","damage_taken":0,"max_hp_gain":0,"max_hp_loss":0,"event_name":"Colosseum","floor":20,"gold_loss":0}],"is_beta":false,"boss_relics":[{"not_picked":["Cursed Key","Snecko Eye"],"picked":"Nuclear Battery"}],"items_purged_floors":[19],"is_endless":false,"potions_floor_spawned":[3,4,6,16,18,20],"killed_by":"Colosseum Nobs","ascension_level":17}