{"gold_per_floor":[116,116,136,61,61,86,7,7,77,77,96,115,115,148,148,148],"floor_reached":16,"playtime":457,"items_purged":["Strike_R"],"score":253,"play_id":"8d08a28b-6dad-4037-bc23-5a679dd89bfd","local_time":"20190605170315","is_ascension_mode":true,"campfire_choices":[{"data":"Inflame","floor":8.0,"key":"SMITH"},{"data":"Inflame","floor":10.0,"key":"SMITH"},{"data":"Defend_R","floor":13.0,"key":"SMITH"},{"data":"Flame Barrier","floor":15.0,"key":"SMITH"}],"neow_cost":"NONE","seed_source_timestamp":1207584446873955,"circlet_count":0,"master_deck":["AscendersBane","Strike_R","Strike_R","Strike_R","Defend_R","Defend_R","Defend_R","Defend_R+1","Bash","Inflame+1","Warcry","Inflame+1","Feel No Pain","Flame Barrier+1"],"special_seed":0,"relics":["Burning Blood","NeowsBlessing","Pear","Regal Pillow","Singing Bowl","Darkstone Periapt"],"potions_floor_usage":[16],"damage_taken":[{"damage":0.0,"enemies":"Jaw Worm","floor":1.0,"turns":1.0},{"damage":0.0,"enemies":"Cultist","floor":3.0,"turns":1.0},{"damage":0.0,"enemies":"3 Sentries","floor":6.0,"turns":2.0},{"damage":3.0,"enemies":"2 Louse","floor":11.0,"turns":4.0},{"damage":3.0,"enemies":"Blue Slaver","floor":12.0,"turns":10.0},{"damage":17.0,"enemies":"Lagavulin","floor":14.0,"turns":7.0},{"damage":48,"enemies":"Hexaghost","floor":16,"turns":13}],"seed_played":"-7446259201054985663","potions_obtained":[{"floor":1.0,"key":"Fire Potion"},{"floor":3.0,"key":"Strength Potion"},{"floor":11.0,"key":"PowerPotion"}],"is_trial":false,"path_per_floor":["M","?","M","$","?","E","$","R","T","R","M","M","R","E","R","B"],"character_chosen":"IRONCLAD","items_purchased":["Feel No Pain"],"campfire_rested":0,"item_purchase_floors":[7],"current_hp_per_floor":[74,74,75,75,40,46,46,46,46,46,51,56,56,45,45,0],"gold":148,"neow_bonus":"THREE_ENEMY_KILL","is_prod":false,"is_daily":false,"chose_seed":false,"campfire_upgraded":4,"win_rate":0,"timestamp":1559779395,"path_taken":["M","?","?","$","?","E","?","R","T","R","M","M","R","E","R","BOSS"],"build_version":"2019-01-23","purchased_purges":1,"victory":false,"max_hp_per_floor":[75,75,75,75,85,85,85,85,85,85,87,89,89,89,89,89],"card_choices":[{"not_picked":["Carnage","Disarm"],"picked":"Inflame","floor":1.0},{"not_picked":["Dual Wield","Clash"],"picked":"Warcry","floor":3.0},{"not_picked":["Feel No Pain","Reaper"],"picked":"Inflame","floor":6.0},{"not_picked":["Intimidate","Warcry","Armaments"],"picked":"Singing Bowl","floor":11.0},{"not_picked":["Blood for Blood","Pommel Strike","Anger"],"picked":"Singing Bowl","floor":12.0},{"not_picked":["Headbutt","Sever Soul"],"picked":"Flame Barrier","floor":14.0}],"player_experience":817040,"relics_obtained":[{"floor":6.0,"key":"Regal Pillow"},{"floor":9.0,"key":"Singing Bowl"},{"floor":14.0,"key":"Darkstone Periapt"}],"event_choices":[{"cards_removed":["Strike_R"],"damage_healed":0.0,"max_hp_gain":0.0,"max_hp_loss":0.0,"gold_gain":0.0,"event_name":"Purifier","player_choice":"Purged","floor":2.0,"gold_loss":0.0,"damage_taken":0.0},{"damage_healed":0.0,"max_hp_gain":0.0,"max_hp_loss":0.0,"gold_gain":0.0,"event_name":"Scrap Ooze","player_choice":"Success","floor":5.0,"gold_loss":0.0,"damage_taken":45.0,"relics_obtained":["Pear"]}],"is_beta":false,"boss_relics":[],"items_purged_floors":[4],"is_endless":false,"potions_floor_spawned":[1,3,11],"killed_by":"Hexaghost","ascension_level":18}