{"gold_per_floor":[119,137,155,155,10,35,49,78,78,95,95,95,108,122,122,217,217,234,253,264,12,12,12,31,51,76,1,17,30,30,49,49,151,151,162,215,215,233,251,251,270,270,270,370,370,81,81,94,94,94],"floor_reached":50,"playtime":3118,"items_purged":["Defend_R"],"score":510,"play_id":"bc2ce934-db4d-40bb-b874-834108a9f285","local_time":"20190602170353","is_ascension_mode":false,"campfire_choices":[{"data":"Perfected Strike","floor":15,"key":"SMITH"},{"data":"Blood for Blood","floor":23,"key":"SMITH"},{"data":"Perfected Strike","floor":30,"key":"SMITH"},{"data":"Clash","floor":32,"key":"SMITH"},{"floor":40,"key":"REST"},{"floor":42,"key":"REST"},{"floor":45,"key":"REST"},{"floor":49,"key":"REST"}],"neow_cost":"NONE","seed_source_timestamp":52324735948488,"circlet_count":0,"master_deck":["Strike_R","Strike_R","Strike_R","Strike_R","Strike_R","Defend_R","Defend_R","Defend_R","Bash","Perfected Strike+1","Pommel Strike","Double Tap","Double Tap","Clash+1","Spot Weakness","Pommel Strike","Anger","Cleave","Heavy Blade+1","Immolate","Blood for Blood+1","Cleave","Perfected Strike+1","Flex","Pommel Strike","Anger","Clash","Wild Strike","Twin Strike+1","Impervious","Sword Boomerang+1","Pummel+1","Pommel Strike+1","Anger+1","Twin Strike+1","Enlightenment","Secret Weapon","Rampage+1"],"relics":["Black Blood","NeowsBlessing","Potion Belt","Orichalcum","Pear","Boot","Shuriken","Brimstone","Happy Flower","Fusion Hammer","Unceasing Top","Oddly Smooth Stone","Prayer Wheel","HandDrill"],"potions_floor_usage":[50,50,50,50],"damage_taken":[{"damage":0,"enemies":"Cultist","floor":1,"turns":1},{"damage":0,"enemies":"Jaw Worm","floor":2,"turns":1},{"damage":0,"enemies":"Small Slimes","floor":3,"turns":1},{"damage":44,"enemies":"Lagavulin","floor":6,"turns":7},{"damage":10,"enemies":"Exordium Thugs","floor":7,"turns":4},{"damage":10,"enemies":"Gremlin Nob","floor":8,"turns":3},{"damage":1,"enemies":"Blue Slaver","floor":10,"turns":2},{"damage":3,"enemies":"2 Fungi Beasts","floor":13,"turns":2},{"damage":8,"enemies":"Red Slaver","floor":14,"turns":2},{"damage":35,"enemies":"The Guardian","floor":16,"turns":7},{"damage":14,"enemies":"2 Thieves","floor":18,"turns":2},{"damage":9,"enemies":"3 Byrds","floor":19,"turns":4},{"damage":7,"enemies":"Cultist and Chosen","floor":20,"turns":4},{"damage":5,"enemies":"Sentry and Sphere","floor":24,"turns":3},{"damage":16,"enemies":"Chosen and Byrds","floor":25,"turns":3},{"damage":2,"enemies":"3 Cultists","floor":28,"turns":3},{"damage":12,"enemies":"Shelled Parasite and Fungi","floor":29,"turns":2},{"damage":0,"enemies":"Snecko","floor":31,"turns":2},{"damage":20,"enemies":"Champ","floor":33,"turns":5},{"damage":23,"enemies":"3 Shapes","floor":35,"turns":2},{"damage":16,"enemies":"2 Orb Walkers","floor":36,"turns":3},{"damage":0,"enemies":"Orb Walker","floor":38,"turns":1},{"damage":29,"enemies":"Spire Growth","floor":39,"turns":3},{"damage":38,"enemies":"Writhing Mass","floor":41,"turns":3},{"damage":57,"enemies":"Mind Bloom Boss Battle","floor":44,"turns":4},{"damage":28,"enemies":"4 Shapes","floor":48,"turns":2},{"damage":96,"enemies":"Awakened One","floor":50,"turns":6}],"seed_played":"5898083862647146319","potions_obtained":[{"floor":1,"key":"LiquidBronze"},{"floor":7,"key":"FairyPotion"},{"floor":8,"key":"GamblersBrew"},{"floor":10,"key":"Block Potion"},{"floor":16,"key":"SpeedPotion"}],"is_trial":false,"path_per_floor":["M","M","M","?","$","E","M","E","T","M","T","?","M","M","R","B",null,"M","M","M","$","?","R","M","M","T","$","M","M","R","M","R","B",null,"M","?","?","M","M","R","M","R","T","?","R","$","?","M","R","B"],"character_chosen":"IRONCLAD","items_purchased":["Double Tap","Flex","Brimstone","HandDrill","Enlightenment"],"campfire_rested":4,"item_purchase_floors":[5,21,21,46,46],"current_hp_per_floor":[80,80,80,68,68,30,26,32,32,37,37,67,70,68,68,39,90,86,87,90,90,90,90,90,84,84,84,90,88,88,90,90,80,90,77,71,71,81,62,89,61,88,88,41,68,68,68,50,77,0],"gold":94,"neow_bonus":"THREE_ENEMY_KILL","is_prod":false,"is_daily":false,"chose_seed":false,"campfire_upgraded":4,"win_rate":0,"timestamp":1559509433,"path_taken":["M","M","?","?","$","E","M","E","T","M","?","?","M","M","R","BOSS","M","M","M","$","?","R","M","M","T","?","M","M","R","M","R","BOSS","M","?","?","M","?","R","M","R","T","?","R","$","?","M","R","BOSS"],"build_version":"2019-01-23","purchased_purges":1,"victory":false,"max_hp_per_floor":[80,80,80,80,80,80,80,90,90,90,90,90,90,90,90,90,90,90,90,90,90,90,90,90,90,90,90,90,90,90,90,90,90,90,90,90,90,90,90,90,90,90,90,90,90,90,90,90,90,90],"card_choices":[{"not_picked":["Dual Wield","Thunderclap"],"picked":"Perfected Strike","floor":1},{"not_picked":["Power Through","Twin Strike"],"picked":"Pommel Strike","floor":2},{"not_picked":["Rage","Shrug It Off"],"picked":"Double Tap","floor":3},{"not_picked":["Twin Strike","Heavy Blade"],"picked":"Clash","floor":6},{"not_picked":["Warcry","True Grit"],"picked":"Spot Weakness","floor":7},{"not_picked":["Berserk","Metallicize"],"picked":"Pommel Strike","floor":8},{"not_picked":["Disarm","Inflame"],"picked":"Anger","floor":10},{"not_picked":["Ghostly Armor","Thunderclap"],"picked":"Cleave","floor":13},{"not_picked":["Uppercut","Evolve"],"picked":"Heavy Blade","floor":14},{"not_picked":["Double Tap","Brutality"],"picked":"Immolate","floor":16},{"not_picked":["Burning Pact+1","Thunderclap+1"],"picked":"Blood for Blood","floor":18},{"not_picked":["Anger","Fire Breathing"],"picked":"Cleave","floor":19},{"not_picked":["Warcry","Dual Wield"],"picked":"Perfected Strike","floor":20},{"not_picked":["Immolate","True Grit"],"picked":"Pommel Strike","floor":24},{"not_picked":["Clash","Body Slam"],"picked":"Anger","floor":25},{"not_picked":["Thunderclap","Seeing Red"],"picked":"Clash","floor":28},{"not_picked":["Seeing Red","Entrench"],"picked":"Wild Strike","floor":29},{"not_picked":["Iron Wave","Pommel Strike"],"picked":"Twin Strike+1","floor":31},{"not_picked":["Barricade","Double Tap"],"picked":"Impervious","floor":33},{"not_picked":["Ghostly Armor+1","Armaments+1"],"picked":"Sword Boomerang+1","floor":35},{"not_picked":["Iron Wave+1","Clash"],"picked":"Pummel+1","floor":36},{"not_picked":["Seeing Red","Dual Wield"],"picked":"Pommel Strike+1","floor":38},{"not_picked":["Intimidate","Rampage","Iron Wave"],"picked":"SKIP","floor":39},{"not_picked":["Armaments+1","Twin Strike+1"],"picked":"Anger+1","floor":41},{"not_picked":["Rupture","Whirlwind+1"],"picked":"Twin Strike+1","floor":44},{"not_picked":["Trip","HandOfGreed"],"picked":"Secret Weapon","floor":47},{"not_picked":["Battle Trance","Warcry+1"],"picked":"Rampage+1","floor":48},{"not_picked":["Disarm","Perfected Strike","Shrug It Off+1"],"picked":"SKIP","floor":48}],"player_experience":40779,"relics_obtained":[{"floor":6,"key":"Orichalcum"},{"floor":8,"key":"Pear"},{"floor":9,"key":"Boot"},{"floor":11,"key":"Shuriken"},{"floor":26,"key":"Happy Flower"},{"floor":36,"key":"Unceasing Top"},{"floor":43,"key":"Oddly Smooth Stone"},{"floor":44,"key":"Prayer Wheel"}],"event_choices":[{"damage_healed":0,"gold_gain":0,"player_choice":"Success","damage_taken":12,"relics_obtained":["Potion Belt"],"max_hp_gain":0,"max_hp_loss":0,"event_name":"Scrap Ooze","floor":4,"gold_loss":0},{"damage_healed":30,"gold_gain":0,"player_choice":"Banana","damage_taken":0,"max_hp_gain":0,"max_hp_loss":0,"event_name":"Big Fish","floor":12,"gold_loss":0},{"damage_healed":0,"gold_gain":0,"player_choice":"Forge","damage_taken":0,"max_hp_gain":0,"max_hp_loss":0,"event_name":"Accursed Blacksmith","floor":22,"gold_loss":0,"cards_upgraded":["Heavy Blade"]},{"damage_healed":0,"gold_gain":0,"player_choice":"Fight","damage_taken":0,"max_hp_gain":0,"max_hp_loss":0,"event_name":"Mysterious Sphere","floor":36,"gold_loss":0},{"damage_healed":0,"gold_gain":0,"player_choice":"Bought 0 Potions","damage_taken":0,"max_hp_gain":0,"max_hp_loss":0,"event_name":"The Woman in Blue","floor":37,"gold_loss":0},{"damage_healed":0,"gold_gain":0,"player_choice":"Fight","damage_taken":0,"max_hp_gain":0,"max_hp_loss":0,"event_name":"MindBloom","floor":44,"gold_loss":0},{"damage_healed":0,"gold_gain":0,"player_choice":"Memory 1","damage_taken":0,"max_hp_gain":0,"max_hp_loss":0,"event_name":"SensoryStone","floor":47,"gold_loss":0}],"is_beta":false,"boss_relics":[{"not_picked":["Black Star","Runic Pyramid"],"picked":"Black Blood"},{"not_picked":["White Beast Statue","Orrery"],"picked":"Fusion Hammer"}],"items_purged_floors":[27],"is_endless":false,"potions_floor_spawned":[1,7,8,10,16,20,25,28,31,35,39,44],"killed_by":"Awakened One","ascension_level":0}