{"gold_per_floor":[117,66,66,66,29,64,76,94,117,117,133,58,70,99,99,177,177,196,207,207,218,232,147,176,176,176,176],"floor_reached":27,"playtime":1396,"items_purged":["Pain"],"score":490,"play_id":"7170f9bd-3081-44cc-add9-38065f36aa15","local_time":"20190428013101","is_ascension_mode":true,"campfire_choices":[{"data":"Body Slam","floor":15.0,"key":"SMITH"}],"neow_cost":"NONE","seed_source_timestamp":5427861502108,"circlet_count":0,"master_deck":["AscendersBane","Strike_R","Strike_R","Strike_R","Strike_R","Defend_R","Defend_R","Defend_R","Defend_R","Bash","Cleave","Shrug It Off","Infernal Blade","Intimidate","Wild Strike","Flame Barrier","Body Slam+1","Armaments+1","Flex","Shrug It Off","Reaper","Battle Trance","Pummel","Anger","Iron Wave"],"special_seed":0,"relics":["Burning Blood","NeowsBlessing","Potion Belt","Juzu Bracelet","WarpedTongs","Odd Mushroom","Coffee Dripper","Happy Flower","Dead Branch","The Courier"],"potions_floor_usage":[21,21,24,27],"damage_taken":[{"damage":0.0,"enemies":"2 Louse","floor":1.0,"turns":1.0},{"damage":0.0,"enemies":"Lagavulin","floor":6.0,"turns":1.0},{"damage":0.0,"enemies":"Jaw Worm","floor":7.0,"turns":1.0},{"damage":0.0,"enemies":"Cultist","floor":8.0,"turns":3.0},{"damage":7.0,"enemies":"3 Louse","floor":11.0,"turns":3.0},{"damage":0.0,"enemies":"Exordium Thugs","floor":13.0,"turns":6.0},{"damage":10.0,"enemies":"The Mushroom Lair","floor":14.0,"turns":5.0},{"damage":48.0,"enemies":"Hexaghost","floor":16.0,"turns":9.0},{"damage":19.0,"enemies":"Shell Parasite","floor":18.0,"turns":8.0},{"damage":41.0,"enemies":"3 Byrds","floor":19.0,"turns":8.0},{"damage":10,"enemies":"Centurion and Healer","floor":21,"turns":9},{"damage":22,"enemies":"Snecko","floor":22,"turns":10},{"damage":51,"enemies":"Book of Stabbing","floor":24,"turns":6},{"damage":20,"enemies":"Slavers","floor":27,"turns":5}],"seed_played":"-4947104204261611274","potions_obtained":[{"floor":6.0,"key":"Swift Potion"},{"floor":8.0,"key":"EssenceOfSteel"},{"floor":11.0,"key":"LiquidBronze"},{"floor":13.0,"key":"Block Potion"},{"floor":19.0,"key":"SteroidPotion"},{"floor":22,"key":"Regen Potion"},{"floor":24,"key":"Ancient Potion"}],"is_trial":false,"path_per_floor":["M","$","?","?","$","E","M","M","T","?","M","$","M","?","R","B",null,"M","M","?","M","M","?","E","?","T","E"],"character_chosen":"IRONCLAD","items_purchased":["Shrug It Off","Intimidate"],"campfire_rested":0,"item_purchase_floors":[2,5],"current_hp_per_floor":[74,74,74,74,74,75,75,75,75,75,74,74,75,71,71,29,64,51,20,35,51,39,39,17,17,17,0],"gold":176,"neow_bonus":"THREE_ENEMY_KILL","is_prod":false,"is_daily":false,"chose_seed":false,"campfire_upgraded":1,"win_rate":0,"timestamp":1556440261,"path_taken":["M","$","?","?","?","E","M","?","T","?","M","?","M","?","R","BOSS","M","M","?","M","M","?","E","?","T","E"],"build_version":"2019-01-23","purchased_purges":1,"victory":false,"max_hp_per_floor":[75,75,75,75,75,75,75,75,75,75,75,75,75,75,75,75,75,75,75,75,75,75,75,75,75,75,75],"card_choices":[{"not_picked":["Warcry","Fire Breathing"],"picked":"Cleave","floor":1.0},{"not_picked":["Sword Boomerang","Warcry"],"picked":"Wild Strike","floor":6.0},{"not_picked":["Pommel Strike","Seeing Red"],"picked":"Flame Barrier","floor":7.0},{"not_picked":["Warcry","Sword Boomerang"],"picked":"Body Slam","floor":8.0},{"not_picked":["Dark Embrace","Sever Soul"],"picked":"Armaments","floor":11.0},{"not_picked":["Twin Strike","Disarm"],"picked":"Flex","floor":13.0},{"not_picked":["Perfected Strike","Rampage"],"picked":"Shrug It Off","floor":14.0},{"not_picked":["Immolate","Double Tap"],"picked":"Reaper","floor":16.0},{"not_picked":["Clash","Whirlwind"],"picked":"Battle Trance","floor":18.0},{"not_picked":["Heavy Blade","Sword Boomerang","Armaments"],"picked":"SKIP","floor":19.0},{"not_picked":["Havoc+1","Heavy Blade"],"picked":"Pummel","floor":21},{"not_picked":["Wild Strike","Twin Strike"],"picked":"Anger","floor":22},{"not_picked":["Berserk","Warcry"],"picked":"Iron Wave","floor":24}],"player_experience":762321,"relics_obtained":[{"floor":6.0,"key":"Potion Belt"},{"floor":9.0,"key":"Juzu Bracelet"},{"floor":14.0,"key":"Odd Mushroom"},{"floor":24,"key":"Dead Branch"},{"floor":26,"key":"The Courier"}],"event_choices":[{"damage_healed":0.0,"max_hp_gain":0.0,"max_hp_loss":0.0,"gold_gain":0.0,"cards_transformed":["Strike_R"],"event_name":"Living Wall","player_choice":"Change","floor":3.0,"gold_loss":0.0,"damage_taken":0.0,"cards_obtained":["Infernal Blade"]},{"damage_healed":0.0,"max_hp_gain":0.0,"max_hp_loss":0.0,"gold_gain":0.0,"event_name":"The Cleric","player_choice":"Leave","floor":4.0,"gold_loss":0.0,"damage_taken":0.0},{"damage_healed":0.0,"max_hp_gain":0.0,"max_hp_loss":0.0,"gold_gain":0.0,"event_name":"Accursed Blacksmith","player_choice":"Rummage","floor":10.0,"gold_loss":0.0,"damage_taken":0.0,"relics_obtained":["WarpedTongs"],"cards_obtained":["Pain"]},{"damage_healed":0.0,"max_hp_gain":0.0,"max_hp_loss":0.0,"gold_gain":0.0,"event_name":"Mushrooms","player_choice":"Fought Mushrooms","floor":14.0,"gold_loss":0.0,"damage_taken":0.0},{"damage_healed":15.0,"max_hp_gain":0.0,"max_hp_loss":0.0,"gold_gain":0.0,"event_name":"The Library","player_choice":"Heal","floor":20.0,"gold_loss":0.0,"damage_taken":0.0},{"damage_healed":0,"gold_gain":0,"player_choice":"Obtained Relic","damage_taken":0,"relics_obtained":["Happy Flower"],"max_hp_gain":0,"max_hp_loss":0,"event_name":"Addict","floor":23,"gold_loss":85},{"damage_healed":0,"gold_gain":0,"player_choice":"Upgraded","damage_taken":0,"max_hp_gain":0,"max_hp_loss":0,"event_name":"Upgrade Shrine","floor":25,"gold_loss":0,"cards_upgraded":["Armaments"]}],"is_beta":false,"boss_relics":[{"not_picked":["Runic Dome","Empty Cage"],"picked":"Coffee Dripper"}],"items_purged_floors":[12],"is_endless":false,"potions_floor_spawned":[6,8,11,13,19,22,24],"killed_by":"Slavers","ascension_level":18}