{"gold_per_floor":[111,131,147,166,341,370,17,17,17,17,35,35,35,79,79,79],"floor_reached":16,"playtime":1203,"items_purged":["Strike_R"],"score":132,"play_id":"6387d926-e0e6-4679-9185-8f773f8d9493","local_time":"20190522223906","is_ascension_mode":true,"campfire_choices":[{"floor":8,"key":"RECALL"},{"data":"True Grit","floor":10,"key":"SMITH"},{"data":"Armaments","floor":12,"key":"SMITH"},{"data":"True Grit","floor":15,"key":"SMITH"}],"neow_cost":"NONE","seed_source_timestamp":171314112268700,"circlet_count":0,"master_deck":["Strike_R","Strike_R","Strike_R","Strike_R","Defend_R","Defend_R","Defend_R","Defend_R","Bash","Armaments+1","Anger","Pommel Strike","Offering","Headbutt","Doubt","True Grit+1","Clothesline","Inflame","True Grit+1"],"relics":["Burning Blood","Blood Vial","Meat on the Bone","Golden Idol","Mercury Hourglass"],"potions_floor_usage":[6,6,14,14,16],"damage_taken":[{"damage":10,"enemies":"Jaw Worm","floor":1,"turns":6},{"damage":0,"enemies":"Small Slimes","floor":2,"turns":4},{"damage":0,"enemies":"2 Louse","floor":3,"turns":3},{"damage":11,"enemies":"2 Fungi Beasts","floor":4,"turns":3},{"damage":29,"enemies":"Lagavulin","floor":6,"turns":5},{"damage":11,"enemies":"Looter","floor":11,"turns":4},{"damage":22,"enemies":"3 Sentries","floor":14,"turns":7},{"damage":41,"enemies":"The Guardian","floor":16,"turns":11}],"seed_played":"4692718678593116318","potions_obtained":[{"floor":2,"key":"EntropicBrew"},{"floor":11,"key":"GamblersBrew"}],"is_trial":false,"path_per_floor":["M","M","M","M","?","E","$","R","T","R","M","R","?","E","R","B"],"character_chosen":"IRONCLAD","items_purchased":["Clothesline","Meat on the Bone"],"campfire_rested":0,"item_purchase_floors":[7,7],"current_hp_per_floor":[76,80,80,75,75,52,52,52,52,52,49,49,29,35,35,0],"gold":79,"neow_bonus":"THREE_CARDS","is_prod":false,"is_daily":false,"chose_seed":false,"campfire_upgraded":3,"win_rate":0,"timestamp":1558557546,"path_taken":["M","M","M","M","?","E","$","R","T","R","M","R","?","E","R","BOSS"],"build_version":"2019-01-23","purchased_purges":1,"victory":false,"max_hp_per_floor":[80,80,80,80,80,80,80,80,80,80,80,80,80,80,80,80],"card_choices":[{"not_picked":["Clash","Anger"],"picked":"Armaments","floor":0},{"not_picked":["Flex","Twin Strike"],"picked":"Anger","floor":1},{"not_picked":["Armaments","Clash"],"picked":"Pommel Strike","floor":2},{"not_picked":["Headbutt","Havoc"],"picked":"Offering","floor":3},{"not_picked":["Corruption","Clash"],"picked":"Headbutt","floor":4},{"not_picked":["Metallicize","Thunderclap"],"picked":"True Grit","floor":6},{"not_picked":["Headbutt","Anger"],"picked":"Inflame","floor":11},{"not_picked":["Flex","Intimidate"],"picked":"True Grit","floor":14}],"player_experience":338514,"relics_obtained":[{"floor":6,"key":"Blood Vial"},{"floor":14,"key":"Mercury Hourglass"}],"event_choices":[{"damage_healed":0,"gold_gain":175,"player_choice":"AGREE","damage_taken":0,"max_hp_gain":0,"max_hp_loss":0,"event_name":"Liars Game","floor":5,"gold_loss":0,"cards_obtained":["Doubt"]},{"damage_healed":0,"gold_gain":0,"player_choice":"Take Damage","damage_taken":20,"relics_obtained":["Golden Idol"],"max_hp_gain":0,"max_hp_loss":0,"event_name":"Golden Idol","floor":13,"gold_loss":0}],"is_beta":false,"boss_relics":[],"items_purged_floors":[7],"is_endless":false,"potions_floor_spawned":[2,11],"killed_by":"The Guardian","ascension_level":4}