{"gold_per_floor":[112,128,143,143,158,158,5,37,37,37,49,49,68,68,68,68],"floor_reached":16,"playtime":1155,"items_purged":[],"score":112,"play_id":"96c8460d-1294-4999-9bec-9dd07e2470f2","local_time":"20181020203540","is_ascension_mode":true,"campfire_choices":[{"data":"Blade Dance","floor":6,"key":"SMITH"},{"data":"Accuracy","floor":10,"key":"SMITH"},{"floor":15,"key":"REST"}],"neow_cost":"NONE","seed_source_timestamp":221767308356117,"circlet_count":0,"master_deck":["Defend_G+1","Defend_G","Defend_G","Defend_G","Defend_G","Strike_G","Strike_G","Strike_G","Strike_G","Strike_G","Survivor","Neutralize","PiercingWail+1","Dagger Throw","Caltrops","Blade Dance+1","Accuracy+1","Finisher","Riddle With Holes","Well Laid Plans","Dagger Spray"],"relics":["Ring of the Snake","NeowsBlessing","Strawberry","Darkstone Periapt"],"potions_floor_usage":[8,13,16],"damage_taken":[{"damage":0,"enemies":"2 Louse","floor":1,"turns":1},{"damage":0,"enemies":"Jaw Worm","floor":2,"turns":1},{"damage":0,"enemies":"Small Slimes","floor":3,"turns":1},{"damage":3,"enemies":"Blue Slaver","floor":5,"turns":7},{"damage":24,"enemies":"Gremlin Nob","floor":8,"turns":4},{"damage":3,"enemies":"Looter","floor":11,"turns":3},{"damage":8,"enemies":"Exordium Wildlife","floor":13,"turns":4},{"damage":53,"enemies":"Slime Boss","floor":16,"turns":11}],"seed_played":"-144315258535990767","potions_obtained":[{"floor":3,"key":"Energy Potion"},{"floor":8,"key":"FearPotion"},{"floor":11,"key":"AttackPotion"}],"is_trial":false,"path_per_floor":["M","M","M","?","M","R","$","E","T","R","M","?","M","?","R"],"character_chosen":"THE_SILENT","items_purchased":["Accuracy","Finisher"],"campfire_rested":1,"item_purchase_floors":[7,7],"current_hp_per_floor":[70,70,70,75,72,72,72,55,55,55,52,52,44,28,52,0],"gold":68,"neow_bonus":"THREE_ENEMY_KILL","is_prod":false,"is_daily":false,"chose_seed":false,"campfire_upgraded":2,"win_rate":0,"timestamp":1540060540,"path_taken":["M","M","M","?","M","R","$","E","T","R","M","?","M","?","R","BOSS"],"build_version":"2018-10-18","purchased_purges":0,"victory":false,"max_hp_per_floor":[70,70,70,75,75,75,75,82,82,82,82,82,82,82,82,82],"card_choices":[{"not_picked":["Caltrops","Catalyst"],"picked":"PiercingWail","floor":1},{"not_picked":["Escape Plan","Backflip"],"picked":"Dagger Throw","floor":2},{"not_picked":["Choke","Reflex"],"picked":"Caltrops","floor":3},{"not_picked":["Cloak And Dagger","Deflect"],"picked":"Blade Dance","floor":5},{"not_picked":["Corpse Explosion","Deadly Poison"],"picked":"Riddle With Holes","floor":8},{"not_picked":["Endless Agony","Deadly Poison"],"picked":"Well Laid Plans","floor":11},{"not_picked":["Dodge and Roll","Glass Knife"],"picked":"Dagger Spray","floor":13}],"player_experience":73109,"relics_obtained":[{"floor":8,"key":"Strawberry"},{"floor":9,"key":"Darkstone Periapt"}],"event_choices":[{"damage_healed":0,"gold_gain":0,"player_choice":"Donut","damage_taken":0,"max_hp_gain":5,"max_hp_loss":0,"event_name":"Big Fish","floor":4,"gold_loss":0},{"damage_healed":0,"gold_gain":0,"player_choice":"Fled","damage_taken":0,"max_hp_gain":0,"max_hp_loss":0,"event_name":"Scrap Ooze","floor":12,"gold_loss":0},{"damage_healed":0,"gold_gain":0,"player_choice":"Entered Light","damage_taken":16,"max_hp_gain":0,"max_hp_loss":0,"event_name":"Shining Light","floor":14,"gold_loss":0,"cards_upgraded":["Defend_G","PiercingWail"]}],"is_beta":false,"boss_relics":[],"items_purged_floors":[],"is_endless":false,"potions_floor_spawned":[3,8,11],"killed_by":"Slime Boss","ascension_level":2}