{"gold_per_floor":[117,20,20,20,40,40,50,50,50,50,50,80,92,105,105,179,179,119,119,119,119,36,36,36,36,36,36,36,36,36,36,36,36],"floor_reached":33,"playtime":1216,"items_purged":[],"score":526,"play_id":"167353d1-73a4-4a2c-94a4-fefb70d7acbc","local_time":"20190526222215","is_ascension_mode":true,"campfire_choices":[{"data":"Hemokinesis","floor":6.0,"key":"SMITH"},{"data":"True Grit","floor":8.0,"key":"SMITH"},{"data":"Flame Barrier","floor":10.0,"key":"SMITH"},{"data":"Inflame","floor":15.0,"key":"SMITH"},{"data":"Immolate","floor":23.0,"key":"SMITH"},{"floor":25.0,"key":"REST"},{"data":"Corruption","floor":29.0,"key":"SMITH"},{"floor":32.0,"key":"REST"}],"neow_cost":"NONE","seed_source_timestamp":41135044399670,"circlet_count":0,"master_deck":["AscendersBane","Strike_R","Strike_R","Strike_R","Defend_R","Defend_R","Defend_R","Defend_R","Bash","True Grit+1","Flame Barrier+1","Hemokinesis+1","Shrug It Off","Headbutt","Headbutt","Inflame+1","Immolate+1","True Grit+1","Corruption+1","Pummel","Intimidate+1","Shockwave"],"special_seed":0,"relics":["Burning Blood","Bag of Preparation","Self Forming Clay","Ectoplasm","Kunai","Mercury Hourglass","Orichalcum"],"potions_floor_usage":[],"damage_taken":[{"damage":7.0,"enemies":"2 Louse","floor":1.0,"turns":3.0},{"damage":10.0,"enemies":"Jaw Worm","floor":5.0,"turns":3.0},{"damage":4.0,"enemies":"Cultist","floor":7.0,"turns":4.0},{"damage":14.0,"enemies":"3 Sentries","floor":12.0,"turns":8.0},{"damage":11.0,"enemies":"Exordium Wildlife","floor":13.0,"turns":4.0},{"damage":7.0,"enemies":"Exordium Thugs","floor":14.0,"turns":4.0},{"damage":15.0,"enemies":"The Guardian","floor":16.0,"turns":7.0},{"damage":9.0,"enemies":"2 Thieves","floor":18.0,"turns":3.0},{"damage":14.0,"enemies":"Shell Parasite","floor":21.0,"turns":4.0},{"damage":49.0,"enemies":"Book of Stabbing","floor":24.0,"turns":5.0},{"damage":11.0,"enemies":"Centurion and Healer","floor":30.0,"turns":6.0},{"damage":2.0,"enemies":"Sentry and Sphere","floor":31.0,"turns":3.0},{"damage":67,"enemies":"Automaton","floor":33,"turns":6}],"seed_played":"4941466096975348791","potions_obtained":[{"floor":1.0,"key":"PowerPotion"},{"floor":14.0,"key":"Block Potion"},{"floor":18.0,"key":"SkillPotion"}],"is_trial":false,"path_per_floor":["M","$","?","?","M","R","M","R","T","R","?","E","M","M","R","B",null,"M","?","?","M","$","R","E","R","T","?","$","R","M","M","R","B"],"character_chosen":"IRONCLAD","items_purchased":["Hemokinesis","Shrug It Off","Corruption"],"campfire_rested":2,"item_purchase_floors":[2,2,22],"current_hp_per_floor":[67,67,67,67,63,63,65,65,65,65,70,62,57,56,56,47,72,69,69,69,61,61,61,18,42,42,42,42,42,37,41,65,0],"gold":36,"neow_bonus":"TRANSFORM_CARD","is_prod":false,"is_daily":false,"chose_seed":false,"campfire_upgraded":6,"win_rate":0,"timestamp":1558902135,"path_taken":["M","$","?","?","M","R","M","R","T","R","?","E","?","M","R","BOSS","M","?","?","?","$","R","E","R","T","?","?","R","M","M","R","BOSS"],"build_version":"2019-01-23","purchased_purges":0,"victory":false,"max_hp_per_floor":[75,75,75,75,75,75,75,75,75,75,80,80,80,80,80,80,80,80,80,80,80,80,80,80,80,80,80,80,80,80,80,80,80],"card_choices":[{"not_picked":["Pummel","Warcry"],"picked":"Flame Barrier","floor":1.0},{"not_picked":["True Grit","Sword Boomerang","Bloodletting"],"picked":"SKIP","floor":5.0},{"not_picked":["Flame Barrier","Armaments"],"picked":"Headbutt","floor":7.0},{"not_picked":["Sever Soul","Infernal Blade","Body Slam"],"picked":"SKIP","floor":12.0},{"not_picked":["Armaments","Dual Wield"],"picked":"Headbutt","floor":13.0},{"not_picked":["Iron Wave","Clothesline"],"picked":"Inflame","floor":14.0},{"not_picked":["Juggernaut","Fiend Fire"],"picked":"Immolate","floor":16.0},{"not_picked":["Power Through","Hemokinesis","Headbutt"],"picked":"SKIP","floor":18.0},{"not_picked":["Reckless Charge","Cleave"],"picked":"True Grit+1","floor":21.0},{"not_picked":["Berserk","Clash"],"picked":"Pummel","floor":24.0},{"not_picked":["Havoc","Second Wind"],"picked":"Intimidate+1","floor":30.0},{"not_picked":["Rage","Pommel Strike"],"picked":"Shockwave","floor":31.0}],"player_experience":86014,"relics_obtained":[{"floor":9.0,"key":"Bag of Preparation"},{"floor":12.0,"key":"Self Forming Clay"},{"floor":24.0,"key":"Mercury Hourglass"},{"floor":26.0,"key":"Orichalcum"}],"event_choices":[{"damage_healed":0.0,"max_hp_gain":0.0,"max_hp_loss":0.0,"gold_gain":0.0,"event_name":"The Cleric","player_choice":"Leave","floor":3.0,"gold_loss":0.0,"damage_taken":0.0},{"damage_healed":0.0,"max_hp_gain":0.0,"max_hp_loss":0.0,"gold_gain":0.0,"event_name":"Golden Idol","player_choice":"Ignored","floor":4.0,"gold_loss":0.0,"damage_taken":0.0},{"damage_healed":0.0,"max_hp_gain":5.0,"max_hp_loss":0.0,"gold_gain":0.0,"event_name":"Big Fish","player_choice":"Donut","floor":11.0,"gold_loss":0.0,"damage_taken":0.0},{"damage_healed":0.0,"max_hp_gain":0.0,"max_hp_loss":0.0,"gold_gain":0.0,"event_name":"Ghosts","player_choice":"Ignored","floor":19.0,"gold_loss":0.0,"damage_taken":0.0},{"damage_healed":0.0,"max_hp_gain":0.0,"max_hp_loss":0.0,"gold_gain":0.0,"event_name":"WeMeetAgain","player_choice":"Gave Potion","floor":20.0,"gold_loss":0.0,"damage_taken":0.0,"relics_obtained":["Kunai"]},{"cards_removed":["Strike_R"],"damage_healed":0.0,"max_hp_gain":0.0,"max_hp_loss":0.0,"gold_gain":0.0,"event_name":"Purifier","player_choice":"Purged","floor":27.0,"gold_loss":0.0,"damage_taken":0.0}],"is_beta":false,"boss_relics":[{"not_picked":["Orrery","Empty Cage"],"picked":"Ectoplasm"}],"items_purged_floors":[],"is_endless":false,"potions_floor_spawned":[1,14,18],"killed_by":"Automaton","ascension_level":20}