{"gold_per_floor":[109,109,109,109,34,34,74,87,87,87,87,87,120,140,140,264,264,282,282,261,4,4,4,4,4,4,4,4,4,4,25,25,151,151,166,166,40,63,188,188,204,228,228,264,264,264,283,283,283,283],"floor_reached":50,"playtime":4673,"items_purged":["Defend_G","Pain","Parasite"],"score":522,"play_id":"45c9deb2-a687-4a53-9b5a-917d0459dcae","local_time":"20190227021718","is_ascension_mode":false,"campfire_choices":[{"data":"Neutralize","floor":6.0,"key":"SMITH"},{"floor":10.0,"key":"REST"},{"floor":15.0,"key":"REST"},{"data":"Noxious Fumes","floor":23.0,"key":"SMITH"},{"data":"Caltrops","floor":27.0,"key":"SMITH"},{"data":"Envenom","floor":30.0,"key":"SMITH"},{"floor":32.0,"key":"REST"},{"data":"Doppelganger","floor":40.0,"key":"SMITH"},{"floor":49.0,"key":"RECALL"}],"neow_cost":"TEN_PERCENT_HP_LOSS","seed_source_timestamp":0,"circlet_count":0,"master_deck":["Defend_G","Defend_G","Defend_G","Defend_G","Survivor","Neutralize+1","Underhanded Strike","Escape Plan","Caltrops+1","Noxious Fumes+1","PiercingWail","Envenom+1","Flechettes+1","Escape Plan+1","Bite","Bite","Bite","Bite","Bite","Backstab","Doppelganger+1","Outmaneuver+1","Swift Strike","Dagger Spray+1","Poisoned Stab+1","Blur","Parasite","Deflect+1","Outmaneuver+1","Madness+1","Madness","Leg Sweep"],"special_seed":0,"relics":["Ring of the Snake","Unceasing Top","Bag of Preparation","Golden Idol","Paper Crane","Sundial","Ornamental Fan","Smiling Mask","White Beast Statue","WarpedTongs","TwistedFunnel","The Courier","WristBlade","Incense Burner","Gremlin Horn"],"potions_floor_usage":[50,50],"damage_taken":[{"damage":0.0,"enemies":"2 Louse","floor":1.0,"turns":3.0},{"damage":37.0,"enemies":"Lagavulin","floor":7.0,"turns":10.0},{"damage":0.0,"enemies":"Small Slimes","floor":8.0,"turns":2.0},{"damage":14.0,"enemies":"Gremlin Nob","floor":13.0,"turns":4.0},{"damage":2.0,"enemies":"Jaw Worm","floor":14.0,"turns":4.0},{"damage":7.0,"enemies":"Hexaghost","floor":16.0,"turns":11.0},{"damage":13.0,"enemies":"Shell Parasite","floor":18.0,"turns":9.0},{"damage":11.0,"enemies":"2 Thieves","floor":20.0,"turns":5.0},{"damage":23.0,"enemies":"Sentry and Sphere","floor":31.0,"turns":6.0},{"damage":64.0,"enemies":"Collector","floor":33.0,"turns":12.0},{"damage":18.0,"enemies":"3 Darklings","floor":35.0,"turns":6.0},{"damage":18.0,"enemies":"3 Shapes","floor":38.0,"turns":5.0},{"damage":10.0,"enemies":"Mind Bloom Boss Battle","floor":39.0,"turns":6.0},{"damage":16.0,"enemies":"3 Darklings","floor":41.0,"turns":4.0},{"damage":11.0,"enemies":"Writhing Mass","floor":42.0,"turns":6.0},{"damage":9.0,"enemies":"Giant Head","floor":44.0,"turns":9.0},{"damage":10.0,"enemies":"Sphere and 2 Shapes","floor":47.0,"turns":6.0},{"damage":59,"enemies":"Time Eater","floor":50,"turns":13}],"seed_played":"-3406013763922370736","potions_obtained":[{"floor":7.0,"key":"AttackPotion"},{"floor":14.0,"key":"Poison Potion"},{"floor":18.0,"key":"Fire Potion"},{"floor":20.0,"key":"Strength Potion"},{"floor":31.0,"key":"Weak Potion"},{"floor":33.0,"key":"Block Potion"},{"floor":35.0,"key":"Swift Potion"},{"floor":38.0,"key":"Dexterity Potion"},{"floor":39.0,"key":"GhostInAJar"},{"floor":41.0,"key":"FearPotion"},{"floor":42.0,"key":"SteroidPotion"},{"floor":44.0,"key":"SteroidPotion"},{"floor":47.0,"key":"SkillPotion"},{"floor":48.0,"key":"GhostInAJar"}],"is_trial":false,"path_per_floor":["M","?","?","?","$","R","E","M","T","R","?","?","E","M","R","B",null,"M","?","M","$","?","R","$","?","T","R","$","?","R","M","R","B",null,"M","?","$","M","?","R","M","M","T","E","?","?","M","?","R","B"],"character_chosen":"THE_SILENT","items_purchased":["TwistedFunnel","Swift Strike"],"campfire_rested":3,"item_purchase_floors":[21,37],"current_hp_per_floor":[63,63,48,48,48,48,11,11,11,29,26,41,27,25,43,36,63,50,50,39,39,60,60,60,44,44,44,44,44,44,28,41,16,44,35,35,35,28,39,39,32,31,31,39,34,34,31,31,31,0],"gold":283,"neow_bonus":"ONE_RARE_RELIC","is_prod":false,"is_daily":false,"chose_seed":false,"campfire_upgraded":5,"win_rate":0,"timestamp":1551201438,"path_taken":["M","?","?","?","$","R","E","M","T","R","?","?","E","M","R","BOSS","M","?","?","$","?","R","$","?","T","R","?","?","R","M","R","BOSS","M","?","$","M","?","R","M","?","T","E","?","?","?","?","R","BOSS"],"build_version":"2019-01-23","purchased_purges":3,"victory":false,"max_hp_per_floor":[63,63,63,63,63,63,63,63,63,63,63,63,63,63,63,63,63,63,63,63,63,63,63,63,44,44,44,44,44,44,44,44,44,44,44,44,41,41,41,41,41,41,41,41,41,41,41,41,41,41],"card_choices":[{"not_picked":["Prepared","Acrobatics"],"picked":"Underhanded Strike","floor":1.0},{"not_picked":["Flying Knee","Bane"],"picked":"Escape Plan","floor":7.0},{"not_picked":["Backflip","Flying Knee"],"picked":"Caltrops","floor":8.0},{"not_picked":["Dodge and Roll","Quick Slash"],"picked":"Noxious Fumes","floor":13.0},{"not_picked":["Bane","Prepared"],"picked":"PiercingWail","floor":14.0},{"not_picked":["Unload","A Thousand Cuts"],"picked":"Envenom","floor":16.0},{"not_picked":["Concentrate","Dodge and Roll"],"picked":"Flechettes+1","floor":18.0},{"not_picked":["Cloak And Dagger+1","Backflip"],"picked":"Escape Plan+1","floor":20.0},{"not_picked":["Dagger Spray","Dodge and Roll"],"picked":"Backstab","floor":31.0},{"not_picked":["Envenom","Corpse Explosion"],"picked":"Doppelganger","floor":33.0},{"not_picked":["Dagger Throw","Dodge and Roll+1"],"picked":"Outmaneuver+1","floor":35.0},{"not_picked":["Deadly Poison","Noxious Fumes"],"picked":"Dagger Spray+1","floor":38.0},{"not_picked":["Backflip","Bullet Time"],"picked":"Poisoned Stab+1","floor":39.0},{"not_picked":["Dagger Spray","Blade Dance"],"picked":"Blur","floor":41.0},{"not_picked":["Prepared","Slice"],"picked":"Deflect+1","floor":42.0},{"not_picked":["Cloak And Dagger","Poisoned Stab+1"],"picked":"Outmaneuver+1","floor":44.0},{"not_picked":["PiercingWail","Dagger Spray"],"picked":"Leg Sweep","floor":47.0}],"player_experience":1010518,"relics_obtained":[{"floor":7.0,"key":"Paper Crane"},{"floor":9.0,"key":"Sundial"},{"floor":13.0,"key":"Smiling Mask"},{"floor":26.0,"key":"The Courier"},{"floor":39.0,"key":"Incense Burner"},{"floor":44.0,"key":"Gremlin Horn"}],"event_choices":[{"damage_healed":0.0,"max_hp_gain":0.0,"max_hp_loss":0.0,"gold_gain":0.0,"event_name":"Big Fish","player_choice":"Box","floor":2.0,"gold_loss":0.0,"damage_taken":0.0,"relics_obtained":["Bag of Preparation"],"cards_obtained":["Regret"]},{"damage_healed":0.0,"max_hp_gain":0.0,"max_hp_loss":0.0,"gold_gain":0.0,"event_name":"Golden Idol","player_choice":"Take Damage","floor":3.0,"gold_loss":0.0,"damage_taken":15.0,"relics_obtained":["Golden Idol"]},{"cards_removed":["Regret"],"damage_healed":0.0,"max_hp_gain":0.0,"max_hp_loss":0.0,"gold_gain":0.0,"event_name":"Living Wall","player_choice":"Forget","floor":4.0,"gold_loss":0.0,"damage_taken":0.0},{"damage_healed":0.0,"max_hp_gain":0.0,"max_hp_loss":0.0,"gold_gain":0.0,"event_name":"Scrap Ooze","player_choice":"Success","floor":11.0,"gold_loss":0.0,"damage_taken":3.0,"relics_obtained":["Ornamental Fan"]},{"damage_healed":15.0,"max_hp_gain":0.0,"max_hp_loss":0.0,"gold_gain":0.0,"event_name":"Mushrooms","player_choice":"Healed and dodged fight","floor":12.0,"gold_loss":0.0,"damage_taken":0.0,"cards_obtained":["Parasite"]},{"damage_healed":0.0,"max_hp_gain":0.0,"max_hp_loss":0.0,"gold_gain":0.0,"event_name":"Accursed Blacksmith","player_choice":"Rummage","floor":19.0,"gold_loss":0.0,"damage_taken":0.0,"relics_obtained":["WarpedTongs"],"cards_obtained":["Pain"]},{"damage_healed":21.0,"max_hp_gain":0.0,"max_hp_loss":0.0,"gold_gain":0.0,"event_name":"The Library","player_choice":"Heal","floor":22.0,"gold_loss":0.0,"damage_taken":0.0},{"damage_healed":0.0,"max_hp_gain":0.0,"max_hp_loss":19.0,"gold_gain":0.0,"event_name":"Vampires","player_choice":"Became a vampire","floor":25.0,"gold_loss":0.0,"damage_taken":0.0,"cards_obtained":["Bite","Bite","Bite","Bite","Bite"]},{"damage_healed":0.0,"max_hp_gain":0.0,"max_hp_loss":0.0,"gold_gain":0.0,"event_name":"Beggar","player_choice":"Ignored","floor":29.0,"gold_loss":0.0,"damage_taken":0.0},{"damage_healed":0.0,"max_hp_gain":0.0,"max_hp_loss":0.0,"gold_gain":0.0,"event_name":"Mysterious Sphere","player_choice":"Ignored","floor":36.0,"gold_loss":0.0,"damage_taken":0.0},{"damage_healed":0.0,"max_hp_gain":0.0,"max_hp_loss":0.0,"gold_gain":0.0,"event_name":"MindBloom","player_choice":"Fight","floor":39.0,"gold_loss":0.0,"damage_taken":0.0},{"damage_healed":0.0,"max_hp_gain":0.0,"max_hp_loss":0.0,"gold_gain":0.0,"event_name":"Winding Halls","player_choice":"Embrace Madness","floor":45.0,"gold_loss":0.0,"damage_taken":5.0,"cards_obtained":["Madness","Madness"]},{"damage_healed":0.0,"max_hp_gain":0.0,"max_hp_loss":0.0,"gold_gain":0.0,"event_name":"Upgrade Shrine","player_choice":"Upgraded","floor":46.0,"gold_loss":0.0,"damage_taken":0.0,"cards_upgraded":["Madness"]},{"damage_healed":0.0,"max_hp_gain":0.0,"max_hp_loss":0.0,"gold_gain":0.0,"event_name":"Lab","player_choice":"Got Potions","floor":48.0,"gold_loss":0.0,"damage_taken":0.0}],"is_beta":false,"boss_relics":[{"not_picked":["Astrolabe","Black Star"],"picked":"White Beast Statue"},{"not_picked":["Empty Cage","Snecko Eye"],"picked":"WristBlade"}],"items_purged_floors":[5,21,37],"is_endless":false,"potions_floor_spawned":[7,14,18,20,31,33,35,38,39,41,42,44,47],"killed_by":"Time Eater","ascension_level":0}