{"gold_per_floor":[109,124,138,138,157,192,162,205,231,231,231,231,246,269,269,269],"floor_reached":16,"playtime":2013,"items_purged":[],"score":134,"play_id":"fcee36b8-f3ea-4280-b948-daa45e1d3060","local_time":"20190518221829","is_ascension_mode":true,"campfire_choices":[{"floor":12,"key":"RECALL"},{"data":"True Grit","floor":15,"key":"SMITH"}],"neow_cost":"NONE","seed_source_timestamp":0,"circlet_count":0,"master_deck":["Strike_R","Strike_R","Strike_R","Strike_R","Strike_R","Defend_R","Defend_R","Defend_R","Defend_R","Bash","Iron Wave","Shockwave","True Grit+1","Shrug It Off","Metallicize"],"special_seed":0,"relics":["Burning Blood","Golden Idol","Dream Catcher","Anchor"],"potions_floor_usage":[6,8,16],"damage_taken":[{"damage":13,"enemies":"Jaw Worm","floor":1,"turns":5},{"damage":0,"enemies":"Small Slimes","floor":2,"turns":3},{"damage":1,"enemies":"Cultist","floor":3,"turns":4},{"damage":8,"enemies":"Exordium Wildlife","floor":5,"turns":6},{"damage":23,"enemies":"Lagavulin","floor":6,"turns":8},{"damage":45,"enemies":"3 Sentries","floor":8,"turns":12},{"damage":6,"enemies":"2 Fungi Beasts","floor":13,"turns":4},{"damage":10,"enemies":"Large Slime","floor":14,"turns":7},{"damage":35,"enemies":"Slime Boss","floor":16,"turns":10}],"seed_played":"1024842295076109634","potions_obtained":[{"floor":2,"key":"LiquidBronze"},{"floor":3,"key":"Strength Potion"},{"floor":14,"key":"LiquidBronze"}],"is_trial":false,"path_per_floor":["M","M","M","?","M","E","?","E","T","?","?","R","M","M","R","B"],"character_chosen":"IRONCLAD","items_purchased":[],"campfire_rested":0,"item_purchase_floors":[],"current_hp_per_floor":[81,87,88,88,86,69,69,30,30,30,30,30,30,26,26,0],"gold":269,"neow_bonus":"TEN_PERCENT_HP_BONUS","is_prod":false,"is_daily":false,"chose_seed":false,"campfire_upgraded":1,"win_rate":0,"timestamp":1558210709,"path_taken":["M","M","M","?","M","E","?","E","T","?","?","R","M","M","R","BOSS"],"build_version":"2019-01-23","purchased_purges":0,"victory":false,"max_hp_per_floor":[88,88,88,88,88,88,88,88,88,88,88,88,88,88,88,88],"card_choices":[{"not_picked":["Warcry","Searing Blow"],"picked":"Iron Wave","floor":1},{"not_picked":["Wild Strike","Clash","Perfected Strike"],"picked":"SKIP","floor":2},{"not_picked":["Body Slam","Shockwave","Clash"],"picked":"SKIP","floor":3},{"not_picked":["Body Slam","Clash"],"picked":"Shockwave","floor":3},{"not_picked":["Wild Strike","Sword Boomerang","Reckless Charge"],"picked":"SKIP","floor":5},{"not_picked":["Second Wind","Seeing Red"],"picked":"True Grit","floor":6},{"not_picked":["Clothesline","Perfected Strike"],"picked":"Shrug It Off","floor":8},{"not_picked":["Shockwave","Sword Boomerang","Dual Wield"],"picked":"SKIP","floor":13},{"not_picked":["Reckless Charge","Wild Strike"],"picked":"Metallicize","floor":14}],"player_experience":298928,"relics_obtained":[{"floor":6,"key":"Dream Catcher"},{"floor":8,"key":"Anchor"}],"event_choices":[{"damage_healed":0,"gold_gain":0,"player_choice":"Take Wound","damage_taken":0,"relics_obtained":["Golden Idol"],"max_hp_gain":0,"max_hp_loss":0,"event_name":"Golden Idol","floor":4,"gold_loss":0,"cards_obtained":["Injury"]},{"damage_healed":0,"gold_gain":0,"player_choice":"Left Gold","damage_taken":0,"max_hp_gain":0,"max_hp_loss":0,"event_name":"World of Goop","floor":7,"gold_loss":30},{"damage_healed":0,"gold_gain":0,"player_choice":"Ignored","damage_taken":0,"max_hp_gain":0,"max_hp_loss":0,"event_name":"Shining Light","floor":10,"gold_loss":0},{"cards_removed":["Injury"],"damage_healed":0,"gold_gain":0,"player_choice":"Card Removal","damage_taken":0,"max_hp_gain":0,"max_hp_loss":0,"event_name":"Wheel of Change","floor":11,"gold_loss":0}],"is_beta":false,"boss_relics":[],"items_purged_floors":[],"is_endless":false,"potions_floor_spawned":[2,3,14],"killed_by":"Slime Boss","ascension_level":4}