{"gold_per_floor":[14,34,53,53,64,64,96,96,96,106,125,125,140,158,158,235,235,250,160,171,189,189,223,223,223,223,250,269,285,300,300,300,379,379,398,70,82,82,147,147,177,34,58,58,73,85,85,85,85,85,85,85,32,32],"floor_reached":54,"playtime":2809,"items_purged":["Decay"],"score":1085,"play_id":"ff4a6b99-e933-4004-bc53-bada3adf81a4","local_time":"20190526093436","is_ascension_mode":true,"campfire_choices":[{"data":"Sunder","floor":6.0,"key":"SMITH"},{"data":"1","floor":12.0,"key":"LIFT"},{"data":"Go for the Eyes","floor":15.0,"key":"SMITH"},{"data":"2","floor":24.0,"key":"LIFT"},{"floor":32.0,"key":"REST"},{"floor":40.0,"key":"REST"},{"data":"3","floor":44.0,"key":"LIFT"},{"floor":47,"key":"RECALL"},{"data":"Echo Form","floor":49,"key":"SMITH"},{"data":"Leap","floor":52,"key":"SMITH"}],"neow_cost":"NO_GOLD","seed_source_timestamp":0,"circlet_count":0,"master_deck":["AscendersBane","Strike_B","Defend_B+1","Defend_B","Defend_B+1","Defend_B","Zap+1","Dualcast","Go for the Eyes+1","Leap","Sunder+1","Tempest","Doom and Gloom","FTL","Cold Snap","Seek","Echo Form+1","Cold Snap","Doom and Gloom","Leap+1","Redo","Echo Form","HandOfGreed","Self Repair","HandOfGreed","Leap","Cold Snap"],"special_seed":0,"relics":["Cracked Core","Turnip","Girya","Busted Crown","Enchiridion","War Paint","Bird Faced Urn","Lantern","Regal Pillow","Snecko Eye","Du-Vu Doll","Oddly Smooth Stone","Centennial Puzzle"],"potions_floor_usage":[50,50],"damage_taken":[{"damage":3.0,"enemies":"Small Slimes","floor":1.0,"turns":3.0},{"damage":4.0,"enemies":"Jaw Worm","floor":2.0,"turns":3.0},{"damage":0.0,"enemies":"2 Louse","floor":3.0,"turns":2.0},{"damage":7.0,"enemies":"Lots of Slimes","floor":5.0,"turns":6.0},{"damage":24.0,"enemies":"Gremlin Nob","floor":7.0,"turns":4.0},{"damage":11.0,"enemies":"Blue Slaver","floor":10.0,"turns":4.0},{"damage":0.0,"enemies":"Large Slime","floor":11.0,"turns":3.0},{"damage":0.0,"enemies":"2 Fungi Beasts","floor":13.0,"turns":1.0},{"damage":0.0,"enemies":"Looter","floor":14.0,"turns":2.0},{"damage":18.0,"enemies":"The Guardian","floor":16.0,"turns":12.0},{"damage":7.0,"enemies":"Chosen","floor":18.0,"turns":4.0},{"damage":0.0,"enemies":"Spheric Guardian","floor":20.0,"turns":3.0},{"damage":14.0,"enemies":"Snecko","floor":21.0,"turns":3.0},{"damage":7.0,"enemies":"Gremlin Leader","floor":23.0,"turns":5.0},{"damage":0.0,"enemies":"Cultist and Chosen","floor":28.0,"turns":4.0},{"damage":0.0,"enemies":"Sentry and Sphere","floor":29.0,"turns":4.0},{"damage":10.0,"enemies":"Snake Plant","floor":30.0,"turns":3.0},{"damage":24.0,"enemies":"Champ","floor":33.0,"turns":12.0},{"damage":28.0,"enemies":"3 Darklings","floor":35.0,"turns":3.0},{"damage":11.0,"enemies":"3 Shapes","floor":37.0,"turns":4.0},{"damage":36.0,"enemies":"2 Orb Walkers","floor":39.0,"turns":5.0},{"damage":12.0,"enemies":"3 Darklings","floor":41.0,"turns":4.0},{"damage":9.0,"enemies":"Maw","floor":45.0,"turns":6.0},{"damage":0.0,"enemies":"Transient","floor":46.0,"turns":5.0},{"damage":64,"enemies":"Time Eater","floor":50,"turns":13},{"damage":65,"enemies":"Shield and Spear","floor":54,"turns":3}],"seed_played":"2303887437549381599","potions_obtained":[{"floor":11.0,"key":"Explosive Potion"},{"floor":13.0,"key":"GamblersBrew"},{"floor":14.0,"key":"Swift Potion"},{"floor":16.0,"key":"EntropicBrew"},{"floor":20.0,"key":"SkillPotion"},{"floor":23.0,"key":"FearPotion"},{"floor":29.0,"key":"Weak Potion"},{"floor":33.0,"key":"SteroidPotion"},{"floor":37.0,"key":"SkillPotion"},{"floor":39.0,"key":"PowerPotion"},{"floor":46.0,"key":"Swift Potion"}],"is_trial":false,"path_per_floor":["M","M","M","?","M","R","E","?","T","M","M","R","M","M","R","B",null,"M","?","M","M","?","E","R","?","T","T","M","M","M","?","R","B",null,"M","$","M","?","?","R","M","$","T","R","M","M","R","?","R","B",null,"R","$","E"],"character_chosen":"DEFECT","items_purchased":["HandOfGreed","Self Repair","Oddly Smooth Stone","Cold Snap"],"campfire_rested":2,"item_purchase_floors":[36,36,42,53],"current_hp_per_floor":[61,57,57,39,32,32,8,31,31,20,20,20,20,20,20,2,54,47,47,47,33,17,10,10,10,10,10,14,18,12,12,48,28,60,38,38,54,54,24,60,56,56,56,56,53,68,68,67,67,5,52,52,52,0],"gold":32,"neow_bonus":"REMOVE_TWO","is_prod":false,"is_daily":false,"chose_seed":false,"campfire_upgraded":4,"win_rate":0,"timestamp":1558888476,"path_taken":["M","M","M","?","M","R","E","?","T","M","M","R","M","M","R","BOSS","M","?","M","?","?","E","R","?","T","?","M","M","M","?","R","BOSS","M","$","M","?","?","R","M","$","T","R","M","M","R","?","R","BOSS","R","$","E"],"build_version":"2019-01-23","purchased_purges":1,"victory":false,"max_hp_per_floor":[71,71,71,71,71,71,71,71,71,71,71,71,71,71,71,71,71,71,71,71,71,71,71,71,71,71,71,71,71,71,71,71,71,71,71,71,71,71,71,71,71,71,71,71,71,71,71,67,67,67,67,67,67,67],"card_choices":[{"not_picked":["Gash","Barrage"],"picked":"Go for the Eyes","floor":1.0},{"not_picked":["Rebound","Force Field"],"picked":"Leap","floor":2.0},{"not_picked":["Compile Driver","Hologram"],"picked":"Sunder","floor":3.0},{"not_picked":["Redo","Hologram"],"picked":"Tempest","floor":5.0},{"not_picked":["Double Energy","Rebound"],"picked":"Doom and Gloom","floor":7.0},{"not_picked":["Darkness","Stack"],"picked":"FTL","floor":10.0},{"not_picked":["FTL","Turbo"],"picked":"Cold Snap","floor":11.0},{"not_picked":["Hologram","Stack","Heatsinks"],"picked":"SKIP","floor":13.0},{"not_picked":["Leap","Skim"],"picked":"Seek","floor":14.0},{"not_picked":["Reboot","Meteor Strike"],"picked":"Echo Form","floor":16.0},{"not_picked":[],"picked":"Cold Snap","floor":18.0},{"not_picked":["Force Field+1"],"picked":"SKIP","floor":20.0},{"not_picked":["Compile Driver"],"picked":"SKIP","floor":21.0},{"not_picked":[],"picked":"Doom and Gloom","floor":23.0},{"not_picked":[],"picked":"Leap","floor":28.0},{"not_picked":[],"picked":"Redo","floor":29.0},{"not_picked":["Go for the Eyes"],"picked":"SKIP","floor":30.0},{"not_picked":[],"picked":"Echo Form","floor":33.0},{"not_picked":["Barrage"],"picked":"SKIP","floor":35.0},{"not_picked":["Compile Driver"],"picked":"SKIP","floor":37.0},{"not_picked":[],"picked":"HandOfGreed","floor":38.0},{"not_picked":[],"picked":"Leap","floor":41.0},{"not_picked":["Static Discharge"],"picked":"SKIP","floor":45.0},{"not_picked":["Storm"],"picked":"SKIP","floor":46.0}],"player_experience":719919,"relics_obtained":[{"floor":7.0,"key":"Girya"},{"floor":22.0,"key":"Enchiridion"},{"floor":23.0,"key":"War Paint"},{"floor":26.0,"key":"Lantern"},{"floor":27.0,"key":"Regal Pillow"},{"floor":39.0,"key":"Du-Vu Doll"},{"floor":43.0,"key":"Centennial Puzzle"}],"event_choices":[{"damage_healed":0.0,"max_hp_gain":0.0,"max_hp_loss":0.0,"gold_gain":0.0,"event_name":"Scrap Ooze","player_choice":"Success","floor":4.0,"gold_loss":0.0,"damage_taken":18.0,"relics_obtained":["Turnip"]},{"damage_healed":23.0,"max_hp_gain":0.0,"max_hp_loss":0.0,"gold_gain":0.0,"event_name":"Big Fish","player_choice":"Banana","floor":8.0,"gold_loss":0.0,"damage_taken":0.0},{"cards_removed":["Strike_B"],"damage_healed":0.0,"max_hp_gain":0.0,"max_hp_loss":0.0,"gold_gain":0.0,"event_name":"Designer","player_choice":"Upgrade and Remove","floor":19.0,"gold_loss":90.0,"damage_taken":0.0,"cards_upgraded":["Zap"]},{"damage_healed":0.0,"max_hp_gain":0.0,"max_hp_loss":0.0,"gold_gain":0.0,"event_name":"Cursed Tome","player_choice":"Obtained Book","floor":22.0,"gold_loss":0.0,"damage_taken":16.0},{"damage_healed":0.0,"max_hp_gain":0.0,"max_hp_loss":0.0,"gold_gain":0.0,"event_name":"The Mausoleum","player_choice":"Opened","floor":25.0,"gold_loss":0.0,"damage_taken":0.0,"relics_obtained":["Bird Faced Urn"]},{"damage_healed":0.0,"max_hp_gain":0.0,"max_hp_loss":0.0,"gold_gain":0.0,"event_name":"Forgotten Altar","player_choice":"Smashed Altar","floor":31.0,"gold_loss":0.0,"damage_taken":0.0,"cards_obtained":["Decay"]},{"damage_healed":0.0,"max_hp_gain":0.0,"max_hp_loss":0.0,"gold_gain":0.0,"event_name":"SensoryStone","player_choice":"Memory 1","floor":38.0,"gold_loss":0.0,"damage_taken":0.0},{"damage_healed":0.0,"max_hp_gain":0.0,"max_hp_loss":0.0,"gold_gain":0.0,"event_name":"Mysterious Sphere","player_choice":"Fight","floor":39.0,"gold_loss":0.0,"damage_taken":0.0},{"damage_healed":0,"gold_gain":0,"player_choice":"Max HP","damage_taken":0,"max_hp_gain":0,"max_hp_loss":4,"event_name":"Winding Halls","floor":48,"gold_loss":0}],"is_beta":false,"boss_relics":[{"not_picked":["White Beast Statue","Runic Dome"],"picked":"Busted Crown"},{"not_picked":["Cursed Key","Calling Bell"],"picked":"Snecko Eye"}],"items_purged_floors":[36],"is_endless":false,"potions_floor_spawned":[11,13,14,16,20,21,23,29,33,37,39,46],"killed_by":"Shield and Spear","ascension_level":14}