{"gold_per_floor":[20,34,47,47,61,61,88,99,122,134,162,174,174,174,174,270,270,282,297,297,200,200,233,233,233,233,45,45,69,100,111,111,206,206,225,238,238,252,69,69,102,4,4,17,17,17,43,63,63,63,63,63,25,50,50],"floor_reached":55,"playtime":4860,"items_purged":[],"score":1268,"play_id":"a7665403-e0ed-4ffa-83cd-79a4fe70d954","local_time":"20190516170658","is_ascension_mode":true,"campfire_choices":[{"data":"All Out Attack","floor":6.0,"key":"SMITH"},{"floor":13.0,"key":"REST"},{"data":"Malaise","floor":15.0,"key":"SMITH"},{"floor":24.0,"key":"REST"},{"data":"Sadistic Nature","floor":28.0,"key":"SMITH"},{"data":"Sadistic Nature","floor":32.0,"key":"SMITH"},{"data":"After Image","floor":40.0,"key":"SMITH"},{"floor":45.0,"key":"RECALL"},{"data":"Bullet Time","floor":49.0,"key":"SMITH"},{"data":"Tactician","floor":52.0,"key":"SMITH"}],"neow_cost":"NO_GOLD","seed_source_timestamp":3083983491144380,"circlet_count":0,"master_deck":["AscendersBane","Defend_G+1","Defend_G+1","Defend_G+1","Defend_G+1","Defend_G+1","Strike_G+1","Strike_G+1","Strike_G+1","Survivor","Neutralize","Sadistic Nature+1","Secret Technique","Flying Knee","All Out Attack+1","Noxious Fumes+1","Expertise","Backstab","Die Die Die","Tactician+1","Malaise+1","Infinite Blades","After Image+1","Prepared","Backflip","Acrobatics","Sadistic Nature+1","Deadly Poison","Acrobatics","Bullet Time+1","Well Laid Plans","PiercingWail","Dark Shackles","After Image","Finesse","PiercingWail+1","Corpse Explosion","Infinite Blades","Acrobatics"],"special_seed":0,"relics":["Ring of the Serpent","Mercury Hourglass","Boot","Busted Crown","Bronze Scales","Pear","Bag of Marbles","Bird Faced Urn","Ancient Tea Set","Lantern","Anchor","Snake Skull","Unceasing Top"],"potions_floor_usage":[55,55],"damage_taken":[{"damage":0.0,"enemies":"Cultist","floor":1.0,"turns":4.0},{"damage":2.0,"enemies":"Small Slimes","floor":2.0,"turns":4.0},{"damage":0.0,"enemies":"2 Louse","floor":3.0,"turns":4.0},{"damage":0.0,"enemies":"2 Fungi Beasts","floor":5.0,"turns":2.0},{"damage":21.0,"enemies":"Lagavulin","floor":7.0,"turns":7.0},{"damage":4.0,"enemies":"Blue Slaver","floor":8.0,"turns":3.0},{"damage":0.0,"enemies":"Exordium Wildlife","floor":10.0,"turns":3.0},{"damage":10.0,"enemies":"3 Sentries","floor":11.0,"turns":3.0},{"damage":0.0,"enemies":"Exordium Thugs","floor":12.0,"turns":3.0},{"damage":13.0,"enemies":"The Guardian","floor":16.0,"turns":11.0},{"damage":12.0,"enemies":"Shell Parasite","floor":18.0,"turns":7.0},{"damage":3.0,"enemies":"3 Byrds","floor":19.0,"turns":4.0},{"damage":9.0,"enemies":"Book of Stabbing","floor":23.0,"turns":6.0},{"damage":0.0,"enemies":"Snecko","floor":25.0,"turns":2.0},{"damage":15.0,"enemies":"Slavers","floor":30.0,"turns":4.0},{"damage":1.0,"enemies":"Snake Plant","floor":31.0,"turns":4.0},{"damage":45.0,"enemies":"Collector","floor":33.0,"turns":6.0},{"damage":0.0,"enemies":"3 Darklings","floor":35.0,"turns":3.0},{"damage":0.0,"enemies":"3 Shapes","floor":36.0,"turns":1.0},{"damage":36.0,"enemies":"Writhing Mass","floor":38.0,"turns":7.0},{"damage":20.0,"enemies":"Giant Head","floor":41.0,"turns":9.0},{"damage":8.0,"enemies":"Maw","floor":44.0,"turns":8.0},{"damage":0.0,"enemies":"Nemesis","floor":47.0,"turns":7.0},{"damage":3.0,"enemies":"Transient","floor":48.0,"turns":5.0},{"damage":9.0,"enemies":"Donu and Deca","floor":50.0,"turns":7.0},{"damage":28.0,"enemies":"Shield and Spear","floor":54.0,"turns":7.0},{"damage":120,"enemies":"The Heart","floor":55,"turns":11}],"seed_played":"7854783058176016644","potions_obtained":[{"floor":1.0,"key":"SkillPotion"},{"floor":5.0,"key":"SmokeBomb"},{"floor":10.0,"key":"Dexterity Potion"},{"floor":33.0,"key":"Fire Potion"},{"floor":35.0,"key":"SteroidPotion"},{"floor":48.0,"key":"SpeedPotion"}],"is_trial":false,"path_per_floor":["M","M","M","?","M","R","E","M","T","M","E","M","R","?","R","B",null,"M","M","?","$","?","E","R","M","T","$","R","T","E","M","R","B",null,"M","M","?","M","$","R","E","$","T","M","R","?","E","M","R","B",null,"R","$","E","B"],"character_chosen":"THE_SILENT","items_purchased":["Backflip","Acrobatics","Sadistic Nature","Well Laid Plans","PiercingWail","Dark Shackles","Finesse","Infinite Blades"],"campfire_rested":2,"item_purchase_floors":[21,21,27,39,39,39,42,53],"current_hp_per_floor":[63,61,61,61,61,61,40,36,36,36,26,26,47,47,47,34,61,49,46,46,46,46,37,58,58,68,68,68,68,53,62,62,27,67,73,75,75,49,49,49,41,41,41,47,47,47,61,72,72,77,79,79,79,62,0],"gold":50,"neow_bonus":"RANDOM_COLORLESS_2","is_prod":false,"is_daily":false,"chose_seed":false,"campfire_upgraded":7,"win_rate":0,"timestamp":1558051618,"path_taken":["M","M","M","?","M","R","E","M","T","M","E","M","R","?","R","BOSS","M","?","?","$","?","E","R","M","T","$","R","?","E","M","R","BOSS","M","M","?","M","$","R","E","?","T","?","R","?","E","M","R","BOSS","R","$","E","BOSS"],"build_version":"2019-01-23","purchased_purges":0,"victory":false,"max_hp_per_floor":[70,70,70,70,70,70,70,70,70,70,70,70,70,70,70,70,70,70,70,70,70,70,70,70,70,80,80,80,80,80,80,80,80,80,80,80,80,80,80,80,80,80,80,80,80,80,80,80,80,80,80,80,80,80,80],"card_choices":[{"not_picked":["Calculated Gamble","Outmaneuver"],"picked":"Flying Knee","floor":1.0},{"not_picked":["Distraction","Blade Dance"],"picked":"All Out Attack","floor":2.0},{"not_picked":["Flying Knee","Underhanded Strike"],"picked":"Noxious Fumes","floor":3.0},{"not_picked":["Underhanded Strike","Heel Hook"],"picked":"Expertise","floor":5.0},{"not_picked":["Slice","Deadly Poison"],"picked":"Backstab","floor":7.0},{"not_picked":["Well Laid Plans","Underhanded Strike"],"picked":"Die Die Die","floor":8.0},{"not_picked":["Underhanded Strike","Quick Slash"],"picked":"Tactician","floor":10.0},{"not_picked":["Prepared","Slice"],"picked":"Malaise","floor":11.0},{"not_picked":["Dagger Spray","Outmaneuver"],"picked":"Infinite Blades","floor":12.0},{"not_picked":["A Thousand Cuts","Night Terror"],"picked":"After Image","floor":16.0},{"not_picked":["All Out Attack"],"picked":"SKIP","floor":18.0},{"not_picked":[],"picked":"Prepared","floor":19.0},{"not_picked":["Blade Dance"],"picked":"SKIP","floor":23.0},{"not_picked":[],"picked":"Deadly Poison","floor":30.0},{"not_picked":[],"picked":"Acrobatics","floor":31.0},{"not_picked":[],"picked":"Bullet Time","floor":33.0},{"not_picked":["Deflect+1"],"picked":"SKIP","floor":35.0},{"not_picked":["Poisoned Stab+1"],"picked":"SKIP","floor":36.0},{"not_picked":["Underhanded Strike"],"picked":"SKIP","floor":38.0},{"not_picked":[],"picked":"After Image","floor":41.0},{"not_picked":[],"picked":"PiercingWail+1","floor":44.0},{"not_picked":["Predator"],"picked":"SKIP","floor":47.0},{"not_picked":["Quick Slash"],"picked":"SKIP","floor":48.0},{"not_picked":[],"picked":"Acrobatics","floor":54.0}],"player_experience":598060,"relics_obtained":[{"floor":7.0,"key":"Mercury Hourglass"},{"floor":11.0,"key":"Boot"},{"floor":23.0,"key":"Bronze Scales"},{"floor":26.0,"key":"Pear"},{"floor":29.0,"key":"Bag of Marbles"},{"floor":30.0,"key":"Bird Faced Urn"},{"floor":41.0,"key":"Lantern"},{"floor":43.0,"key":"Anchor"},{"floor":47.0,"key":"Snake Skull"},{"floor":54.0,"key":"Unceasing Top"}],"event_choices":[{"damage_healed":0.0,"max_hp_gain":0.0,"max_hp_loss":0.0,"gold_gain":0.0,"event_name":"Living Wall","player_choice":"Grow","floor":4.0,"gold_loss":0.0,"damage_taken":0.0,"cards_upgraded":["Noxious Fumes"]},{"cards_removed":["Strike_G"],"damage_healed":0.0,"max_hp_gain":0.0,"max_hp_loss":0.0,"gold_gain":0.0,"event_name":"Purifier","player_choice":"Purged","floor":14.0,"gold_loss":0.0,"damage_taken":0.0},{"damage_healed":0.0,"max_hp_gain":0.0,"max_hp_loss":0.0,"gold_gain":0.0,"event_name":"Ghosts","player_choice":"Ignored","floor":20.0,"gold_loss":0.0,"damage_taken":0.0},{"damage_healed":0.0,"max_hp_gain":0.0,"max_hp_loss":0.0,"gold_gain":0.0,"event_name":"Back to Basics","player_choice":"Simplicity","floor":22.0,"gold_loss":0.0,"damage_taken":0.0,"cards_upgraded":["Defend_G","Defend_G","Defend_G","Defend_G","Defend_G","Strike_G","Strike_G","Strike_G","Strike_G"]},{"damage_healed":0.0,"max_hp_gain":0.0,"max_hp_loss":0.0,"gold_gain":0.0,"event_name":"WeMeetAgain","player_choice":"Gave Potion","floor":37.0,"gold_loss":0.0,"damage_taken":0.0,"relics_obtained":["Ancient Tea Set"]},{"damage_healed":0.0,"max_hp_gain":0.0,"max_hp_loss":0.0,"gold_gain":0.0,"cards_transformed":["Strike_G"],"event_name":"Transmorgrifier","player_choice":"Transformed","floor":46.0,"gold_loss":0.0,"damage_taken":0.0,"cards_obtained":["Corpse Explosion"]}],"is_beta":false,"boss_relics":[{"not_picked":["HoveringKite","WristBlade"],"picked":"Busted Crown"},{"not_picked":["Tiny House","Coffee Dripper"],"picked":"Ring of the Serpent"}],"items_purged_floors":[],"is_endless":false,"potions_floor_spawned":[1,5,10,18,19,33,35,36,48,54],"killed_by":"The Heart","ascension_level":12}