{"gold_per_floor":[116,116,170,102,120,120,138,154,231,244,244,71,71,90,90,194,194,204,204,303,333,101,129,142,142,167,167,167,180,180,198,198,295,345,365,213,281,112,334,334,366,382,409,409,409,419,419,430,430,430],"floor_reached":51,"playtime":2472,"items_purged":["Strike_G"],"score":988,"play_id":"eca862e1-965f-4857-a648-c664bd47257f","local_time":"20190531183619","is_ascension_mode":true,"campfire_choices":[{"data":"Footwork","floor":6.0,"key":"SMITH"},{"data":"Catalyst","floor":11.0,"key":"SMITH"},{"data":"Deadly Poison","floor":13.0,"key":"SMITH"},{"floor":15.0,"key":"REST"},{"floor":27.0,"key":"REST"},{"floor":32.0,"key":"REST"},{"data":"Apotheosis","floor":40,"key":"SMITH"},{"floor":47,"key":"REST"},{"data":"Burst","floor":49,"key":"SMITH"}],"neow_cost":"NONE","seed_source_timestamp":206931096269400,"circlet_count":0,"master_deck":["Defend_G","Defend_G+1","Defend_G","Defend_G","Defend_G","Strike_G","Strike_G+1","Strike_G","Strike_G","Survivor","Neutralize","Dagger Spray","Catalyst+1","Footwork+1","Poisoned Stab+1","Backflip","Dodge and Roll","Deadly Poison+1","Crippling Poison","Deflect","Burst+1","Deadly Poison+1","Escape Plan","PiercingWail","Decay","Footwork","Prepared+1","Bullet Time","Outmaneuver+1","Apotheosis+1","Calculated Gamble+1","Catalyst","Writhe","Blind","Deadly Poison+1","Catalyst+1"],"special_seed":0,"relics":["Ring of the Snake","Centennial Puzzle","MawBank","Tiny Chest","Sozu","Red Mask","PreservedInsect","Paper Crane","Juzu Bracelet","Question Card","Tiny House","Happy Flower","Bottled Tornado","Whetstone","Regal Pillow"],"potions_floor_usage":[],"damage_taken":[{"damage":0.0,"enemies":"2 Louse","floor":1.0,"turns":3.0},{"damage":2.0,"enemies":"Jaw Worm","floor":5.0,"turns":6.0},{"damage":0.0,"enemies":"Cultist","floor":7.0,"turns":4.0},{"damage":2.0,"enemies":"2 Fungi Beasts","floor":8.0,"turns":3.0},{"damage":15.0,"enemies":"3 Louse","floor":10.0,"turns":4.0},{"damage":3.0,"enemies":"Large Slime","floor":14.0,"turns":4.0},{"damage":34.0,"enemies":"Slime Boss","floor":16.0,"turns":12.0},{"damage":0.0,"enemies":"Chosen","floor":18.0,"turns":4.0},{"damage":32.0,"enemies":"Masked Bandits","floor":21.0,"turns":5.0},{"damage":7.0,"enemies":"Gremlin Leader","floor":23.0,"turns":3.0},{"damage":12.0,"enemies":"3 Byrds","floor":24.0,"turns":5.0},{"damage":10.0,"enemies":"Snecko","floor":29.0,"turns":4.0},{"damage":7.0,"enemies":"Cultist and Chosen","floor":31.0,"turns":5.0},{"damage":10,"enemies":"Champ","floor":33,"turns":7},{"damage":2,"enemies":"3 Darklings","floor":35,"turns":8},{"damage":0,"enemies":"Nemesis","floor":41,"turns":9},{"damage":22,"enemies":"Orb Walker","floor":42,"turns":4},{"damage":6,"enemies":"Transient","floor":46,"turns":5},{"damage":15,"enemies":"Jaw Worm Horde","floor":48,"turns":5},{"damage":59,"enemies":"Donu and Deca","floor":50,"turns":10}],"seed_played":"6568974339412584774","potions_obtained":[{"floor":1.0,"key":"Weak Potion"},{"floor":5.0,"key":"PowerPotion"}],"is_trial":false,"path_per_floor":["M","?","T","$","M","R","M","M","T","M","R","$","R","M","R","B",null,"M","$","?","?","$","E","M","?","T","R","T","M","?","M","R","B",null,"M","$","T","$","?","R","E","M","T","?","?","M","R","M","R","B",null],"character_chosen":"THE_SILENT","items_purchased":["Catalyst","Deadly Poison","Crippling Poison","Poison Potion","PreservedInsect","Happy Flower","Apotheosis"],"campfire_rested":4,"item_purchase_floors":[4,12,12,12,22,36,38],"current_hp_per_floor":[63,63,63,63,61,61,61,59,59,44,44,44,44,41,62,28,60,60,60,60,28,28,21,9,9,9,30,30,20,20,13,34,24,64,62,62,62,62,62,62,62,40,40,59,59,53,75,60,60,1],"gold":430,"neow_bonus":"RANDOM_COMMON_RELIC","is_prod":false,"is_daily":false,"chose_seed":false,"campfire_upgraded":5,"win_rate":0,"timestamp":1559352979,"path_taken":["M","?","?","$","M","R","M","M","T","M","R","$","R","M","R","BOSS","M","?","?","?","$","E","M","?","T","R","?","M","?","M","R","BOSS","M","$","?","$","?","R","E","M","T","?","?","M","R","M","R","BOSS"],"build_version":"2019-01-23","purchased_purges":1,"victory":true,"max_hp_per_floor":[70,70,70,70,70,70,70,70,70,70,70,70,70,70,70,70,70,70,70,70,70,70,70,70,70,70,70,70,70,70,70,70,70,75,75,75,75,75,75,75,75,75,75,75,75,75,75,75,75,75],"card_choices":[{"not_picked":["Finisher","Leg Sweep"],"picked":"Dagger Spray","floor":1.0},{"not_picked":["Quick Slash","Underhanded Strike"],"picked":"Footwork","floor":5.0},{"not_picked":["Dodge and Roll","Underhanded Strike"],"picked":"Poisoned Stab","floor":7.0},{"not_picked":["Blade Dance","Flying Knee"],"picked":"Backflip","floor":8.0},{"not_picked":["Choke","After Image"],"picked":"Dodge and Roll","floor":10.0},{"not_picked":["Crippling Poison","Underhanded Strike"],"picked":"Deflect","floor":14.0},{"not_picked":["Adrenaline","Malaise"],"picked":"Burst","floor":16.0},{"not_picked":["Terror","Dodge and Roll"],"picked":"Deadly Poison+1","floor":18.0},{"not_picked":["Deadly Poison","Outmaneuver"],"picked":"Escape Plan","floor":21.0},{"not_picked":["Finisher","Poisoned Stab","Predator"],"picked":"SKIP","floor":23.0},{"not_picked":["Deadly Poison","Acrobatics"],"picked":"PiercingWail","floor":24.0},{"not_picked":["Blade Dance","Crippling Poison","Outmaneuver"],"picked":"Footwork","floor":29.0},{"not_picked":["Dagger Throw","Choke+1","Venomology"],"picked":"Prepared+1","floor":31.0},{"not_picked":["After Image","Glass Knife","Grand Finale"],"picked":"Bullet Time","floor":33},{"not_picked":["Expertise","Quick Slash","Slice"],"picked":"Outmaneuver+1","floor":35},{"not_picked":["Dagger Throw+1","Die Die Die","Blade Dance"],"picked":"Calculated Gamble+1","floor":41},{"not_picked":["Sucker Punch","Dagger Throw","Bane"],"picked":"Catalyst","floor":42},{"not_picked":["Finesse","Swift Strike","Deep Breath"],"picked":"Blind","floor":45},{"not_picked":["Malaise","Dagger Throw+1","Infinite Blades"],"picked":"Deadly Poison+1","floor":46},{"not_picked":["PiercingWail","Bane","Cloak And Dagger+1"],"picked":"Catalyst+1","floor":48}],"player_experience":183212,"relics_obtained":[{"floor":3.0,"key":"MawBank"},{"floor":9.0,"key":"Tiny Chest"},{"floor":21.0,"key":"Red Mask"},{"floor":23.0,"key":"Paper Crane"},{"floor":26.0,"key":"Juzu Bracelet"},{"floor":28.0,"key":"Question Card"},{"floor":37,"key":"Bottled Tornado"},{"floor":41,"key":"Whetstone"},{"floor":43,"key":"Regal Pillow"}],"event_choices":[{"damage_healed":0.0,"max_hp_gain":0.0,"max_hp_loss":0.0,"gold_gain":0.0,"event_name":"The Cleric","player_choice":"Leave","floor":2.0,"gold_loss":0.0,"damage_taken":0.0},{"damage_healed":0.0,"max_hp_gain":0.0,"max_hp_loss":0.0,"gold_gain":99.0,"event_name":"Nest","player_choice":"Stole From Cult","floor":20.0,"gold_loss":0.0,"damage_taken":0.0},{"damage_healed":0.0,"max_hp_gain":0.0,"max_hp_loss":0.0,"gold_gain":0.0,"event_name":"Masked Bandits","player_choice":"Fought Bandits","floor":21.0,"gold_loss":0.0,"damage_taken":0.0},{"damage_healed":0.0,"max_hp_gain":0.0,"max_hp_loss":0.0,"gold_gain":0.0,"event_name":"Forgotten Altar","player_choice":"Smashed Altar","floor":25.0,"gold_loss":0.0,"damage_taken":0.0,"cards_obtained":["Decay"]},{"damage_healed":0.0,"max_hp_gain":0.0,"max_hp_loss":0.0,"gold_gain":0.0,"event_name":"N\u0027loth","player_choice":"Ignored","floor":30.0,"gold_loss":0.0,"damage_taken":0.0},{"damage_healed":0,"gold_gain":222,"player_choice":"Wore Mask","damage_taken":0,"max_hp_gain":0,"max_hp_loss":0,"event_name":"Tomb of Lord Red Mask","floor":39,"gold_loss":0},{"damage_healed":19,"gold_gain":0,"player_choice":"Writhe","damage_taken":0,"max_hp_gain":0,"max_hp_loss":0,"event_name":"Winding Halls","floor":44,"gold_loss":0,"cards_obtained":["Writhe"]},{"damage_healed":0,"gold_gain":0,"player_choice":"Memory 1","damage_taken":0,"max_hp_gain":0,"max_hp_loss":0,"event_name":"SensoryStone","floor":45,"gold_loss":0}],"is_beta":false,"boss_relics":[{"not_picked":["Fusion Hammer","Empty Cage"],"picked":"Sozu"},{"not_picked":["Pandora\u0027s Box","Velvet Choker"],"picked":"Tiny House"}],"items_purged_floors":[22],"is_endless":false,"potions_floor_spawned":[1,5,14,21,23,29,41,46],"ascension_level":6}