{"gold_per_floor":[114,133,83,83,109,143,156,156,207,219,260,289,301,325,337,349],"floor_reached":16,"playtime":429,"items_purged":[],"score":216,"play_id":"eccb0949-8bd9-4c67-a69f-f79edb3e0142","local_time":"20190605085946","is_ascension_mode":true,"campfire_choices":[{"data":"Dash","floor":8.0,"key":"SMITH"},{"floor":13.0,"key":"REST"},{"data":"Skewer","floor":15.0,"key":"SMITH"}],"neow_cost":"NONE","seed_source_timestamp":101295205345300,"circlet_count":0,"master_deck":["AscendersBane","Defend_G","Defend_G","Defend_G","Defend_G+1","Defend_G","Strike_G","Strike_G","Strike_G","Strike_G","Survivor+1","Neutralize","Accuracy","Flying Knee","Outmaneuver","Dash+1","Dagger Spray","Skewer+1","Deflect"],"special_seed":0,"relics":["Ring of the Snake","NeowsBlessing","Lantern","Regal Pillow","MawBank","Ornamental Fan"],"potions_floor_usage":[16],"damage_taken":[{"damage":0.0,"enemies":"2 Louse","floor":1.0,"turns":1.0},{"damage":0.0,"enemies":"Small Slimes","floor":2.0,"turns":1.0},{"damage":0.0,"enemies":"Lagavulin","floor":6.0,"turns":1.0},{"damage":11.0,"enemies":"Jaw Worm","floor":7.0,"turns":5.0},{"damage":29.0,"enemies":"Gremlin Nob","floor":11.0,"turns":7.0},{"damage":0.0,"enemies":"Red Slaver","floor":12.0,"turns":5.0},{"damage":1.0,"enemies":"Large Slime","floor":14.0,"turns":6.0},{"damage":49,"enemies":"Hexaghost","floor":16,"turns":11}],"seed_played":"475186007357382763","potions_obtained":[{"floor":6.0,"key":"Energy Potion"},{"floor":7.0,"key":"SpeedPotion"},{"floor":11.0,"key":"PowerPotion"}],"is_trial":false,"path_per_floor":["M","M","?","?","T","E","M","R","T","$","E","M","R","M","R","B"],"character_chosen":"THE_SILENT","items_purchased":[],"campfire_rested":1,"item_purchase_floors":[],"current_hp_per_floor":[63,63,63,49,49,49,38,38,38,38,9,9,45,44,44,0],"gold":349,"neow_bonus":"THREE_ENEMY_KILL","is_prod":false,"is_daily":false,"chose_seed":false,"campfire_upgraded":2,"win_rate":0,"timestamp":1559750386,"path_taken":["M","M","?","?","?","E","M","R","T","$","E","M","R","M","R","BOSS"],"build_version":"2019-01-23","purchased_purges":0,"victory":false,"max_hp_per_floor":[70,70,70,70,70,70,70,70,70,70,70,70,70,70,70,70],"card_choices":[{"not_picked":["Blade Dance","Underhanded Strike"],"picked":"Accuracy","floor":1.0},{"not_picked":["Quick Slash","Predator"],"picked":"Flying Knee","floor":2.0},{"not_picked":["Flying Knee","Bane"],"picked":"Outmaneuver","floor":6.0},{"not_picked":["Sucker Punch","Dodge and Roll"],"picked":"Dash","floor":7.0},{"not_picked":["Underhanded Strike","Doppelganger"],"picked":"Dagger Spray","floor":11.0},{"not_picked":["Prepared","Quick Slash"],"picked":"Skewer","floor":12.0},{"not_picked":["Prepared","Eviscerate"],"picked":"Deflect","floor":14.0}],"player_experience":312651,"relics_obtained":[{"floor":5.0,"key":"Lantern"},{"floor":6.0,"key":"Regal Pillow"},{"floor":9.0,"key":"MawBank"},{"floor":11.0,"key":"Ornamental Fan"}],"event_choices":[{"cards_removed":["Strike_G"],"damage_healed":0.0,"max_hp_gain":0.0,"max_hp_loss":0.0,"gold_gain":0.0,"event_name":"The Cleric","player_choice":"Card Removal","floor":3.0,"gold_loss":50.0,"damage_taken":0.0},{"damage_healed":0.0,"max_hp_gain":0.0,"max_hp_loss":0.0,"gold_gain":0.0,"event_name":"Shining Light","player_choice":"Entered Light","floor":4.0,"gold_loss":0.0,"damage_taken":14.0,"cards_upgraded":["Defend_G","Survivor"]}],"is_beta":false,"boss_relics":[],"items_purged_floors":[],"is_endless":false,"potions_floor_spawned":[6,7,11],"killed_by":"Hexaghost","ascension_level":12}