{"gold_per_floor":[117,134,153,153,167,199,199,225,225,225,225,225,275,295,295,369,369,319,2,2,22,38,38,63,79,79,4,4,4,20,30,30,30],"floor_reached":33,"playtime":1907,"items_purged":["Strike_G"],"score":558,"play_id":"359db0f1-2a7d-4cc0-8532-437fc133cb7c","local_time":"20190607152252","is_ascension_mode":true,"campfire_choices":[{"floor":7.0,"key":"REST"},{"floor":10.0,"key":"REST"},{"floor":12.0,"key":"REST"},{"data":"Noxious Fumes","floor":15.0,"key":"SMITH"},{"floor":23.0,"key":"REST"},{"floor":28.0,"key":"REST"},{"data":"Leg Sweep","floor":32.0,"key":"SMITH"}],"neow_cost":"NONE","seed_source_timestamp":1372604723982857,"circlet_count":0,"master_deck":["AscendersBane","Defend_G","Defend_G","Defend_G","Defend_G","Defend_G","Strike_G","Strike_G+1","Survivor+1","Neutralize+1","Dagger Throw","Outmaneuver","Leg Sweep+1","Dagger Throw","Deflect","Slice","Noxious Fumes+1","PiercingWail","Storm of Steel","Flying Knee","Cloak And Dagger","Poisoned Stab","Cloak And Dagger+1"],"special_seed":0,"relics":["Runic Pyramid","Pantograph","Oddly Smooth Stone","Bag of Marbles","Busted Crown","TwistedFunnel","The Courier","Darkstone Periapt"],"potions_floor_usage":[33,33],"damage_taken":[{"damage":1.0,"enemies":"Jaw Worm","floor":1.0,"turns":6.0},{"damage":7.0,"enemies":"Small Slimes","floor":2.0,"turns":4.0},{"damage":3.0,"enemies":"Cultist","floor":3.0,"turns":4.0},{"damage":4.0,"enemies":"Red Slaver","floor":5.0,"turns":4.0},{"damage":23.0,"enemies":"Lagavulin","floor":6.0,"turns":9.0},{"damage":26.0,"enemies":"Gremlin Nob","floor":8.0,"turns":5.0},{"damage":1.0,"enemies":"2 Fungi Beasts","floor":14.0,"turns":4.0},{"damage":11.0,"enemies":"The Guardian","floor":16.0,"turns":12.0},{"damage":16.0,"enemies":"2 Thieves","floor":18.0,"turns":5.0},{"damage":14.0,"enemies":"Shell Parasite","floor":21.0,"turns":8.0},{"damage":7.0,"enemies":"Centurion and Healer","floor":22.0,"turns":8.0},{"damage":37.0,"enemies":"Slavers","floor":24.0,"turns":7.0},{"damage":2.0,"enemies":"Snake Plant","floor":25.0,"turns":5.0},{"damage":0.0,"enemies":"Shelled Parasite and Fungi","floor":29.0,"turns":1.0},{"damage":7.0,"enemies":"3 Cultists","floor":30.0,"turns":6.0},{"damage":0.0,"enemies":"Snecko","floor":31.0,"turns":6.0},{"damage":61,"enemies":"Collector","floor":33,"turns":9}],"seed_played":"7384950994687906799","potions_obtained":[{"floor":2.0,"key":"LiquidBronze"},{"floor":5.0,"key":"Fruit Juice"},{"floor":6.0,"key":"Block Potion"},{"floor":14.0,"key":"PowerPotion"},{"floor":16.0,"key":"SmokeBomb"},{"floor":22.0,"key":"FearPotion"},{"floor":24.0,"key":"Swift Potion"},{"floor":31.0,"key":"Strength Potion"}],"is_trial":false,"path_per_floor":["M","M","M","?","M","E","R","E","T","R","?","R","?","M","R","B",null,"M","$","?","M","M","R","E","M","T","?","R","M","M","M","R","B"],"character_chosen":"THE_SILENT","items_purchased":["TwistedFunnel","Cloak And Dagger"],"campfire_rested":5,"item_purchase_floors":[19,19],"current_hp_per_floor":[58,51,48,28,24,6,27,1,1,22,22,43,43,42,42,56,67,51,51,51,37,30,51,14,12,12,12,33,33,26,26,26,0],"gold":30,"neow_bonus":"BOSS_RELIC","is_prod":false,"is_daily":false,"chose_seed":false,"campfire_upgraded":2,"win_rate":0,"timestamp":1559946172,"path_taken":["M","M","M","?","M","E","R","E","T","R","?","R","?","M","R","BOSS","M","$","?","M","?","R","E","M","T","?","R","M","M","M","R","BOSS"],"build_version":"2019-01-23","purchased_purges":1,"victory":false,"max_hp_per_floor":[66,66,66,66,66,71,71,71,71,71,71,71,71,71,71,71,71,71,71,71,71,71,71,71,71,71,71,71,71,71,71,71,71],"card_choices":[{"not_picked":["Sucker Punch","Flying Knee"],"picked":"Dagger Throw","floor":1.0},{"not_picked":["Sucker Punch","Backflip"],"picked":"Outmaneuver","floor":2.0},{"not_picked":["Dagger Throw","Expertise"],"picked":"Leg Sweep","floor":3.0},{"not_picked":["Backflip","Underhanded Strike"],"picked":"Dagger Throw","floor":5.0},{"not_picked":["Doppelganger","Predator"],"picked":"Deflect","floor":6.0},{"not_picked":["Outmaneuver","Bane"],"picked":"Slice","floor":8.0},{"not_picked":["Heel Hook","Reflex"],"picked":"PiercingWail","floor":14.0},{"not_picked":["Glass Knife","Phantasmal Killer"],"picked":"Storm of Steel","floor":16.0},{"not_picked":[],"picked":"Flying Knee","floor":18.0},{"not_picked":[],"picked":"Poisoned Stab","floor":21.0},{"not_picked":[],"picked":"Cloak And Dagger+1","floor":22.0},{"not_picked":["Heel Hook+1"],"picked":"SKIP","floor":24.0},{"not_picked":["Outmaneuver"],"picked":"SKIP","floor":25.0},{"not_picked":["Sucker Punch+1"],"picked":"SKIP","floor":30.0},{"not_picked":["Flying Knee"],"picked":"SKIP","floor":31.0}],"player_experience":834267,"relics_obtained":[{"floor":6.0,"key":"Pantograph"},{"floor":8.0,"key":"Oddly Smooth Stone"},{"floor":9.0,"key":"Bag of Marbles"},{"floor":24.0,"key":"The Courier"},{"floor":26.0,"key":"Darkstone Periapt"}],"event_choices":[{"damage_healed":0.0,"max_hp_gain":0.0,"max_hp_loss":0.0,"gold_gain":0.0,"event_name":"Shining Light","player_choice":"Entered Light","floor":4.0,"gold_loss":0.0,"damage_taken":20.0,"cards_upgraded":["Neutralize","Strike_G"]},{"damage_healed":0.0,"max_hp_gain":0.0,"max_hp_loss":0.0,"gold_gain":0.0,"cards_transformed":["Strike_G"],"event_name":"Living Wall","player_choice":"Change","floor":11.0,"gold_loss":0.0,"damage_taken":0.0,"cards_obtained":["Noxious Fumes"]},{"damage_healed":0.0,"max_hp_gain":0.0,"max_hp_loss":0.0,"gold_gain":50.0,"event_name":"Golden Shrine","player_choice":"Pray","floor":13.0,"gold_loss":0.0,"damage_taken":0.0},{"damage_healed":0.0,"max_hp_gain":0.0,"max_hp_loss":0.0,"gold_gain":0.0,"event_name":"Upgrade Shrine","player_choice":"Upgraded","floor":20.0,"gold_loss":0.0,"damage_taken":0.0,"cards_upgraded":["Survivor"]},{"cards_removed":["Strike_G"],"damage_healed":0.0,"max_hp_gain":0.0,"max_hp_loss":0.0,"gold_gain":0.0,"event_name":"Beggar","player_choice":"Gave Gold","floor":27.0,"gold_loss":75.0,"damage_taken":0.0}],"is_beta":false,"boss_relics":[{"not_picked":["Philosopher\u0027s Stone","Pandora\u0027s Box"],"picked":"Busted Crown"}],"items_purged_floors":[19],"is_endless":false,"potions_floor_spawned":[2,5,6,14,16,18,22,24,31],"killed_by":"Collector","ascension_level":20}