{"gold_per_floor":[115,290,310,310,53,66,101,114,162,8,8,8,39,102,102,206,206,218,218,233,233,158,192,192,1,1,1,1,1,19,33,33,132,132,151,151,151,32,32,32,32],"floor_reached":41,"playtime":3326,"items_purged":[],"score":488,"play_id":"7306e2cf-8f70-49b1-905c-d2ea24bb3825","local_time":"20180714231453","is_ascension_mode":false,"campfire_choices":[{"floor":11,"key":"REST"},{"floor":15,"key":"REST"},{"data":"Electrodynamics","floor":24,"key":"SMITH"},{"data":"Zap","floor":27,"key":"SMITH"},{"data":"Fusion","floor":32,"key":"SMITH"},{"data":"Dualcast","floor":40,"key":"SMITH"}],"neow_cost":"","seed_source_timestamp":41293286465623,"circlet_count":0,"master_deck":["Strike_B","Strike_B","Strike_B","Strike_B","Defend_B","Defend_B","Defend_B","Defend_B","Zap+1","Dualcast+1","Ball Lightning","Streamline","Ball Lightning","Streamline","Fusion+1","Electrodynamics+1","Conserve Battery","Beam Cell","Thunder Strike","Ghostly","Ghostly","Ghostly","Ghostly","Ghostly","Sweeping Beam","Writhe","Cold Snap","Transmutation","Hologram+1","Ball Lightning","Multi-Cast","Melter"],"relics":["Cracked Core","HandDrill","Kunai","Juzu Bracelet","Orichalcum","Vajra","Ice Cream","Ancient Tea Set","Busted Crown","Pear","Anchor","Strawberry","Nuclear Battery","Frozen Egg 2"],"potions_floor_usage":[13,13,23,23,33,41],"damage_taken":[{"damage":0,"enemies":"2 Louse","floor":1,"turns":2},{"damage":10,"enemies":"Small Slimes","floor":3,"turns":3},{"damage":1,"enemies":"Jaw Worm","floor":6,"turns":2},{"damage":13,"enemies":"Gremlin Nob","floor":7,"turns":3},{"damage":29,"enemies":"Gremlin Gang","floor":8,"turns":3},{"damage":19,"enemies":"Lagavulin","floor":13,"turns":5},{"damage":6,"enemies":"3 Sentries","floor":14,"turns":5},{"damage":35,"enemies":"Hexaghost","floor":16,"turns":9},{"damage":5,"enemies":"Chosen","floor":18,"turns":4},{"damage":4,"enemies":"Shell Parasite","floor":20,"turns":4},{"damage":0,"enemies":"Book of Stabbing","floor":23,"turns":5},{"damage":6,"enemies":"Centurion and Healer","floor":30,"turns":5},{"damage":0,"enemies":"Snake Plant","floor":31,"turns":4},{"damage":25,"enemies":"Collector","floor":33,"turns":8},{"damage":3,"enemies":"3 Darklings","floor":35,"turns":4},{"damage":67,"enemies":"Giant Head","floor":41,"turns":8}],"seed_played":"-2259182181222723601","potions_obtained":[{"floor":3,"key":"Poison Potion"},{"floor":8,"key":"Poison Potion"},{"floor":14,"key":"SteroidPotion"},{"floor":20,"key":"FocusPotion"},{"floor":31,"key":"Poison Potion"}],"is_trial":false,"path_per_floor":["M","?","M","?","$","M","E","M","T","$","R","?","E","?","R","B",null,"M","?","M","?","?","E","R","$","T","R","?","?","M","M","R","B",null,"M","?","?","$","T","R"],"character_chosen":"DEFECT","items_purchased":["HandDrill","Ball Lightning","Orichalcum","Transmutation","Melter","SteroidPotion"],"campfire_rested":2,"item_purchase_floors":[5,5,10,25,38,38],"current_hp_per_floor":[75,75,65,65,65,64,51,22,22,22,44,44,25,19,41,6,75,70,37,33,43,43,43,43,43,50,50,44,44,38,42,42,17,54,51,51,51,51,51,51,0],"gold":32,"neow_bonus":"","is_prod":false,"is_daily":false,"chose_seed":false,"campfire_upgraded":4,"win_rate":0.0,"timestamp":1531602893,"path_taken":["M","?","?","?","$","M","E","M","T","?","R","?","E","?","R","BOSS","M","?","M","?","?","E","R","$","T","R","?","?","M","M","R","BOSS","M","?","?","?","?","R","E"],"build_version":"2018-07-12","purchased_purges":0,"victory":false,"max_hp_per_floor":[75,75,75,75,75,75,75,75,75,75,75,75,75,75,75,75,75,75,37,37,47,47,47,47,47,54,54,54,54,54,54,54,54,54,54,54,54,54,54,54,54],"card_choices":[{"not_picked":["Darkness","Tempest"],"picked":"Ball Lightning","floor":1},{"not_picked":["Gash","Stack"],"picked":"Streamline","floor":3},{"not_picked":["Stack","Gash"],"picked":"Streamline","floor":6},{"not_picked":["Steam","Glacier"],"picked":"Fusion","floor":7},{"not_picked":["Ball Lightning","Sweeping Beam"],"picked":"Electrodynamics","floor":8},{"not_picked":["Compile Driver","Seek"],"picked":"Conserve Battery","floor":13},{"not_picked":["Coolheaded","Double Energy"],"picked":"Beam Cell","floor":14},{"not_picked":["Buffer","All For One"],"picked":"Thunder Strike","floor":16},{"not_picked":["Gash"],"picked":"SKIP","floor":18},{"not_picked":[],"picked":"Sweeping Beam","floor":20},{"not_picked":[],"picked":"Cold Snap","floor":23},{"not_picked":[],"picked":"Hologram+1","floor":30},{"not_picked":[],"picked":"Ball Lightning","floor":31},{"not_picked":[],"picked":"Multi-Cast","floor":33},{"not_picked":[],"picked":"Ball Lightning+1","floor":35}],"player_experience":14128,"relics_obtained":[{"floor":7,"key":"Kunai"},{"floor":9,"key":"Juzu Bracelet"},{"floor":13,"key":"Ice Cream"},{"floor":14,"key":"Ancient Tea Set"},{"floor":23,"key":"Anchor"},{"floor":26,"key":"Strawberry"},{"floor":39,"key":"Frozen Egg 2"}],"event_choices":[{"event_name":"Liars Game","player_choice":"agreed","floor":2,"damage_taken":0},{"event_name":"Wheel of Change","player_choice":"Card Removal","floor":4,"damage_taken":0},{"event_name":"Big Fish","player_choice":"Box","floor":12,"damage_taken":0},{"event_name":"Dead Adventurer","player_choice":"Searched \u00272\u0027 times","floor":14,"damage_taken":0},{"event_name":"Ghosts","player_choice":"Became a Ghost","floor":19,"damage_taken":0},{"event_name":"The Mausoleum","player_choice":"Yes","floor":21,"damage_taken":0},{"event_name":"Beggar","player_choice":"Gave Gold","floor":22,"damage_taken":0},{"event_name":"Nest","player_choice":"Joined the Cult","floor":28,"damage_taken":0},{"event_name":"Addict","player_choice":"Ignored","floor":29,"damage_taken":0},{"event_name":"Bonfire Elementals","player_choice":"SPECIAL","floor":36,"damage_taken":0},{"event_name":"Falling","player_choice":"Removed Attack","floor":37,"damage_taken":0}],"boss_relics":[{"not_picked":["Fusion Hammer","Runic Dome"],"picked":"Busted Crown"},{"not_picked":["Runic Pyramid","Philosopher\u0027s Stone"],"picked":"Nuclear Battery"}],"items_purged_floors":[],"is_endless":false,"potions_floor_spawned":[3,8,14,20,31],"killed_by":"Giant Head","ascension_level":0}