{"gold_per_floor":[113,263,131,131,131,131,163,183,183,215,215,215,226,260,260,336,336,352,365,290,290],"floor_reached":21,"playtime":811,"items_purged":["Doubt"],"score":418,"play_id":"9e4243a0-b8c8-47f1-a39a-993c9aa6d248","local_time":"20190429203625","is_ascension_mode":true,"campfire_choices":[{"data":"Shrug It Off","floor":6.0,"key":"SMITH"},{"data":"Clothesline","floor":12.0,"key":"SMITH"},{"data":"Spot Weakness","floor":15.0,"key":"SMITH"}],"neow_cost":"NONE","seed_source_timestamp":0,"circlet_count":0,"master_deck":["AscendersBane","Strike_R","Strike_R","Strike_R","Defend_R","Defend_R","Defend_R","Defend_R","Bash","Clothesline+1","Shrug It Off+1","Limit Break","Pommel Strike","Offering","Battle Trance","Pummel","Immolate","Spot Weakness+1","Demon Form","Iron Wave","Carnage+1"],"special_seed":0,"relics":["Burning Blood","NeowsBlessing","Ornamental Fan","Happy Flower","Smiling Mask","Art of War","Oddly Smooth Stone","Empty Cage"],"potions_floor_usage":[18],"damage_taken":[{"damage":0.0,"enemies":"Jaw Worm","floor":1.0,"turns":1.0},{"damage":0.0,"enemies":"Gremlin Nob","floor":7.0,"turns":1.0},{"damage":0.0,"enemies":"Small Slimes","floor":8.0,"turns":1.0},{"damage":21.0,"enemies":"Lagavulin","floor":10.0,"turns":6.0},{"damage":8.0,"enemies":"2 Louse","floor":13.0,"turns":3.0},{"damage":11.0,"enemies":"3 Sentries","floor":14.0,"turns":4.0},{"damage":36.0,"enemies":"The Guardian","floor":16.0,"turns":10.0},{"damage":15,"enemies":"3 Byrds","floor":18,"turns":5},{"damage":12,"enemies":"Spheric Guardian","floor":19,"turns":4},{"damage":25,"enemies":"Snake Plant","floor":21,"turns":5}],"seed_played":"1607373564370913418","potions_obtained":[{"floor":1.0,"key":"Poison Potion"},{"floor":10.0,"key":"Strength Potion"},{"floor":11.0,"key":"Swift Potion"},{"floor":11.0,"key":"Block Potion"},{"floor":14.0,"key":"Explosive Potion"},{"floor":16.0,"key":"Weak Potion"}],"is_trial":false,"path_per_floor":["M","?","$","?","?","R","E","M","T","E","?","R","M","E","R","B",null,"M","M","?","M"],"character_chosen":"IRONCLAD","items_purchased":["Shrug It Off"],"campfire_rested":0,"item_purchase_floors":[3],"current_hp_per_floor":[74,74,74,74,74,74,75,75,75,60,60,60,58,53,53,23,62,53,47,47,22],"gold":290,"neow_bonus":"THREE_ENEMY_KILL","is_prod":false,"is_daily":false,"chose_seed":false,"campfire_upgraded":3,"win_rate":0,"timestamp":1556595385,"path_taken":["M","?","$","?","?","R","E","?","T","E","?","R","?","E","R","BOSS","M","M","?","M"],"build_version":"2019-01-23","purchased_purges":1,"victory":false,"max_hp_per_floor":[75,75,75,75,75,75,75,75,75,75,75,75,75,75,75,75,75,75,75,75,75],"card_choices":[{"not_picked":["Wild Strike","Anger"],"picked":"Clothesline","floor":1.0},{"not_picked":["Reckless Charge","Heavy Blade"],"picked":"Offering","floor":7.0},{"not_picked":["Perfected Strike","Anger"],"picked":"Battle Trance","floor":8.0},{"not_picked":["Searing Blow","Sentinel"],"picked":"Pummel","floor":10.0},{"not_picked":["Rampage","Sword Boomerang"],"picked":"Immolate","floor":13.0},{"not_picked":["Headbutt","Clothesline"],"picked":"Spot Weakness","floor":14.0},{"not_picked":["Fiend Fire","Brutality"],"picked":"Demon Form","floor":16.0},{"not_picked":["Pommel Strike","Whirlwind"],"picked":"Iron Wave","floor":18},{"not_picked":["Burning Pact","Spot Weakness"],"picked":"Carnage+1","floor":19}],"player_experience":767143,"relics_obtained":[{"floor":7.0,"key":"Happy Flower"},{"floor":9.0,"key":"Smiling Mask"},{"floor":10.0,"key":"Art of War"},{"floor":14.0,"key":"Oddly Smooth Stone"}],"event_choices":[{"damage_healed":0.0,"max_hp_gain":0.0,"max_hp_loss":0.0,"gold_gain":150.0,"event_name":"Liars Game","player_choice":"AGREE","floor":2.0,"gold_loss":0.0,"damage_taken":0.0,"cards_obtained":["Doubt"]},{"damage_healed":0.0,"max_hp_gain":0.0,"max_hp_loss":0.0,"gold_gain":0.0,"event_name":"Big Fish","player_choice":"Box","floor":4.0,"gold_loss":0.0,"damage_taken":0.0,"relics_obtained":["Ornamental Fan"],"cards_obtained":["Regret"]},{"damage_healed":0.0,"max_hp_gain":0.0,"max_hp_loss":0.0,"gold_gain":0.0,"event_name":"Match and Keep!","player_choice":"2 cards matched","floor":5.0,"gold_loss":0.0,"damage_taken":0.0,"cards_obtained":["Limit Break","Pommel Strike"]},{"damage_healed":0.0,"max_hp_gain":0.0,"max_hp_loss":0.0,"gold_gain":0.0,"event_name":"Lab","player_choice":"Got Potions","floor":11.0,"gold_loss":0.0,"damage_taken":0.0},{"cards_removed":["Strike_R"],"damage_healed":0,"gold_gain":0,"player_choice":"Gave Gold","damage_taken":0,"max_hp_gain":0,"max_hp_loss":0,"event_name":"Beggar","floor":20,"gold_loss":75}],"is_beta":false,"boss_relics":[{"not_picked":["Runic Pyramid","Pandora\u0027s Box"],"picked":"Empty Cage"}],"items_purged_floors":[3],"is_endless":false,"potions_floor_spawned":[1,10,14,16],"killed_by":"Snake Plant","ascension_level":18}