{"gold_per_floor":[118,118,118,142,17,17,55,79,79,28,28,203,217,241,241,367,367,390,403,428,343,27,27,48,48,119,19,40,40,64,83,83,209,209,232,565,565,207,225,225,225,257,282,282,87,102,102,119,119,119],"floor_reached":51,"playtime":5398,"items_purged":["Strike_G","Doubt","Strike_G","Strike_G"],"score":720,"play_id":"7407a885-3750-44fc-991d-faddcbd4c627","local_time":"20181020192811","is_ascension_mode":true,"campfire_choices":[{"data":"Neutralize","floor":6,"key":"SMITH"},{"floor":15,"key":"REST"},{"floor":23,"key":"REST"},{"floor":25,"key":"REST"},{"floor":32,"key":"REST"},{"data":"Noxious Fumes","floor":40,"key":"SMITH"},{"data":"Blur","floor":41,"key":"SMITH"},{"floor":44,"key":"REST"},{"data":"Strike_G","floor":49,"key":"PURGE"}],"neow_cost":"NONE","seed_source_timestamp":213445646469116,"circlet_count":0,"master_deck":["Defend_G","Defend_G","Defend_G","Defend_G","Defend_G","Survivor","Neutralize+1","Backflip","PiercingWail","Dodge and Roll","Poisoned Stab","Blur+1","Blade Dance+1","Outmaneuver+1","Slice","Bouncing Flask+1","Adrenaline+1","Poisoned Stab+1","Prepared+1","PiercingWail+1","Noxious Fumes+1","Cloak And Dagger+1","Calculated Gamble+1","Backflip+1","Crippling Poison+1","Bullet Time+1","Impatience+1","Bouncing Flask+1","Distraction+1","Footwork+1","Deadly Poison+1","Catalyst+1","Parasite"],"relics":["Ring of the Snake","Sundial","Toxic Egg 2","Peace Pipe","White Beast Statue","Paper Crane","Mummified Hand","Meat on the Bone","WingedGreaves","Sozu","Pocketwatch","Lantern","Oddly Smooth Stone","Dream Catcher"],"potions_floor_usage":[7,7,7,13,16,19,20,24,28,30,31,33,42],"damage_taken":[{"damage":0,"enemies":"Jaw Worm","floor":1,"turns":7},{"damage":0,"enemies":"Small Slimes","floor":4,"turns":6},{"damage":14,"enemies":"3 Sentries","floor":7,"turns":19},{"damage":1,"enemies":"2 Louse","floor":8,"turns":4},{"damage":18,"enemies":"Lagavulin","floor":11,"turns":10},{"damage":0,"enemies":"Looter","floor":13,"turns":4},{"damage":0,"enemies":"2 Fungi Beasts","floor":14,"turns":4},{"damage":6,"enemies":"Hexaghost","floor":16,"turns":9},{"damage":5,"enemies":"Shell Parasite","floor":18,"turns":6},{"damage":1,"enemies":"Chosen","floor":19,"turns":5},{"damage":41,"enemies":"Centurion and Healer","floor":20,"turns":12},{"damage":17,"enemies":"Shelled Parasite and Fungi","floor":24,"turns":5},{"damage":2,"enemies":"Cultist and Chosen","floor":28,"turns":8},{"damage":1,"enemies":"Snake Plant","floor":30,"turns":5},{"damage":4,"enemies":"3 Cultists","floor":31,"turns":6},{"damage":31,"enemies":"Automaton","floor":33,"turns":11},{"damage":0,"enemies":"3 Darklings","floor":35,"turns":4},{"damage":0,"enemies":"Mind Bloom Boss Battle","floor":37,"turns":7},{"damage":0,"enemies":"3 Shapes","floor":39,"turns":5},{"damage":40,"enemies":"Nemesis","floor":42,"turns":7},{"damage":1,"enemies":"3 Darklings","floor":46,"turns":5},{"damage":0,"enemies":"Writhing Mass","floor":48,"turns":5},{"damage":15,"enemies":"Time Eater","floor":50,"turns":5}],"seed_played":"2904431309863841541","potions_obtained":[{"floor":0,"key":"Fire Potion"},{"floor":0,"key":"FearPotion"},{"floor":0,"key":"Energy Potion"},{"floor":11,"key":"AttackPotion"},{"floor":14,"key":"FearPotion"},{"floor":18,"key":"Swift Potion"},{"floor":19,"key":"Regen Potion"},{"floor":20,"key":"SteroidPotion"},{"floor":24,"key":"Fire Potion"},{"floor":28,"key":"GhostInAJar"},{"floor":30,"key":"EssenceOfSteel"},{"floor":31,"key":"Weak Potion"},{"floor":33,"key":"Regen Potion"}],"is_trial":false,"path_per_floor":["M","?","?","M","$","R","E","M","T","$","E","?","M","M","R","B",null,"M","M","M","?","$","R","M","R","T","$","M","T","M","M","R","B",null,"M","?","?","$","M","R","R","E","T","R","$","M","$","M","R","B"],"character_chosen":"THE_SILENT","items_purchased":["Dodge and Roll","Blade Dance+1","Noxious Fumes","Mummified Hand","Lantern","Impatience+1","Deadly Poison+1"],"campfire_rested":5,"item_purchase_floors":[5,10,22,22,38,38,45],"current_hp_per_floor":[70,53,53,53,53,53,39,38,38,38,20,20,20,20,41,35,70,65,64,38,38,38,59,42,63,63,63,61,61,60,56,70,39,70,70,70,70,70,70,70,70,40,40,61,61,60,60,60,60,45],"gold":119,"neow_bonus":"THREE_SMALL_POTIONS","is_prod":false,"is_daily":false,"chose_seed":false,"campfire_upgraded":3,"win_rate":0,"timestamp":1540056491,"path_taken":["M","?","?","M","$","R","E","?","T","?","E","?","M","M","R","BOSS","M","M","M","?","$","R","M","R","T","$","?","?","?","M","R","BOSS","M","?","?","$","M","R","R","E","T","R","$","M","$","M","R","BOSS"],"build_version":"2018-10-18","purchased_purges":4,"victory":true,"max_hp_per_floor":[70,70,70,70,70,70,70,70,70,70,70,70,70,70,70,70,70,70,70,70,70,70,70,70,70,70,70,70,70,70,70,70,70,70,70,70,70,70,70,70,70,70,70,70,70,70,70,70,70,70],"card_choices":[{"not_picked":["Sucker Punch","Finisher"],"picked":"Backflip","floor":1},{"not_picked":["Underhanded Strike","Dash"],"picked":"PiercingWail","floor":4},{"not_picked":["Venomology","Expertise"],"picked":"Poisoned Stab","floor":7},{"not_picked":["Crippling Poison","Underhanded Strike"],"picked":"Blur","floor":8},{"not_picked":["Prepared+1","Reflex+1"],"picked":"Outmaneuver+1","floor":11},{"not_picked":["Skewer","Reflex+1"],"picked":"Slice","floor":13},{"not_picked":["Dagger Throw","Acrobatics+1"],"picked":"Bouncing Flask+1","floor":14},{"not_picked":["Bullet Time+1","Storm of Steel+1"],"picked":"Adrenaline+1","floor":16},{"not_picked":["Choke","Prepared+1"],"picked":"Poisoned Stab+1","floor":18},{"not_picked":["Caltrops","Predator+1"],"picked":"Prepared+1","floor":19},{"not_picked":["Backstab","Slice"],"picked":"PiercingWail+1","floor":20},{"not_picked":["Masterful Stab","All Out Attack"],"picked":"Cloak And Dagger+1","floor":24},{"not_picked":["Bane+1","Slice"],"picked":"Calculated Gamble+1","floor":28},{"not_picked":["Flying Knee","Footwork"],"picked":"Backflip+1","floor":30},{"not_picked":["Accuracy","Outmaneuver+1"],"picked":"Crippling Poison+1","floor":31},{"not_picked":["Glass Knife","A Thousand Cuts"],"picked":"Bullet Time+1","floor":33},{"not_picked":["Quick Slash","Predator","Skewer"],"picked":"SKIP","floor":35},{"not_picked":["Poisoned Stab+1","Choke+1"],"picked":"Bouncing Flask+1","floor":39},{"not_picked":["Bane+1","Dagger Throw+1"],"picked":"Distraction+1","floor":42},{"not_picked":["Expertise+1","Prepared+1"],"picked":"Footwork+1","floor":44},{"not_picked":["Flechettes+1","Finisher"],"picked":"Catalyst+1","floor":46},{"not_picked":["Deflect+1","Caltrops+1","Deadly Poison+1"],"picked":"SKIP","floor":48}],"player_experience":65069,"relics_obtained":[{"floor":7,"key":"Sundial"},{"floor":9,"key":"Toxic Egg 2"},{"floor":11,"key":"Peace Pipe"},{"floor":26,"key":"Meat on the Bone"},{"floor":29,"key":"WingedGreaves"},{"floor":37,"key":"Pocketwatch"},{"floor":42,"key":"Oddly Smooth Stone"},{"floor":43,"key":"Dream Catcher"}],"event_choices":[{"damage_healed":0,"gold_gain":0,"player_choice":"Take Damage","damage_taken":17,"relics_obtained":["Golden Idol"],"max_hp_gain":0,"max_hp_loss":0,"event_name":"Golden Idol","floor":2,"gold_loss":0},{"cards_removed":["Strike_G"],"damage_healed":0,"gold_gain":0,"player_choice":"Forget","damage_taken":0,"max_hp_gain":0,"max_hp_loss":0,"event_name":"Living Wall","floor":3,"gold_loss":0},{"damage_healed":0,"gold_gain":175,"player_choice":"AGREE","damage_taken":0,"max_hp_gain":0,"max_hp_loss":0,"event_name":"Liars Game","floor":12,"gold_loss":0,"cards_obtained":["Doubt"]},{"damage_healed":0,"gold_gain":0,"player_choice":"Obtained Relic","damage_taken":0,"relics_obtained":["Paper Crane"],"max_hp_gain":0,"max_hp_loss":0,"event_name":"Addict","floor":21,"gold_loss":85},{"damage_healed":0,"gold_gain":333,"player_choice":"Gave Idol","damage_taken":0,"max_hp_gain":0,"max_hp_loss":0,"event_name":"The Moai Head","floor":36,"relics_lost":["Golden Idol"],"gold_loss":0},{"damage_healed":0,"gold_gain":0,"player_choice":"Fight","damage_taken":0,"max_hp_gain":0,"max_hp_loss":0,"event_name":"MindBloom","floor":37,"gold_loss":0}],"is_beta":false,"boss_relics":[{"not_picked":["Snecko Eye","Coffee Dripper"],"picked":"White Beast Statue"},{"not_picked":["Black Star","Tiny House"],"picked":"Sozu"}],"items_purged_floors":[5,27,38,45],"is_endless":false,"potions_floor_spawned":[1,11,14,18,19,20,24,28,30,31,33,35,37,39,42,46,48],"ascension_level":1}