{"gold_per_floor":[119,139,139,314,314,342,342,357,412,412,439,439,439,466,466,563,563,581,581,164,164,64,64,89,109,134,158,199,229,256,280,292,304],"floor_reached":33,"playtime":2401,"items_purged":["Strike_G","Strike_G"],"score":448,"play_id":"4b11b320-02fe-42ea-ae7b-60f34cdbb9c3","local_time":"20181101232815","is_ascension_mode":true,"campfire_choices":[{"floor":7,"key":"RECALL"},{"data":"Poisoned Stab","floor":10,"key":"SMITH"},{"data":"Bane","floor":12,"key":"SMITH"},{"floor":15,"key":"REST"},{"data":"Wraith Form v2","floor":23,"key":"SMITH"},{"floor":32,"key":"REST"}],"neow_cost":"NONE","seed_source_timestamp":302288653164079,"circlet_count":0,"master_deck":["Defend_G","Defend_G","Defend_G+1","Defend_G","Defend_G","Strike_G","Strike_G","Strike_G","Survivor","Neutralize+1","Cloak And Dagger","Dagger Spray","Doubt","Corpse Explosion+1","Poisoned Stab+1","Bane+1","Footwork","Wraith Form v2+1","Necronomicurse","Deadly Poison","Deadly Poison","Distraction+1","Prepared","Terror+1","Heel Hook+1","Deflect","Flechettes"],"relics":["Ring of the Snake","NeowsBlessing","PreservedInsect","Bag of Preparation","WingedGreaves","Thread and Needle","Runic Pyramid","Necronomicon","MealTicket","Pear","MawBank","War Paint"],"potions_floor_usage":[14,16,24,24,28,29,29,30,33],"damage_taken":[{"damage":0,"enemies":"2 Louse","floor":1,"turns":1},{"damage":0,"enemies":"Small Slimes","floor":2,"turns":1},{"damage":0,"enemies":"Gremlin Nob","floor":6,"turns":1},{"damage":0,"enemies":"Jaw Worm","floor":8,"turns":4},{"damage":18,"enemies":"Lagavulin","floor":11,"turns":6},{"damage":0,"enemies":"Gremlin Nob","floor":14,"turns":2},{"damage":32,"enemies":"Hexaghost","floor":16,"turns":14},{"damage":2,"enemies":"Shell Parasite","floor":18,"turns":8},{"damage":0,"enemies":"Slavers","floor":24,"turns":2},{"damage":0,"enemies":"Chosen","floor":25,"turns":5},{"damage":14,"enemies":"3 Cultists","floor":27,"turns":5},{"damage":27,"enemies":"Gremlin Leader","floor":28,"turns":5},{"damage":0,"enemies":"Centurion and Healer","floor":29,"turns":6},{"damage":1,"enemies":"Chosen and Byrds","floor":30,"turns":4},{"damage":0,"enemies":"Snecko","floor":31,"turns":4},{"damage":44,"enemies":"Champ","floor":33,"turns":14}],"seed_played":"-1936425302414951750","potions_obtained":[{"floor":2,"key":"AttackPotion"},{"floor":6,"key":"Weak Potion"},{"floor":16,"key":"Energy Potion"},{"floor":24,"key":"Explosive Potion"},{"floor":27,"key":"Swift Potion"},{"floor":28,"key":"EssenceOfSteel"},{"floor":29,"key":"Poison Potion"},{"floor":30,"key":"Fire Potion"}],"is_trial":false,"path_per_floor":["M","M","?","?","?","E","R","M","T","R","E","R","?","E","R","B",null,"M","?","$","?","$","R","E","M","T","M","E","M","M","M","R","B"],"character_chosen":"THE_SILENT","items_purchased":["MealTicket","Deadly Poison","SpeedPotion","Poison Potion"],"campfire_rested":2,"item_purchase_floors":[20,20,20,20],"current_hp_per_floor":[70,70,70,70,58,58,58,58,58,58,40,40,40,40,61,29,70,68,52,52,39,49,49,59,59,59,45,18,18,17,17,42,0],"gold":304,"neow_bonus":"THREE_ENEMY_KILL","is_prod":false,"is_daily":false,"chose_seed":false,"campfire_upgraded":3,"win_rate":0,"timestamp":1541111295,"path_taken":["M","M","?","?","?","E","R","?","T","R","E","R","?","E","R","BOSS","M","?","$","?","$","R","E","M","T","M","E","?","M","M","R","BOSS"],"build_version":"2018-11-01","purchased_purges":2,"victory":false,"max_hp_per_floor":[70,70,70,70,70,70,70,70,70,70,70,70,70,70,70,70,70,70,70,70,75,75,75,85,85,85,85,85,85,85,85,85,85],"card_choices":[{"not_picked":["Dodge and Roll","Flying Knee"],"picked":"Cloak And Dagger","floor":1},{"not_picked":["Quick Slash","Distraction"],"picked":"Dagger Spray","floor":2},{"not_picked":["Envenom","All Out Attack"],"picked":"Corpse Explosion","floor":6},{"not_picked":["Quick Slash","Cloak And Dagger"],"picked":"Poisoned Stab","floor":8},{"not_picked":["Wraith Form v2","Underhanded Strike"],"picked":"Bane","floor":11},{"not_picked":["All Out Attack","Dash"],"picked":"Footwork","floor":14},{"not_picked":["Glass Knife","Unload"],"picked":"Wraith Form v2","floor":16},{"not_picked":["Quick Slash","Dagger Spray","Tactician"],"picked":"SKIP","floor":18},{"not_picked":["Tools of the Trade","Storm of Steel"],"picked":"Deadly Poison","floor":24},{"not_picked":["Eviscerate","Finisher"],"picked":"Distraction+1","floor":25},{"not_picked":["Deadly Poison+1","Sucker Punch"],"picked":"Prepared","floor":27},{"not_picked":["Distraction","Bane"],"picked":"Terror+1","floor":28},{"not_picked":["Endless Agony","Blade Dance"],"picked":"Heel Hook+1","floor":29},{"not_picked":["Outmaneuver","Skewer"],"picked":"Deflect","floor":30},{"not_picked":["Dagger Throw","Expertise"],"picked":"Flechettes","floor":31}],"player_experience":201610,"relics_obtained":[{"floor":6,"key":"Bag of Preparation"},{"floor":11,"key":"WingedGreaves"},{"floor":14,"key":"Thread and Needle"},{"floor":19,"key":"Necronomicon"},{"floor":24,"key":"Pear"},{"floor":26,"key":"MawBank"},{"floor":28,"key":"War Paint"}],"event_choices":[{"damage_healed":0,"gold_gain":0,"player_choice":"Grow","damage_taken":0,"max_hp_gain":0,"max_hp_loss":0,"event_name":"Living Wall","floor":3,"gold_loss":0,"cards_upgraded":["Neutralize"]},{"damage_healed":0,"gold_gain":175,"player_choice":"AGREE","damage_taken":0,"max_hp_gain":0,"max_hp_loss":0,"event_name":"Liars Game","floor":4,"gold_loss":0,"cards_obtained":["Doubt"]},{"damage_healed":0,"gold_gain":0,"player_choice":"Success","damage_taken":12,"relics_obtained":["PreservedInsect"],"max_hp_gain":0,"max_hp_loss":0,"event_name":"Scrap Ooze","floor":5,"gold_loss":0},{"damage_healed":0,"gold_gain":0,"player_choice":"Ignored","damage_taken":0,"max_hp_gain":0,"max_hp_loss":0,"event_name":"Shining Light","floor":13,"gold_loss":0},{"damage_healed":0,"gold_gain":0,"player_choice":"Obtained Book","damage_taken":16,"max_hp_gain":0,"max_hp_loss":0,"event_name":"Cursed Tome","floor":19,"gold_loss":0},{"damage_healed":0,"gold_gain":0,"player_choice":"Shed Blood","damage_taken":18,"max_hp_gain":5,"max_hp_loss":0,"event_name":"Forgotten Altar","floor":21,"gold_loss":0}],"is_beta":true,"boss_relics":[{"not_picked":["Velvet Choker","Lizard Tail"],"picked":"Runic Pyramid"}],"items_purged_floors":[20,22],"is_endless":false,"potions_floor_spawned":[2,6,16,24,27,28,29,30],"killed_by":"Champ","ascension_level":1}