{"gold_per_floor":[112,112,34,34,55,55,95,95,95,115,65,109,38,38,38,163,163,178,4,17,17,17,17,31,31],"floor_reached":25,"playtime":1750,"items_purged":[],"score":267,"play_id":"6ca30b55-6c22-4849-a673-244fa9081506","local_time":"20181121201611","is_ascension_mode":true,"campfire_choices":[{"data":"Quick Slash","floor":6.0,"key":"SMITH"},{"data":"Caltrops","floor":8.0,"key":"SMITH"},{"floor":15.0,"key":"REST"},{"floor":23,"key":"REST"}],"neow_cost":"NONE","seed_source_timestamp":0,"circlet_count":0,"master_deck":["Defend_G","Defend_G","Defend_G","Defend_G","Defend_G","Strike_G","Strike_G","Strike_G","Survivor","Neutralize+1","Quick Slash+1","Caltrops+1","Dagger Spray","PiercingWail","Caltrops+1","Backstab","Footwork+1","Phantasmal Killer","Blade Dance","Backstab","PiercingWail","Caltrops+1","Distraction+1","Bullet Time"],"special_seed":0,"relics":["Ring of the Snake","NeowsBlessing","Golden Idol","Centennial Puzzle","Frozen Egg 2","Dead Branch","Eternal Feather"],"potions_floor_usage":[],"damage_taken":[{"damage":0.0,"enemies":"2 Louse","floor":1.0,"turns":1.0},{"damage":0.0,"enemies":"Jaw Worm","floor":5.0,"turns":1.0},{"damage":0.0,"enemies":"Gremlin Nob","floor":7.0,"turns":1.0},{"damage":0.0,"enemies":"Cultist","floor":10.0,"turns":3.0},{"damage":39.0,"enemies":"Lagavulin","floor":12.0,"turns":10.0},{"damage":21.0,"enemies":"Slime Boss","floor":16.0,"turns":12.0},{"damage":31.0,"enemies":"Chosen","floor":18.0,"turns":5.0},{"damage":2,"enemies":"Shell Parasite","floor":20,"turns":5},{"damage":14,"enemies":"Snake Plant","floor":24,"turns":4},{"damage":59,"enemies":"Gremlin Leader","floor":25,"turns":6}],"seed_played":"2135824281585260007","potions_obtained":[{"floor":16.0,"key":"Ancient Potion"}],"is_trial":false,"path_per_floor":["M","?","$","?","M","R","E","R","T","M","?","E","$","?","R","B",null,"M","$","M","?","?","R","M","E"],"character_chosen":"THE_SILENT","items_purchased":["Caltrops","Footwork+1","Backstab","PiercingWail","Caltrops+1"],"campfire_rested":2,"item_purchase_floors":[3,13,19,19,19],"current_hp_per_floor":[70,53,53,53,53,53,53,53,53,53,53,14,14,14,35,14,70,39,39,37,37,37,70,56,0],"gold":31,"neow_bonus":"THREE_ENEMY_KILL","is_prod":false,"is_daily":false,"chose_seed":false,"campfire_upgraded":2,"win_rate":0,"timestamp":1542827771,"path_taken":["M","?","$","?","?","R","E","R","T","M","?","E","$","?","R","BOSS","M","$","?","?","?","R","M","E"],"build_version":"2018-11-15","purchased_purges":0,"victory":false,"max_hp_per_floor":[70,70,70,70,70,70,70,70,70,70,70,70,70,70,70,70,70,70,70,70,70,70,70,70,70],"card_choices":[{"not_picked":["Prepared","Acrobatics"],"picked":"Quick Slash","floor":1.0},{"not_picked":["Sucker Punch","Deflect"],"picked":"Dagger Spray","floor":5.0},{"not_picked":["Glass Knife","Bane"],"picked":"PiercingWail","floor":7.0},{"not_picked":["Underhanded Strike","Heel Hook"],"picked":"Caltrops+1","floor":10.0},{"not_picked":["Bouncing Flask","Leg Sweep"],"picked":"Backstab","floor":12.0},{"not_picked":["Bullet Time","Wraith Form v2+1"],"picked":"Phantasmal Killer","floor":16.0},{"not_picked":["Terror","Dagger Throw"],"picked":"Blade Dance","floor":18.0},{"not_picked":["Bane","Poisoned Stab"],"picked":"Distraction+1","floor":20},{"not_picked":["PiercingWail","Quick Slash"],"picked":"Bullet Time","floor":24}],"player_experience":244168,"relics_obtained":[{"floor":7.0,"key":"Centennial Puzzle"},{"floor":9.0,"key":"Frozen Egg 2"},{"floor":12.0,"key":"Dead Branch"}],"event_choices":[{"damage_healed":0.0,"max_hp_gain":0.0,"max_hp_loss":0.0,"gold_gain":0.0,"event_name":"Golden Idol","player_choice":"Take Damage","floor":2.0,"gold_loss":0.0,"damage_taken":17.0,"relics_obtained":["Golden Idol"]},{"damage_healed":0.0,"max_hp_gain":0.0,"max_hp_loss":0.0,"gold_gain":0.0,"event_name":"Accursed Blacksmith","player_choice":"Forge","floor":4.0,"gold_loss":0.0,"damage_taken":0.0,"cards_upgraded":["Neutralize"]},{"cards_removed":["Strike_G"],"damage_healed":0.0,"max_hp_gain":0.0,"max_hp_loss":0.0,"gold_gain":0.0,"event_name":"The Cleric","player_choice":"Card Removal","floor":11.0,"gold_loss":50.0,"damage_taken":0.0},{"cards_removed":["Strike_G"],"damage_healed":0.0,"max_hp_gain":0.0,"max_hp_loss":0.0,"gold_gain":0.0,"event_name":"Bonfire Elementals","player_choice":"Offered Basic","floor":14.0,"gold_loss":0.0,"damage_taken":0.0},{"damage_healed":0,"gold_gain":0,"player_choice":"Ignored","damage_taken":0,"max_hp_gain":0,"max_hp_loss":0,"event_name":"Vampires","floor":21,"gold_loss":0},{"damage_healed":0,"gold_gain":0,"player_choice":"Ignored","damage_taken":0,"max_hp_gain":0,"max_hp_loss":0,"event_name":"The Mausoleum","floor":22,"gold_loss":0}],"is_beta":true,"boss_relics":[{"not_picked":["Fusion Hammer","Coffee Dripper"],"picked":"Eternal Feather"}],"items_purged_floors":[],"is_endless":false,"potions_floor_spawned":[16],"killed_by":"Gremlin Leader","ascension_level":3}