{"gold_per_floor":[118,131,14,14,14,48,48,68,68,68,68,80,105,119,119,216,216,231,231,241,257,268,268,293,21,21,31,51,51,51,68,68,168,168,187,187,287,305,321,321,349,362,362,5,18,18,18,52,52,52],"floor_reached":51,"playtime":7237,"items_purged":["Strike_R"],"score":764,"play_id":"d749b564-e8f7-4063-99d9-bbc68a486d87","local_time":"20190414164512","is_ascension_mode":false,"campfire_choices":[{"data":"Armaments","floor":7.0,"key":"SMITH"},{"data":"Hemokinesis","floor":10.0,"key":"SMITH"},{"data":"Iron Wave","floor":15.0,"key":"SMITH"},{"data":"Bash","floor":23.0,"key":"SMITH"},{"data":"Bludgeon","floor":30.0,"key":"SMITH"},{"data":"Anger","floor":32.0,"key":"SMITH"},{"floor":40.0,"key":"REST"},{"data":"Barricade","floor":47,"key":"SMITH"},{"floor":49,"key":"REST"}],"neow_cost":"","seed_source_timestamp":0,"circlet_count":0,"master_deck":["Strike_R+1","Strike_R+1","Defend_R","Defend_R","Defend_R","Bash+1","Shrug It Off","Iron Wave+1","Feed","Armaments+1","Pommel Strike","Hemokinesis+1","Hemokinesis+1","Clash+1","Anger+1","Bludgeon+1","Shrug It Off+1","Whirlwind","Flame Barrier+1","Blood for Blood+1","Impervious","Fiend Fire+1","Dark Embrace+1","Disarm+1","Blood for Blood+1","Carnage+1","Barricade+1","Feel No Pain","Power Through","Headbutt+1","Magnetism","Blind","Thinking Ahead","True Grit+1"],"special_seed":0,"relics":["Burning Blood","Meat on the Bone","Mercury Hourglass","Torii","Velvet Choker","Anchor","HandDrill","Regal Pillow","Astrolabe","StoneCalendar","Bottled Tornado","Gremlin Horn","ClockworkSouvenir","Whetstone"],"potions_floor_usage":[50],"damage_taken":[{"damage":15.0,"enemies":"Cultist","floor":1.0,"turns":4.0},{"damage":10.0,"enemies":"Small Slimes","floor":2.0,"turns":4.0},{"damage":23.0,"enemies":"Gremlin Nob","floor":6.0,"turns":5.0},{"damage":6.0,"enemies":"Jaw Worm","floor":8.0,"turns":4.0},{"damage":16.0,"enemies":"Gremlin Gang","floor":12.0,"turns":4.0},{"damage":9.0,"enemies":"3 Sentries","floor":13.0,"turns":6.0},{"damage":0.0,"enemies":"2 Fungi Beasts","floor":14.0,"turns":2.0},{"damage":43.0,"enemies":"The Guardian","floor":16.0,"turns":8.0},{"damage":7.0,"enemies":"Shell Parasite","floor":18.0,"turns":2.0},{"damage":3.0,"enemies":"Chosen","floor":20.0,"turns":2.0},{"damage":2.0,"enemies":"Centurion and Healer","floor":21.0,"turns":4.0},{"damage":7.0,"enemies":"Cultist and Chosen","floor":22.0,"turns":4.0},{"damage":12.0,"enemies":"Gremlin Leader","floor":24.0,"turns":4.0},{"damage":8.0,"enemies":"3 Cultists","floor":27.0,"turns":4.0},{"damage":11.0,"enemies":"Centurion and Healer","floor":28.0,"turns":5.0},{"damage":2.0,"enemies":"Cultist and Chosen","floor":31.0,"turns":4.0},{"damage":50.0,"enemies":"Champ","floor":33.0,"turns":11.0},{"damage":2.0,"enemies":"Orb Walker","floor":35.0,"turns":3.0},{"damage":61.0,"enemies":"Mind Bloom Boss Battle","floor":37.0,"turns":9.0},{"damage":0.0,"enemies":"3 Shapes","floor":38.0,"turns":4.0},{"damage":40.0,"enemies":"Spire Growth","floor":39.0,"turns":4.0},{"damage":68.0,"enemies":"Giant Head","floor":41.0,"turns":7.0},{"damage":2.0,"enemies":"4 Shapes","floor":42.0,"turns":6.0},{"damage":14.0,"enemies":"Jaw Worm Horde","floor":45.0,"turns":5.0},{"damage":4,"enemies":"Nemesis","floor":48,"turns":7},{"damage":17,"enemies":"Awakened One","floor":50,"turns":11}],"seed_played":"-1832409037424542760","potions_obtained":[{"floor":2.0,"key":"AttackPotion"},{"floor":6.0,"key":"Block Potion"},{"floor":12.0,"key":"Swift Potion"},{"floor":16.0,"key":"AttackPotion"},{"floor":20.0,"key":"Regen Potion"},{"floor":22.0,"key":"SteroidPotion"},{"floor":27.0,"key":"Swift Potion"},{"floor":31.0,"key":"AttackPotion"},{"floor":37.0,"key":"FearPotion"},{"floor":45.0,"key":"PowerPotion"},{"floor":48,"key":"GamblersBrew"}],"is_trial":false,"path_per_floor":["M","M","$","?","?","E","R","M","T","R","?","M","E","M","R","B",null,"M","$","M","M","M","R","E","$","T","M","M","?","R","M","R","B",null,"M","$","?","M","M","R","E","M","T","$","M","?","R","E","R","B",null],"character_chosen":"IRONCLAD","items_purchased":["Feed","Armaments","HandDrill","ClockworkSouvenir","Feel No Pain","Power Through"],"campfire_rested":2,"item_purchase_floors":[3,3,25,44,44,44],"current_hp_per_floor":[71,67,67,51,56,42,42,57,57,57,57,62,59,65,65,40,94,93,93,97,100,99,99,96,96,96,97,96,96,96,104,104,78,117,120,120,68,77,55,107,57,76,76,76,83,73,73,75,129,118],"gold":52,"neow_bonus":"","is_prod":false,"is_daily":false,"chose_seed":false,"campfire_upgraded":7,"win_rate":0.0,"timestamp":1555253112,"path_taken":["M","M","$","?","?","E","R","M","T","R","?","M","E","M","R","BOSS","M","$","M","M","?","R","E","$","T","M","M","?","R","M","R","BOSS","M","$","?","M","M","R","E","M","T","$","M","?","R","E","R","BOSS"],"build_version":"2019-01-23","purchased_purges":1,"victory":true,"max_hp_per_floor":[80,80,80,80,85,88,88,91,91,91,91,94,94,94,94,94,94,94,94,97,100,100,100,103,103,103,106,110,110,110,114,114,117,117,120,120,123,126,126,126,126,129,129,129,132,132,132,132,132,132],"card_choices":[{"not_picked":["Warcry","Rage"],"picked":"Shrug It Off","floor":1.0},{"not_picked":["Entrench","True Grit"],"picked":"Iron Wave","floor":2.0},{"not_picked":["Hemokinesis","Body Slam"],"picked":"Pommel Strike","floor":6.0},{"not_picked":["Rage","Entrench"],"picked":"Hemokinesis","floor":8.0},{"not_picked":["Warcry","Thunderclap"],"picked":"Hemokinesis","floor":12.0},{"not_picked":["Flame Barrier","Power Through"],"picked":"Clash","floor":13.0},{"not_picked":["Armaments","Twin Strike"],"picked":"Anger","floor":14.0},{"not_picked":["Feed","Dark Embrace"],"picked":"Bludgeon","floor":16.0},{"not_picked":["Burning Pact","Twin Strike+1","Pummel"],"picked":"SKIP","floor":18.0},{"not_picked":["Thunderclap","Burning Pact+1","Flex"],"picked":"SKIP","floor":20.0},{"not_picked":["Headbutt","Body Slam","Clothesline"],"picked":"SKIP","floor":21.0},{"not_picked":["Perfected Strike","Anger","Dark Embrace"],"picked":"SKIP","floor":22.0},{"not_picked":["Perfected Strike","Anger","Dark Embrace"],"picked":"SKIP","floor":22.0},{"not_picked":["Carnage","Corruption"],"picked":"Shrug It Off+1","floor":24.0},{"not_picked":["Flex","Power Through"],"picked":"Whirlwind","floor":27.0},{"not_picked":["Headbutt","Cleave"],"picked":"Flame Barrier+1","floor":28.0},{"not_picked":["Hemokinesis","Sword Boomerang"],"picked":"Blood for Blood+1","floor":31.0},{"not_picked":["Feed","Double Tap"],"picked":"Impervious","floor":33.0},{"not_picked":["Perfected Strike","Warcry"],"picked":"Blood for Blood+1","floor":35.0},{"not_picked":["Iron Wave+1","Perfected Strike+1","Thunderclap"],"picked":"SKIP","floor":38.0},{"not_picked":["Blood for Blood","Twin Strike+1"],"picked":"Carnage+1","floor":39.0},{"not_picked":["Sword Boomerang+1","Perfected Strike"],"picked":"Barricade","floor":41.0},{"not_picked":["Flex","Anger+1","Cleave"],"picked":"SKIP","floor":42.0},{"not_picked":["Body Slam","Power Through"],"picked":"Headbutt+1","floor":45.0},{"not_picked":["Jack Of All Trades","Dramatic Entrance"],"picked":"Magnetism","floor":46},{"not_picked":["PanicButton","Thinking Ahead"],"picked":"Blind","floor":46},{"not_picked":["Transmutation","Good Instincts"],"picked":"Thinking Ahead","floor":46},{"not_picked":["Fire Breathing+1","Intimidate+1"],"picked":"True Grit+1","floor":48}],"player_experience":0,"relics_obtained":[{"floor":6.0,"key":"Meat on the Bone"},{"floor":9.0,"key":"Mercury Hourglass"},{"floor":13.0,"key":"Torii"},{"floor":24.0,"key":"Anchor"},{"floor":26.0,"key":"Regal Pillow"},{"floor":37.0,"key":"StoneCalendar"},{"floor":41.0,"key":"Bottled Tornado"},{"floor":43.0,"key":"Gremlin Horn"},{"floor":48,"key":"Whetstone"}],"event_choices":[{"damage_healed":0.0,"max_hp_gain":0.0,"max_hp_loss":0.0,"gold_gain":0.0,"event_name":"Shining Light","player_choice":"Entered Light","floor":4.0,"gold_loss":0.0,"damage_taken":16.0,"cards_upgraded":["Strike_R","Strike_R"]},{"damage_healed":0.0,"max_hp_gain":5.0,"max_hp_loss":0.0,"gold_gain":0.0,"event_name":"Big Fish","player_choice":"Donut","floor":5.0,"gold_loss":0.0,"damage_taken":0.0},{"damage_healed":0.0,"max_hp_gain":0.0,"max_hp_loss":0.0,"gold_gain":0.0,"event_name":"Match and Keep!","player_choice":"0 cards matched","floor":11.0,"gold_loss":0.0,"damage_taken":0.0,"cards_obtained":[]},{"damage_healed":0.0,"max_hp_gain":0.0,"max_hp_loss":0.0,"gold_gain":0.0,"event_name":"Vampires","player_choice":"Ignored","floor":29.0,"gold_loss":0.0,"damage_taken":0.0},{"damage_healed":0.0,"max_hp_gain":0.0,"max_hp_loss":0.0,"gold_gain":0.0,"event_name":"MindBloom","player_choice":"Fight","floor":37.0,"gold_loss":0.0,"damage_taken":0.0},{"damage_healed":0,"gold_gain":0,"player_choice":"Memory 3","damage_taken":10,"max_hp_gain":0,"max_hp_loss":0,"event_name":"SensoryStone","floor":46,"gold_loss":0}],"is_beta":false,"boss_relics":[{"not_picked":["Empty Cage","Calling Bell"],"picked":"Velvet Choker"},{"not_picked":["Runic Dome","Lizard Tail"],"picked":"Astrolabe"}],"items_purged_floors":[25],"is_endless":false,"potions_floor_spawned":[2,6,12,16,20,22,27,31,37,45,48],"ascension_level":0}