{"gold_per_floor":[212,13,23,42,55,89,89,103,103,122,122,140,153,170,170,267,267,282,25,43,43,62,62,62,76,76,111,111,129,129,148,148,243,243,262,282,86,96,115,115,128,128,128,128,47,65,83,83,83,83],"floor_reached":50,"playtime":2274,"items_purged":[],"score":724,"play_id":"4b0d022a-5b00-45fe-872f-fc8fb811e40e","local_time":"20190603021414","is_ascension_mode":true,"campfire_choices":[{"data":"Bouncing Flask","floor":7.0,"key":"SMITH"},{"floor":15.0,"key":"REST"},{"floor":23.0,"key":"REST"},{"floor":28.0,"key":"REST"},{"data":"Catalyst","floor":30.0,"key":"SMITH"},{"floor":32.0,"key":"REST"},{"floor":40.0,"key":"REST"},{"data":"Noxious Fumes","floor":42.0,"key":"SMITH"},{"floor":44.0,"key":"REST"},{"data":"Distraction","floor":49.0,"key":"SMITH"}],"neow_cost":"NONE","seed_source_timestamp":68872994748300,"circlet_count":0,"master_deck":["Defend_G","Defend_G","Defend_G","Defend_G","Defend_G","Strike_G","Strike_G","Strike_G","Strike_G","Survivor","Neutralize","Dodge and Roll","Poisoned Stab","Bouncing Flask+1","Bane","Poisoned Stab","PiercingWail","Noxious Fumes+1","Well Laid Plans","Distraction+1","Sucker Punch","Adrenaline","Heel Hook+1","Bane+1","Dagger Spray","Adrenaline","Dagger Throw+1","Catalyst+1","Dodge and Roll+1","Caltrops+1","Well Laid Plans+1","Catalyst+1","Backflip+1","Dash+1","Crippling Poison","Well Laid Plans+1","Deflect+1"],"special_seed":0,"relics":["Ring of the Snake","Pen Nib","Regal Pillow","Sundial","Lizard Tail","Letter Opener","Ninja Scroll","Singing Bowl","Sozu","DollysMirror","Darkstone Periapt"],"potions_floor_usage":[50],"damage_taken":[{"damage":2.0,"enemies":"Small Slimes","floor":1.0,"turns":3.0},{"damage":5.0,"enemies":"Cultist","floor":3.0,"turns":4.0},{"damage":2.0,"enemies":"Jaw Worm","floor":4.0,"turns":4.0},{"damage":10.0,"enemies":"Lots of Slimes","floor":5.0,"turns":6.0},{"damage":17.0,"enemies":"Lagavulin","floor":6.0,"turns":7.0},{"damage":4.0,"enemies":"Looter","floor":8.0,"turns":3.0},{"damage":5.0,"enemies":"Red Slaver","floor":10.0,"turns":3.0},{"damage":6.0,"enemies":"Exordium Wildlife","floor":12.0,"turns":3.0},{"damage":3.0,"enemies":"Looter","floor":13.0,"turns":3.0},{"damage":2.0,"enemies":"2 Fungi Beasts","floor":14.0,"turns":3.0},{"damage":24.0,"enemies":"Slime Boss","floor":16.0,"turns":9.0},{"damage":37.0,"enemies":"3 Byrds","floor":18.0,"turns":6.0},{"damage":11.0,"enemies":"Shell Parasite","floor":20.0,"turns":5.0},{"damage":31.0,"enemies":"Sentry and Sphere","floor":22.0,"turns":5.0},{"damage":24.0,"enemies":"Snecko","floor":25.0,"turns":5.0},{"damage":18.0,"enemies":"Book of Stabbing","floor":27.0,"turns":5.0},{"damage":3.0,"enemies":"Chosen and Byrds","floor":29.0,"turns":4.0},{"damage":27.0,"enemies":"Snake Plant","floor":31.0,"turns":4.0},{"damage":40.0,"enemies":"Champ","floor":33.0,"turns":12.0},{"damage":9.0,"enemies":"Orb Walker","floor":35.0,"turns":4.0},{"damage":4.0,"enemies":"3 Shapes","floor":36.0,"turns":5.0},{"damage":20.0,"enemies":"Jaw Worm Horde","floor":38.0,"turns":5.0},{"damage":3.0,"enemies":"4 Shapes","floor":39.0,"turns":6.0},{"damage":33.0,"enemies":"Writhing Mass","floor":41.0,"turns":5.0},{"damage":14.0,"enemies":"Maw","floor":46.0,"turns":5.0},{"damage":0.0,"enemies":"Transient","floor":47.0,"turns":5.0},{"damage":66,"enemies":"Time Eater","floor":50,"turns":6}],"seed_played":"-1103001508069071372","potions_obtained":[{"floor":1.0,"key":"EssenceOfSteel"},{"floor":3.0,"key":"Fire Potion"},{"floor":6.0,"key":"GhostInAJar"},{"floor":8.0,"key":"EssenceOfSteel"},{"floor":14.0,"key":"FearPotion"},{"floor":22.0,"key":"SkillPotion"},{"floor":25.0,"key":"Block Potion"},{"floor":31.0,"key":"Ancient Potion"},{"floor":33.0,"key":"SteroidPotion"}],"is_trial":false,"path_per_floor":["M","$","M","M","M","E","R","M","T","M","?","M","M","M","R","B",null,"M","$","M","$","M","R","?","M","T","E","R","M","R","M","R","B",null,"M","M","$","M","M","R","M","R","T","R","$","M","M","?","R","B"],"character_chosen":"THE_SILENT","items_purchased":["Pen Nib","Poisoned Stab","Letter Opener","DollysMirror","Crippling Poison"],"campfire_rested":6,"item_purchase_floors":[2,2,19,37,45],"current_hp_per_floor":[61,61,56,54,44,27,27,23,23,18,18,12,9,7,43,19,57,20,20,9,9,20,56,56,32,32,14,50,49,49,22,58,20,61,52,48,48,28,27,64,31,31,31,68,68,54,54,54,54,0],"gold":83,"neow_bonus":"HUNDRED_GOLD","is_prod":false,"is_daily":false,"chose_seed":false,"campfire_upgraded":4,"win_rate":0,"timestamp":1559553254,"path_taken":["M","$","M","M","M","E","R","M","T","M","?","M","M","M","R","BOSS","M","$","M","?","M","R","?","M","T","E","R","M","R","M","R","BOSS","M","M","$","M","M","R","?","R","T","R","$","M","M","?","R","BOSS"],"build_version":"2019-01-23","purchased_purges":0,"victory":false,"max_hp_per_floor":[70,70,70,70,70,70,70,70,70,70,70,70,70,70,70,70,70,70,70,70,70,70,70,70,70,70,70,70,72,72,72,72,74,74,74,74,74,74,76,76,76,76,76,76,76,76,76,76,76,76],"card_choices":[{"not_picked":["Blade Dance","Outmaneuver"],"picked":"Dodge and Roll","floor":1.0},{"not_picked":["Infinite Blades","Cloak And Dagger"],"picked":"Bouncing Flask","floor":3.0},{"not_picked":["Cloak And Dagger","Acrobatics"],"picked":"Bane","floor":4.0},{"not_picked":["Die Die Die","Sucker Punch"],"picked":"Poisoned Stab","floor":5.0},{"not_picked":["Calculated Gamble","Dagger Throw"],"picked":"PiercingWail","floor":6.0},{"not_picked":["Eviscerate","Backflip"],"picked":"Noxious Fumes","floor":8.0},{"not_picked":["Distraction","Concentrate"],"picked":"Deflect","floor":10.0},{"not_picked":["Distraction","Deflect"],"picked":"Well Laid Plans","floor":12.0},{"not_picked":["Backstab","Poisoned Stab"],"picked":"Distraction","floor":13.0},{"not_picked":["Acrobatics","Riddle With Holes"],"picked":"Sucker Punch","floor":14.0},{"not_picked":["Storm of Steel","Tools of the Trade"],"picked":"Adrenaline","floor":16.0},{"not_picked":["Infinite Blades","Acrobatics"],"picked":"Heel Hook+1","floor":18.0},{"not_picked":["All Out Attack","Deflect"],"picked":"Bane+1","floor":20.0},{"not_picked":["Terror","Accuracy+1"],"picked":"Dagger Spray","floor":22.0},{"not_picked":["Dodge and Roll","All Out Attack"],"picked":"Dagger Throw+1","floor":25.0},{"not_picked":["Doppelganger","Outmaneuver"],"picked":"Catalyst","floor":27.0},{"not_picked":["Leg Sweep+1","Blade Dance+1","Flying Knee+1"],"picked":"Singing Bowl","floor":29.0},{"not_picked":["Leg Sweep","PiercingWail"],"picked":"Dodge and Roll+1","floor":31.0},{"not_picked":["Grand Finale","Night Terror","Die Die Die"],"picked":"Singing Bowl","floor":33.0},{"not_picked":["Dodge and Roll","Slice"],"picked":"Caltrops+1","floor":35.0},{"not_picked":["Bane","Setup+1"],"picked":"Well Laid Plans+1","floor":36.0},{"not_picked":["Flying Knee+1","Quick Slash"],"picked":"Backflip+1","floor":38.0},{"not_picked":["Poisoned Stab","Sucker Punch+1","Masterful Stab+1"],"picked":"Singing Bowl","floor":39.0},{"not_picked":["A Thousand Cuts","Backflip+1"],"picked":"Dash+1","floor":41.0},{"not_picked":["Underhanded Strike+1","Endless Agony+1"],"picked":"Well Laid Plans+1","floor":46.0},{"not_picked":["Flying Knee+1","PiercingWail"],"picked":"Deflect+1","floor":47.0}],"player_experience":221476,"relics_obtained":[{"floor":6.0,"key":"Regal Pillow"},{"floor":9.0,"key":"Sundial"},{"floor":26.0,"key":"Ninja Scroll"},{"floor":27.0,"key":"Singing Bowl"},{"floor":43.0,"key":"Darkstone Periapt"}],"event_choices":[{"cards_removed":["Strike_G"],"damage_healed":0.0,"max_hp_gain":0.0,"max_hp_loss":0.0,"gold_gain":0.0,"event_name":"Purifier","player_choice":"Purged","floor":11.0,"gold_loss":0.0,"damage_taken":0.0},{"damage_healed":0.0,"max_hp_gain":0.0,"max_hp_loss":0.0,"gold_gain":0.0,"event_name":"Duplicator","player_choice":"Copied","floor":24.0,"gold_loss":0.0,"damage_taken":0.0,"cards_obtained":["Adrenaline"]},{"cards_removed":["Deflect"],"damage_healed":0.0,"max_hp_gain":0.0,"max_hp_loss":0.0,"gold_gain":0.0,"event_name":"Purifier","player_choice":"Purged","floor":48.0,"gold_loss":0.0,"damage_taken":0.0}],"is_beta":false,"boss_relics":[{"not_picked":["WristBlade","Astrolabe"],"picked":"Lizard Tail"},{"not_picked":["Black Star","Snecko Eye"],"picked":"Sozu"}],"items_purged_floors":[],"is_endless":false,"potions_floor_spawned":[1,3,6,8,14,22,25,31,33,36,39,47],"killed_by":"Time Eater","ascension_level":8}