{"gold_per_floor":[109,126,126,141,141,175,190,221,221,239,32,32,207,54,54,159,159,159,159,99,99,99,99,99,99,99,99,99,99,99,99,99,99,99,99,99,99,99,99,99,99,99,99,99,99,99,99,26,26,26],"floor_reached":51,"playtime":4948,"items_purged":[],"score":732,"play_id":"aaa45bb9-c72a-469b-896a-8b4dba8cae51","local_time":"20190605111034","is_ascension_mode":false,"campfire_choices":[{"floor":12,"key":"REST"},{"data":"Catalyst","floor":15,"key":"SMITH"},{"floor":23,"key":"REST"},{"floor":25,"key":"REST"},{"data":"Burst","floor":28,"key":"SMITH"},{"floor":32,"key":"REST"},{"floor":40,"key":"REST"},{"data":"Catalyst","floor":42,"key":"SMITH"},{"floor":49,"key":"REST"}],"neow_cost":"NONE","seed_source_timestamp":173370860123537,"circlet_count":0,"master_deck":["Defend_G","Defend_G","Defend_G","Defend_G","Defend_G","Strike_G+1","Strike_G","Strike_G","Strike_G","Strike_G","Survivor","Neutralize+1","Crippling Poison+1","Caltrops","Bane+1","Deadly Poison","Well Laid Plans","Leg Sweep","Sucker Punch","Poisoned Stab","Doubt","Catalyst+1","Tools of the Trade","Burst+1","Deadly Poison","Deadly Poison","Escape Plan","Prepared+1","Bane","Deadly Poison+1","Heel Hook","Corpse Explosion","Deflect+1","Catalyst+1","Poisoned Stab","Deflect+1","Deadly Poison+1","Crippling Poison+1","Backflip+1","Crippling Poison"],"relics":["Ring of the Snake","Whetstone","Regal Pillow","Matryoshka","Snake Skull","Ectoplasm","Bottled Flame","Art of War","Gremlin Horn","Sozu","Incense Burner","Bronze Scales","Mercury Hourglass","Bottled Tornado"],"potions_floor_usage":[19,50,50],"damage_taken":[{"damage":0,"enemies":"2 Louse","floor":1,"turns":3},{"damage":0,"enemies":"Small Slimes","floor":2,"turns":4},{"damage":0,"enemies":"Jaw Worm","floor":4,"turns":4},{"damage":10,"enemies":"Lagavulin","floor":6,"turns":7},{"damage":4,"enemies":"Large Slime","floor":7,"turns":7},{"damage":23,"enemies":"Gremlin Nob","floor":8,"turns":4},{"damage":9,"enemies":"Blue Slaver","floor":10,"turns":3},{"damage":51,"enemies":"Slime Boss","floor":16,"turns":12},{"damage":3,"enemies":"Shell Parasite","floor":18,"turns":4},{"damage":13,"enemies":"2 Thieves","floor":20,"turns":3},{"damage":13,"enemies":"Sentry and Sphere","floor":21,"turns":4},{"damage":13,"enemies":"Snake Plant","floor":22,"turns":2},{"damage":54,"enemies":"Slavers","floor":24,"turns":6},{"damage":6,"enemies":"Cultist and Chosen","floor":27,"turns":4},{"damage":20,"enemies":"Shelled Parasite and Fungi","floor":29,"turns":3},{"damage":37,"enemies":"Champ","floor":33,"turns":6},{"damage":12,"enemies":"Orb Walker","floor":35,"turns":3},{"damage":4,"enemies":"3 Shapes","floor":36,"turns":3},{"damage":3,"enemies":"Mind Bloom Boss Battle","floor":37,"turns":6},{"damage":19,"enemies":"Jaw Worm Horde","floor":38,"turns":4},{"damage":10,"enemies":"Spire Growth","floor":41,"turns":4},{"damage":25,"enemies":"Sphere and 2 Shapes","floor":45,"turns":4},{"damage":34,"enemies":"Nemesis","floor":47,"turns":5},{"damage":30,"enemies":"Time Eater","floor":50,"turns":8}],"seed_played":"7115127139275240026","potions_obtained":[{"floor":1,"key":"Strength Potion"},{"floor":4,"key":"Block Potion"},{"floor":10,"key":"LiquidBronze"},{"floor":19,"key":"Fruit Juice"},{"floor":19,"key":"Poison Potion"},{"floor":33,"key":"GamblersBrew"}],"is_trial":false,"path_per_floor":["M","M","?","M","?","E","M","E","T","M","$","R","?","$","R","B",null,"M","?","M","M","M","R","E","R","T","M","R","M","?","?","R","B",null,"M","M","?","M","?","R","M","R","T","?","M","?","E","$","R","B",null],"character_chosen":"THE_SILENT","items_purchased":["Poisoned Stab","Snake Skull","Catalyst","Tools of the Trade","Crippling Poison"],"campfire_rested":6,"item_purchase_floors":[11,11,14,14,48],"current_hp_per_floor":[70,70,70,70,70,60,56,33,33,24,24,60,60,60,60,9,70,67,72,59,46,33,70,16,53,53,47,47,27,27,27,64,27,75,63,59,56,37,37,74,64,64,64,64,39,39,5,5,41,11],"gold":26,"neow_bonus":"UPGRADE_CARD","is_prod":false,"is_daily":false,"chose_seed":false,"campfire_upgraded":3,"win_rate":0,"timestamp":1559747434,"path_taken":["M","M","?","M","?","E","M","E","T","M","?","R","?","$","R","BOSS","M","?","M","M","M","R","E","R","T","?","R","M","?","?","R","BOSS","M","M","?","M","?","R","M","R","T","?","M","?","E","$","R","BOSS"],"build_version":"2019-01-23","purchased_purges":0,"victory":true,"max_hp_per_floor":[70,70,70,70,70,70,70,70,70,70,70,70,70,70,70,70,70,70,75,75,75,75,75,75,75,75,75,75,75,75,75,75,75,75,75,75,75,75,75,75,75,75,75,71,71,71,71,71,71,71],"card_choices":[{"not_picked":["Prepared","Acrobatics"],"picked":"Crippling Poison","floor":1},{"not_picked":["Outmaneuver","Deflect"],"picked":"Caltrops","floor":2},{"not_picked":["Dodge and Roll","Acrobatics"],"picked":"Bane","floor":4},{"not_picked":["Tools of the Trade","Acrobatics"],"picked":"Deadly Poison","floor":6},{"not_picked":["Blur","Blade Dance"],"picked":"Well Laid Plans","floor":7},{"not_picked":["Prepared","Flying Knee"],"picked":"Leg Sweep","floor":8},{"not_picked":["Backflip","Acrobatics"],"picked":"Sucker Punch","floor":10},{"not_picked":["Phantasmal Killer","Die Die Die"],"picked":"Burst","floor":16},{"not_picked":["Cloak And Dagger+1","Riddle With Holes"],"picked":"Deadly Poison","floor":18},{"not_picked":["PiercingWail","Quick Slash"],"picked":"Deadly Poison","floor":20},{"not_picked":["Slice+1","Finisher"],"picked":"Escape Plan","floor":21},{"not_picked":["Footwork","Eviscerate"],"picked":"Prepared+1","floor":22},{"not_picked":["Expertise","Well Laid Plans"],"picked":"Bane","floor":24},{"not_picked":["Accuracy","Backflip"],"picked":"Deadly Poison+1","floor":27},{"not_picked":["Eviscerate+1","Backflip"],"picked":"Heel Hook","floor":29},{"not_picked":["Adrenaline","Wraith Form v2"],"picked":"Corpse Explosion","floor":33},{"not_picked":["Caltrops+1","Tactician"],"picked":"Deflect+1","floor":35},{"not_picked":["Escape Plan+1","Poisoned Stab"],"picked":"Catalyst","floor":36},{"not_picked":["Accuracy","Endless Agony"],"picked":"Poisoned Stab","floor":37},{"not_picked":["Prepared","Quick Slash+1"],"picked":"Deflect+1","floor":38},{"not_picked":["Slice+1","PiercingWail"],"picked":"Deadly Poison+1","floor":41},{"not_picked":["Cloak And Dagger","Sucker Punch"],"picked":"Crippling Poison+1","floor":45},{"not_picked":["Dash","Dodge and Roll+1"],"picked":"Backflip+1","floor":47}],"player_experience":81644,"relics_obtained":[{"floor":6,"key":"Whetstone"},{"floor":8,"key":"Regal Pillow"},{"floor":9,"key":"Matryoshka"},{"floor":24,"key":"Bottled Flame"},{"floor":26,"key":"Art of War"},{"floor":26,"key":"Gremlin Horn"},{"floor":37,"key":"Incense Burner"},{"floor":43,"key":"Bronze Scales"},{"floor":43,"key":"Mercury Hourglass"},{"floor":47,"key":"Bottled Tornado"}],"event_choices":[{"damage_healed":0,"gold_gain":0,"player_choice":"Grow","damage_taken":0,"max_hp_gain":0,"max_hp_loss":0,"event_name":"Living Wall","floor":3,"gold_loss":0,"cards_upgraded":["Crippling Poison"]},{"damage_healed":0,"gold_gain":0,"player_choice":"Ignored","damage_taken":0,"max_hp_gain":0,"max_hp_loss":0,"event_name":"Golden Idol","floor":5,"gold_loss":0},{"damage_healed":0,"gold_gain":175,"player_choice":"AGREE","damage_taken":0,"max_hp_gain":0,"max_hp_loss":0,"event_name":"Liars Game","floor":13,"gold_loss":0,"cards_obtained":["Doubt"]},{"damage_healed":0,"gold_gain":0,"player_choice":"Got Potions","damage_taken":0,"max_hp_gain":0,"max_hp_loss":0,"event_name":"Lab","floor":19,"gold_loss":0},{"damage_healed":0,"gold_gain":0,"player_choice":"Ignored","damage_taken":0,"max_hp_gain":0,"max_hp_loss":0,"event_name":"Ghosts","floor":30,"gold_loss":0},{"damage_healed":0,"gold_gain":0,"player_choice":"Ignored","damage_taken":0,"max_hp_gain":0,"max_hp_loss":0,"event_name":"Beggar","floor":31,"gold_loss":0},{"damage_healed":0,"gold_gain":0,"player_choice":"Fight","damage_taken":0,"max_hp_gain":0,"max_hp_loss":0,"event_name":"MindBloom","floor":37,"gold_loss":0},{"damage_healed":0,"gold_gain":0,"player_choice":"Ignored","damage_taken":0,"max_hp_gain":0,"max_hp_loss":0,"event_name":"The Moai Head","floor":39,"gold_loss":0},{"damage_healed":0,"gold_gain":0,"player_choice":"Max HP","damage_taken":0,"max_hp_gain":0,"max_hp_loss":4,"event_name":"Winding Halls","floor":44,"gold_loss":0},{"damage_healed":0,"gold_gain":0,"player_choice":"Ignored","damage_taken":0,"max_hp_gain":0,"max_hp_loss":0,"event_name":"SecretPortal","floor":46,"gold_loss":0}],"is_beta":false,"boss_relics":[{"not_picked":["Busted Crown","Coffee Dripper"],"picked":"Ectoplasm"},{"not_picked":["Cursed Key","Eternal Feather"],"picked":"Sozu"}],"items_purged_floors":[],"is_endless":false,"potions_floor_spawned":[1,4,10,18,20,33,35,37,47],"ascension_level":0}