{"gold_per_floor":[116,136,156,171,171,171,181,181,181,198,80,99,99,129,129,234,234,244,261,277,277,23,23,43,43,43,43,43,43,43,71,71,167,167,178,196,121,21,33,60,60,73,141,157,157,157,45,56,56,56,56,56,30,57,57],"floor_reached":55,"playtime":5170,"items_purged":["Writhe","Doubt"],"score":868,"play_id":"32c4cc96-8071-43f6-995f-084939647180","local_time":"20190109125141","is_ascension_mode":true,"campfire_choices":[{"data":"Dualcast","floor":6.0,"key":"SMITH"},{"data":"White Noise","floor":8.0,"key":"SMITH"},{"data":"Defragment","floor":13.0,"key":"SMITH"},{"data":"Conserve Battery","floor":15.0,"key":"SMITH"},{"data":"Buffer","floor":23.0,"key":"SMITH"},{"data":"Loop","floor":25.0,"key":"SMITH"},{"floor":27.0,"key":"RECALL"},{"data":"Amplify","floor":29.0,"key":"SMITH"},{"data":"Echo Form","floor":32.0,"key":"SMITH"},{"floor":41.0,"key":"REST"},{"floor":45.0,"key":"REST"},{"data":"Loop","floor":49.0,"key":"SMITH"},{"data":"Skim","floor":52.0,"key":"SMITH"}],"neow_cost":"NONE","seed_source_timestamp":156775548854297,"circlet_count":0,"master_deck":["Strike_B","Strike_B","Strike_B","Strike_B","Defend_B","Defend_B","Defend_B","Defend_B","Zap+1","Dualcast+1","Purity","Conserve Battery+1","Defragment+1","Compile Driver","White Noise+1","Go for the Eyes","Go for the Eyes+1","Cold Snap+1","Loop+1","Amplify+1","Cold Snap+1","Buffer+1","Cold Snap+1","Skim+1","Stack+1","Echo Form+1","Streamline+1","Core Surge+1","Doom and Gloom+1","Sweeping Beam+1","Streamline+1","Clumsy","Static Discharge+1","Loop+1","Blizzard+1","Self Repair+1","Redo","Ball Lightning+1"],"special_seed":0,"relics":["Cracked Core","Molten Egg 2","Orichalcum","Cursed Key","Mango","Mummified Hand","Singing Bowl","Busted Crown","Blue Candle","Pantograph","DataDisk"],"potions_floor_usage":[],"damage_taken":[{"damage":3.0,"enemies":"2 Louse","floor":1.0,"turns":3.0},{"damage":0.0,"enemies":"Jaw Worm","floor":2.0,"turns":3.0},{"damage":5.0,"enemies":"Small Slimes","floor":3.0,"turns":3.0},{"damage":2.0,"enemies":"2 Fungi Beasts","floor":4.0,"turns":4.0},{"damage":3.0,"enemies":"Exordium Wildlife","floor":7.0,"turns":2.0},{"damage":8.0,"enemies":"3 Louse","floor":10.0,"turns":3.0},{"damage":0.0,"enemies":"Looter","floor":12.0,"turns":2.0},{"damage":5.0,"enemies":"Lagavulin","floor":14.0,"turns":5.0},{"damage":0.0,"enemies":"The Guardian","floor":16.0,"turns":10.0},{"damage":15.0,"enemies":"3 Byrds","floor":18.0,"turns":5.0},{"damage":0.0,"enemies":"Spheric Guardian","floor":19.0,"turns":3.0},{"damage":22.0,"enemies":"Snake Plant","floor":20.0,"turns":4.0},{"damage":0.0,"enemies":"Chosen and Byrds","floor":24.0,"turns":7.0},{"damage":7.0,"enemies":"Book of Stabbing","floor":31.0,"turns":6.0},{"damage":20.0,"enemies":"Collector","floor":33.0,"turns":14.0},{"damage":49.0,"enemies":"3 Darklings","floor":35.0,"turns":5.0},{"damage":24.0,"enemies":"Orb Walker","floor":36.0,"turns":4.0},{"damage":17.0,"enemies":"Writhing Mass","floor":39.0,"turns":6.0},{"damage":0.0,"enemies":"Giant Head","floor":40.0,"turns":10.0},{"damage":6.0,"enemies":"Jaw Worm Horde","floor":42.0,"turns":4.0},{"damage":1.0,"enemies":"Transient","floor":44.0,"turns":5.0},{"damage":0.0,"enemies":"4 Shapes","floor":48.0,"turns":7.0},{"damage":32.0,"enemies":"Awakened One","floor":50.0,"turns":9.0},{"damage":72.0,"enemies":"Shield and Spear","floor":54.0,"turns":7.0},{"damage":85,"enemies":"The Heart","floor":55,"turns":5}],"seed_played":"-4030843064243940735","potions_obtained":[{"floor":2.0,"key":"SkillPotion"},{"floor":3.0,"key":"EssenceOfSteel"},{"floor":7.0,"key":"AttackPotion"},{"floor":16.0,"key":"Poison Potion"},{"floor":18.0,"key":"Swift Potion"},{"floor":30.0,"key":"SpeedPotion"},{"floor":30.0,"key":"SpeedPotion"},{"floor":31.0,"key":"Strength Potion"},{"floor":44.0,"key":"PowerPotion"},{"floor":48.0,"key":"AttackPotion"}],"is_trial":false,"path_per_floor":["M","M","M","M","?","R","M","R","T","M","$","M","R","E","R","B",null,"M","M","M","?","$","R","M","R","T","R","?","R","?","E","R","B",null,"M","M","$","$","M","E","R","M","T","M","R","?","$","M","R","B",null,"R","$","E","B"],"character_chosen":"DEFECT","items_purchased":["Cold Snap+1","Loop","Mummified Hand","Loop","Blizzard+1","Redo"],"campfire_rested":2,"item_purchase_floors":[11,11,22,47,47,53],"current_hp_per_floor":[72,72,67,65,65,65,62,62,62,54,54,54,54,49,49,49,75,60,60,38,52,52,52,52,52,52,52,52,52,52,45,45,25,89,40,18,18,18,1,1,28,22,22,21,48,48,48,48,48,41,91,91,91,39,0],"gold":57,"neow_bonus":"RANDOM_COLORLESS","is_prod":false,"is_daily":false,"chose_seed":false,"campfire_upgraded":10,"win_rate":0,"timestamp":1547067101,"path_taken":["M","M","M","M","?","R","M","R","T","M","$","M","R","E","R","BOSS","M","M","M","?","$","R","M","R","T","R","?","R","?","E","R","BOSS","M","M","?","$","M","E","R","M","T","M","R","?","$","M","R","BOSS","R","$","E","BOSS"],"build_version":"2019-01-03v4","purchased_purges":2,"victory":false,"max_hp_per_floor":[75,75,75,75,75,75,75,75,75,75,75,75,75,75,75,75,75,75,75,75,89,89,89,89,89,89,89,89,89,89,89,89,89,89,89,91,91,91,91,91,91,91,91,91,91,91,91,91,91,91,91,91,91,91,91],"card_choices":[{"not_picked":["Capacitor","Barrage"],"picked":"Conserve Battery","floor":1.0},{"not_picked":["Steam","Leap"],"picked":"Defragment","floor":2.0},{"not_picked":["Stack","Streamline"],"picked":"Compile Driver","floor":3.0},{"not_picked":["Recycle","Buffer"],"picked":"White Noise","floor":4.0},{"not_picked":["Undo","Rip and Tear"],"picked":"Go for the Eyes","floor":7.0},{"not_picked":["Steam","Self Repair"],"picked":"Go for the Eyes+1","floor":10.0},{"not_picked":["Capacitor","Cold Snap+1"],"picked":"Amplify","floor":12.0},{"not_picked":["Leap","Redo"],"picked":"Cold Snap+1","floor":14.0},{"not_picked":["Meteor Strike+1","Fission"],"picked":"Buffer","floor":16.0},{"not_picked":["BootSequence","Gash+1"],"picked":"Cold Snap+1","floor":18.0},{"not_picked":["Capacitor","Steam"],"picked":"Skim","floor":19.0},{"not_picked":["Barrage+1","Coolheaded"],"picked":"Stack+1","floor":20.0},{"not_picked":["Stack+1","Turbo"],"picked":"Echo Form","floor":24.0},{"not_picked":["Hologram","Coolheaded"],"picked":"Streamline+1","floor":31.0},{"not_picked":["Hyperbeam+1","All For One+1"],"picked":"Core Surge+1","floor":33.0},{"not_picked":[],"picked":"Doom and Gloom+1","floor":35.0},{"not_picked":["Cold Snap+1"],"picked":"Singing Bowl","floor":36.0},{"not_picked":[],"picked":"Sweeping Beam+1","floor":39.0},{"not_picked":[],"picked":"Electrodynamics","floor":40.0},{"not_picked":[],"picked":"Streamline+1","floor":42.0},{"not_picked":[],"picked":"Static Discharge+1","floor":44.0},{"not_picked":[],"picked":"Self Repair+1","floor":48.0},{"not_picked":[],"picked":"Ball Lightning+1","floor":54.0}],"player_experience":315663,"relics_obtained":[{"floor":9.0,"key":"Molten Egg 2"},{"floor":14.0,"key":"Orichalcum"},{"floor":31.0,"key":"Singing Bowl"},{"floor":40.0,"key":"Blue Candle"},{"floor":43.0,"key":"Pantograph"},{"floor":54.0,"key":"DataDisk"}],"event_choices":[{"damage_healed":0.0,"max_hp_gain":0.0,"max_hp_loss":0.0,"gold_gain":0.0,"event_name":"Living Wall","player_choice":"Grow","floor":5.0,"gold_loss":0.0,"damage_taken":0.0,"cards_upgraded":["Zap"]},{"damage_healed":0.0,"max_hp_gain":0.0,"max_hp_loss":0.0,"gold_gain":0.0,"event_name":"The Mausoleum","player_choice":"Opened","floor":21.0,"gold_loss":0.0,"damage_taken":0.0,"relics_obtained":["Mango"],"cards_obtained":["Writhe"]},{"damage_healed":0.0,"max_hp_gain":0.0,"max_hp_loss":0.0,"gold_gain":0.0,"event_name":"Vampires","player_choice":"Ignored","floor":28.0,"gold_loss":0.0,"damage_taken":0.0},{"damage_healed":0.0,"max_hp_gain":0.0,"max_hp_loss":0.0,"gold_gain":0.0,"event_name":"Lab","player_choice":"Got Potions","floor":30.0,"gold_loss":0.0,"damage_taken":0.0},{"cards_removed":["Electrodynamics"],"damage_healed":0.0,"max_hp_gain":0.0,"max_hp_loss":0.0,"gold_gain":0.0,"event_name":"Falling","player_choice":"Removed Power","floor":46.0,"gold_loss":0.0,"damage_taken":0.0}],"is_beta":false,"boss_relics":[{"not_picked":["FrozenCore","Eternal Feather"],"picked":"Cursed Key"},{"not_picked":["Philosopher\u0027s Stone","Tiny House"],"picked":"Busted Crown"}],"items_purged_floors":[37,38],"is_endless":false,"potions_floor_spawned":[2,3,7,16,18,31,44,48],"killed_by":"The Heart","ascension_level":2}