{"gold_per_floor":[116,133,133,133,149,149,179,179,179,190,225,225,238,270,270,346,346,356,356,356,356,376,403,414,424,478,510,25,43,43,63,63,140,140,160,76,76,76,95,120,136,156,233,233,158,173,199,21,21,21],"floor_reached":51,"playtime":3442,"items_purged":["Pain"],"score":1406,"play_id":"1bf092a5-d8a6-4762-a01a-3ac5bc5ba55a","local_time":"20190526113651","is_ascension_mode":true,"campfire_choices":[{"data":"Uppercut","floor":6.0,"key":"SMITH"},{"data":"Bash","floor":8.0,"key":"SMITH"},{"data":"Disarm","floor":15.0,"key":"SMITH"},{"floor":32.0,"key":"REST"},{"floor":49,"key":"REST"}],"neow_cost":"NONE","seed_source_timestamp":289815565431,"circlet_count":0,"master_deck":["AscendersBane","Strike_R","Defend_R","Defend_R","Defend_R","Defend_R","Bash+1","Whirlwind+1","Pommel Strike","Uppercut+1","Armaments","True Grit","Disarm+1","Anger","Impervious","Shockwave+1","Writhe","Shrug It Off","Inflame","Ghostly Armor","Anger","Battle Trance","Limit Break","Thunderclap+1","Whirlwind","Finesse","Heavy Blade+1","Parasite","Disarm+1","Whirlwind","Burning Pact","Corruption+1","Apotheosis"],"special_seed":0,"relics":["Burning Blood","Vajra","Happy Flower","Strawberry","Fusion Hammer","Self Forming Clay","Bird Faced Urn","WarpedTongs","Dodecahedron","Bag of Marbles","Darkstone Periapt","Shuriken","Busted Crown","Frozen Egg 2","Question Card","Champion Belt"],"potions_floor_usage":[39,40,42,50],"damage_taken":[{"damage":7.0,"enemies":"Small Slimes","floor":1.0,"turns":5.0},{"damage":7.0,"enemies":"2 Louse","floor":2.0,"turns":2.0},{"damage":6.0,"enemies":"Jaw Worm","floor":5.0,"turns":5.0},{"damage":20.0,"enemies":"Gremlin Nob","floor":7.0,"turns":4.0},{"damage":3.0,"enemies":"Looter","floor":10.0,"turns":2.0},{"damage":20.0,"enemies":"3 Sentries","floor":11.0,"turns":4.0},{"damage":12.0,"enemies":"Lots of Slimes","floor":13.0,"turns":3.0},{"damage":14.0,"enemies":"Lagavulin","floor":14.0,"turns":5.0},{"damage":3.0,"enemies":"Hexaghost","floor":16.0,"turns":9.0},{"damage":0.0,"enemies":"3 Byrds","floor":18.0,"turns":4.0},{"damage":12.0,"enemies":"Shell Parasite","floor":22.0,"turns":4.0},{"damage":3.0,"enemies":"Gremlin Leader","floor":23.0,"turns":5.0},{"damage":3.0,"enemies":"Snecko","floor":24.0,"turns":4.0},{"damage":13.0,"enemies":"Snake Plant","floor":25.0,"turns":2.0},{"damage":18.0,"enemies":"Book of Stabbing","floor":27.0,"turns":5.0},{"damage":2.0,"enemies":"Centurion and Healer","floor":29.0,"turns":6.0},{"damage":13.0,"enemies":"3 Cultists","floor":31.0,"turns":5.0},{"damage":28,"enemies":"Automaton","floor":33,"turns":8},{"damage":0,"enemies":"Orb Walker","floor":35,"turns":3},{"damage":6,"enemies":"3 Shapes","floor":39,"turns":4},{"damage":0,"enemies":"Reptomancer","floor":40,"turns":5},{"damage":9,"enemies":"3 Darklings","floor":41,"turns":2},{"damage":9,"enemies":"Writhing Mass","floor":42,"turns":5},{"damage":16,"enemies":"Spire Growth","floor":46,"turns":4},{"damage":43,"enemies":"Nemesis","floor":47,"turns":7},{"damage":42,"enemies":"Donu and Deca","floor":50,"turns":8}],"seed_played":"6307871115350788514","potions_obtained":[{"floor":10.0,"key":"FearPotion"},{"floor":13.0,"key":"SkillPotion"},{"floor":16.0,"key":"SteroidPotion"},{"floor":23.0,"key":"SteroidPotion"},{"floor":25.0,"key":"Weak Potion"},{"floor":29.0,"key":"Fruit Juice"},{"floor":35,"key":"BloodPotion"},{"floor":40,"key":"BloodPotion"},{"floor":41,"key":"FearPotion"},{"floor":46,"key":"SpeedPotion"}],"is_trial":false,"path_per_floor":["M","M","?","?","M","R","E","R","T","M","E","?","M","E","R","B",null,"M","?","T","?","M","E","M","M","T","E","$","M","$","M","R","B",null,"M","$","?","?","M","E","M","M","T","$","?","M","E","$","R","B",null],"character_chosen":"IRONCLAD","items_purchased":["Shuriken","Ghostly Armor","Fire Potion","Whirlwind","Apotheosis"],"campfire_rested":2,"item_purchase_floors":[28,28,28,36,48],"current_hp_per_floor":[67,66,66,66,66,66,52,52,52,55,41,34,28,27,27,30,69,75,75,75,75,69,72,77,72,72,62,62,73,73,66,87,65,82,87,87,77,77,87,87,84,93,93,93,93,85,50,50,77,45],"gold":21,"neow_bonus":"REMOVE_CARD","is_prod":false,"is_daily":false,"chose_seed":false,"campfire_upgraded":3,"win_rate":0,"timestamp":1558863411,"path_taken":["M","M","?","?","M","R","E","R","T","M","E","?","M","E","R","BOSS","M","?","?","?","M","E","M","?","T","E","$","M","?","M","R","BOSS","M","$","?","?","?","E","M","M","T","$","?","?","E","$","R","BOSS"],"build_version":"2019-01-23","purchased_purges":1,"victory":true,"max_hp_per_floor":[75,75,75,75,75,75,75,75,75,75,75,75,75,82,82,82,82,82,82,82,82,82,82,82,82,82,82,82,87,87,87,87,87,87,87,87,87,87,87,87,87,93,93,93,93,93,93,93,93,93],"card_choices":[{"not_picked":["Sword Boomerang","Heavy Blade"],"picked":"Whirlwind","floor":1.0},{"not_picked":["Thunderclap","Wild Strike"],"picked":"Pommel Strike","floor":2.0},{"not_picked":["Infernal Blade","Whirlwind"],"picked":"Uppercut","floor":5.0},{"not_picked":["Clash","Body Slam"],"picked":"Armaments","floor":7.0},{"not_picked":["Corruption","Havoc"],"picked":"True Grit","floor":10.0},{"not_picked":["Sword Boomerang","Clash"],"picked":"Disarm","floor":11.0},{"not_picked":["Clothesline","Pommel Strike"],"picked":"Anger","floor":13.0},{"not_picked":["Clothesline","Sword Boomerang","Clash"],"picked":"SKIP","floor":14.0},{"not_picked":["Dark Embrace","Exhume"],"picked":"Impervious","floor":16.0},{"not_picked":["Sword Boomerang","Power Through"],"picked":"Shockwave+1","floor":18.0},{"not_picked":["Sword Boomerang+1","Searing Blow"],"picked":"Shrug It Off","floor":22.0},{"not_picked":["Power Through","Wild Strike"],"picked":"Inflame","floor":23.0},{"not_picked":["Blood for Blood","Twin Strike","Entrench"],"picked":"SKIP","floor":24.0},{"not_picked":["Seeing Red+1","Rampage","Warcry"],"picked":"SKIP","floor":25.0},{"not_picked":["Second Wind","Clash","Metallicize"],"picked":"SKIP","floor":27.0},{"not_picked":["Wild Strike","Clash"],"picked":"Anger","floor":29.0},{"not_picked":["Flex","Armaments"],"picked":"Battle Trance","floor":31.0},{"not_picked":["Reaper","Immolate"],"picked":"Limit Break","floor":33},{"not_picked":[],"picked":"Thunderclap+1","floor":35},{"not_picked":[],"picked":"Finesse","floor":37},{"not_picked":[],"picked":"Heavy Blade+1","floor":39},{"not_picked":["Seeing Red+1"],"picked":"SKIP","floor":40},{"not_picked":["Hemokinesis"],"picked":"SKIP","floor":41},{"not_picked":[],"picked":"Disarm+1","floor":42},{"not_picked":["Flex","Pommel Strike"],"picked":"SKIP","floor":46},{"not_picked":["Rupture+1"],"picked":"Corruption+1","floor":47}],"player_experience":67386,"relics_obtained":[{"floor":9.0,"key":"Vajra"},{"floor":11.0,"key":"Happy Flower"},{"floor":14.0,"key":"Strawberry"},{"floor":20.0,"key":"Bird Faced Urn"},{"floor":23.0,"key":"Dodecahedron"},{"floor":26.0,"key":"Bag of Marbles"},{"floor":27.0,"key":"Darkstone Periapt"},{"floor":40,"key":"Frozen Egg 2"},{"floor":43,"key":"Question Card"},{"floor":47,"key":"Champion Belt"}],"event_choices":[{"damage_healed":0.0,"max_hp_gain":0.0,"max_hp_loss":0.0,"gold_gain":0.0,"event_name":"Living Wall","player_choice":"Grow","floor":3.0,"gold_loss":0.0,"damage_taken":0.0,"cards_upgraded":["Whirlwind"]},{"damage_healed":0.0,"max_hp_gain":0.0,"max_hp_loss":0.0,"gold_gain":0.0,"event_name":"Liars Game","player_choice":"Ignored","floor":4.0,"gold_loss":0.0,"damage_taken":0.0},{"cards_removed":["Strike_R"],"damage_healed":0.0,"max_hp_gain":0.0,"max_hp_loss":0.0,"gold_gain":0.0,"event_name":"Golden Wing","player_choice":"Card Removal","floor":12.0,"gold_loss":0.0,"damage_taken":7.0},{"damage_healed":0.0,"max_hp_gain":0.0,"max_hp_loss":0.0,"gold_gain":0.0,"event_name":"The Mausoleum","player_choice":"Opened","floor":19.0,"gold_loss":0.0,"damage_taken":0.0,"relics_obtained":["Self Forming Clay"],"cards_obtained":["Writhe"]},{"damage_healed":0.0,"max_hp_gain":0.0,"max_hp_loss":0.0,"gold_gain":0.0,"event_name":"Accursed Blacksmith","player_choice":"Rummage","floor":21.0,"gold_loss":0.0,"damage_taken":0.0,"relics_obtained":["WarpedTongs"],"cards_obtained":["Pain"]},{"damage_healed":0,"gold_gain":0,"player_choice":"Memory 3","damage_taken":10,"max_hp_gain":0,"max_hp_loss":0,"event_name":"SensoryStone","floor":37,"gold_loss":0},{"damage_healed":0,"gold_gain":0,"player_choice":"Ignored","damage_taken":0,"max_hp_gain":0,"max_hp_loss":0,"event_name":"SecretPortal","floor":38,"gold_loss":0},{"damage_healed":0,"gold_gain":0,"cards_transformed":["Strike_R","Strike_R"],"player_choice":"Transformed Cards","damage_taken":0,"max_hp_gain":0,"max_hp_loss":0,"event_name":"Designer","floor":45,"gold_loss":75,"cards_obtained":["Whirlwind","Burning Pact"]}],"is_beta":false,"boss_relics":[{"not_picked":["White Beast Statue","Calling Bell"],"picked":"Fusion Hammer"},{"not_picked":["Eternal Feather","Empty Cage"],"picked":"Busted Crown"}],"items_purged_floors":[28],"is_endless":false,"potions_floor_spawned":[10,13,16,22,23,25,29,35,40,41,46],"ascension_level":16}