{"gold_per_floor":[109,124,74,93,93,93,106,106,178,253,253,294,294,150,150,281,281,294,307,357,357],"floor_reached":21,"playtime":1218,"items_purged":["Strike_B"],"score":186,"play_id":"a12a0f86-5d68-4272-9416-7a4088cab63a","local_time":"20181024214729","is_ascension_mode":true,"campfire_choices":[{"data":"Go for the Eyes","floor":6,"key":"SMITH"},{"data":"Zap","floor":8,"key":"SMITH"},{"data":"Dualcast","floor":11,"key":"SMITH"},{"data":"Leap","floor":13,"key":"SMITH"},{"data":"Hello World","floor":15,"key":"SMITH"}],"neow_cost":"NONE","seed_source_timestamp":571619497857936,"circlet_count":0,"master_deck":["Strike_B","Strike_B","Strike_B","Defend_B","Defend_B","Defend_B","Defend_B","Zap+1","Dualcast+1","Go for the Eyes+1","Doom and Gloom","Conserve Battery","Sweeping Beam","Streamline","Leap+1","Hello World+1","Echo Form","Darkness"],"relics":["Cracked Core","Potion Belt","Golden Idol","Kunai","Bag of Preparation","White Beast Statue"],"potions_floor_usage":[16],"damage_taken":[{"damage":5,"enemies":"Cultist","floor":1,"turns":4},{"damage":0,"enemies":"Small Slimes","floor":2,"turns":3},{"damage":0,"enemies":"2 Louse","floor":4,"turns":2},{"damage":2,"enemies":"Large Slime","floor":7,"turns":4},{"damage":11,"enemies":"3 Sentries","floor":12,"turns":4},{"damage":30,"enemies":"The Guardian","floor":16,"turns":9},{"damage":15,"enemies":"2 Thieves","floor":18,"turns":4},{"damage":4,"enemies":"Shell Parasite","floor":19,"turns":7},{"damage":0,"enemies":"Chosen and Byrds","floor":21,"turns":3}],"seed_played":"9080864087283453081","potions_obtained":[{"floor":2,"key":"SteroidPotion"},{"floor":4,"key":"Regen Potion"},{"floor":7,"key":"FearPotion"},{"floor":16,"key":"PowerPotion"},{"floor":18,"key":"Swift Potion"},{"floor":19,"key":"Swift Potion"}],"is_trial":false,"path_per_floor":["M","M","$","M","?","R","M","R","T","?","R","E","R","$","R","B",null,"M","M","?"],"character_chosen":"DEFECT","items_purchased":["Conserve Battery","Hello World"],"campfire_rested":0,"item_purchase_floors":[3,14],"current_hp_per_floor":[70,70,70,70,52,52,50,50,50,50,50,39,39,39,39,24,75,60,56,56,56],"gold":357,"neow_bonus":"RANDOM_COMMON_RELIC","is_prod":false,"is_daily":false,"chose_seed":false,"campfire_upgraded":5,"win_rate":0,"timestamp":1540410449,"path_taken":["M","M","$","M","?","R","M","R","T","?","R","E","R","$","R","BOSS","M","M","?","M"],"build_version":"2018-10-18","purchased_purges":1,"victory":false,"max_hp_per_floor":[75,75,75,75,75,75,75,75,75,75,75,75,75,75,75,75,75,75,75,75,75],"card_choices":[{"not_picked":["Cold Snap","Sweeping Beam"],"picked":"Go for the Eyes","floor":1},{"not_picked":["Steam","Melter"],"picked":"Doom and Gloom","floor":2},{"not_picked":["Stack","Rebound"],"picked":"Sweeping Beam","floor":4},{"not_picked":["Lockon","Turbo"],"picked":"Streamline","floor":7},{"not_picked":["Stack","Blizzard"],"picked":"Leap","floor":12},{"not_picked":["Biased Cognition","All For One"],"picked":"Echo Form","floor":16},{"not_picked":["Glacier","Double Energy","Reprogram+1"],"picked":"SKIP","floor":18},{"not_picked":["Beam Cell","Gash"],"picked":"Darkness","floor":19}],"player_experience":126399,"relics_obtained":[{"floor":9,"key":"Kunai"},{"floor":12,"key":"Bag of Preparation"}],"event_choices":[{"damage_healed":0,"gold_gain":0,"player_choice":"Take Damage","damage_taken":18,"relics_obtained":["Golden Idol"],"max_hp_gain":0,"max_hp_loss":0,"event_name":"Golden Idol","floor":5,"gold_loss":0},{"damage_healed":0,"gold_gain":75,"player_choice":"Gained Gold","damage_taken":0,"max_hp_gain":0,"max_hp_loss":0,"event_name":"Golden Wing","floor":10,"gold_loss":0},{"damage_healed":0,"gold_gain":100,"player_choice":"Bet on Murderer","damage_taken":0,"max_hp_gain":0,"max_hp_loss":0,"event_name":"The Joust","floor":20,"gold_loss":50}],"is_beta":false,"boss_relics":[{"not_picked":["Philosopher\u0027s Stone","Black Star"],"picked":"White Beast Statue"}],"items_purged_floors":[14],"is_endless":false,"potions_floor_spawned":[2,4,7,16,18,19],"killed_by":"Chosen and Byrds","ascension_level":1}