{"gold_per_floor":[109,109,122,135,145,145,145,145,169,193,217,233,269,269,269,269],"floor_reached":16,"playtime":1379,"items_purged":[],"score":104,"play_id":"5b0d1855-ee7e-4914-9395-21b7913ca623","local_time":"20190604163704","is_ascension_mode":false,"campfire_choices":[{"data":"Searing Blow","floor":6,"key":"SMITH"},{"data":"Searing Blow+1","floor":8,"key":"SMITH"},{"floor":15,"key":"REST"}],"neow_cost":"NONE","seed_source_timestamp":110144829806032,"circlet_count":0,"master_deck":["Strike_R","Strike_R","Strike_R","Strike_R","Strike_R","Defend_R","Defend_R","Defend_R","Defend_R","Bash","Searing Blow+2","Body Slam","Flame Barrier","Ghostly Armor","Injury","Shockwave","Shrug It Off","Clothesline","Sword Boomerang"],"relics":["Burning Blood","Golden Idol","Juzu Bracelet","Blood Vial"],"potions_floor_usage":[],"damage_taken":[{"damage":4,"enemies":"Small Slimes","floor":1,"turns":5},{"damage":5,"enemies":"Jaw Worm","floor":3,"turns":4},{"damage":1,"enemies":"Cultist","floor":4,"turns":3},{"damage":6,"enemies":"3 Louse","floor":5,"turns":5},{"damage":7,"enemies":"Exordium Wildlife","floor":10,"turns":6},{"damage":14,"enemies":"Gremlin Gang","floor":11,"turns":7},{"damage":0,"enemies":"Looter","floor":12,"turns":4},{"damage":46,"enemies":"3 Sentries","floor":13,"turns":11},{"damage":78,"enemies":"Hexaghost","floor":16,"turns":14}],"seed_played":"99259526667986601","potions_obtained":[{"floor":1,"key":"Explosive Potion"},{"floor":3,"key":"FearPotion"},{"floor":4,"key":"SmokeBomb"}],"is_trial":false,"path_per_floor":["M","?","M","M","M","R","?","R","T","M","M","M","E","$","R","B"],"character_chosen":"IRONCLAD","items_purchased":[],"campfire_rested":1,"item_purchase_floors":[],"current_hp_per_floor":[88,88,88,88,88,88,88,88,88,87,79,85,45,45,71,0],"gold":269,"neow_bonus":"TEN_PERCENT_HP_BONUS","is_prod":false,"is_daily":false,"chose_seed":false,"campfire_upgraded":2,"win_rate":0,"timestamp":1559680624,"path_taken":["M","?","M","M","M","R","?","R","T","M","M","M","E","?","R","BOSS"],"build_version":"2019-01-23","purchased_purges":0,"victory":false,"max_hp_per_floor":[88,88,88,88,88,88,88,88,88,88,88,88,88,88,88,88],"card_choices":[{"not_picked":["Sever Soul","Evolve"],"picked":"Searing Blow","floor":1},{"not_picked":["True Grit","Twin Strike"],"picked":"Body Slam","floor":3},{"not_picked":["Combust","Clothesline"],"picked":"Flame Barrier","floor":4},{"not_picked":["Power Through","Havoc"],"picked":"Ghostly Armor","floor":5},{"not_picked":["Second Wind","Armaments"],"picked":"Shockwave","floor":10},{"not_picked":["Twin Strike","Searing Blow"],"picked":"Shrug It Off","floor":11},{"not_picked":["Burning Pact","True Grit"],"picked":"Clothesline","floor":12},{"not_picked":["Armaments","Body Slam"],"picked":"Sword Boomerang","floor":13}],"player_experience":65214,"relics_obtained":[{"floor":9,"key":"Juzu Bracelet"},{"floor":13,"key":"Blood Vial"}],"event_choices":[{"damage_healed":0,"gold_gain":0,"player_choice":"Ignored","damage_taken":0,"max_hp_gain":0,"max_hp_loss":0,"event_name":"Liars Game","floor":2,"gold_loss":0},{"damage_healed":0,"gold_gain":0,"player_choice":"Take Wound","damage_taken":0,"relics_obtained":["Golden Idol"],"max_hp_gain":0,"max_hp_loss":0,"event_name":"Golden Idol","floor":7,"gold_loss":0,"cards_obtained":["Injury"]}],"is_beta":false,"boss_relics":[],"items_purged_floors":[],"is_endless":false,"potions_floor_spawned":[1,3,4,12],"killed_by":"Hexaghost","ascension_level":0}