{"gold_per_floor":[118,129,109,126,142,173,98,117,117,117,177,189,339,339],"floor_reached":14,"playtime":3535,"items_purged":["Decay"],"score":184,"play_id":"fbb148e5-bb29-48c5-aef4-d9fb148aae7f","local_time":"20190408191230","is_ascension_mode":true,"campfire_choices":[],"neow_cost":"CURSE","seed_source_timestamp":192397059219610,"circlet_count":0,"master_deck":["AscendersBane","Defend_G","Defend_G","Defend_G","Defend_G","Defend_G","Strike_G","Strike_G","Strike_G","Strike_G","Strike_G","Survivor","Neutralize","Deflect","Dagger Throw","Infinite Blades","PiercingWail","Adrenaline","Prepared","Pain","Blade Dance","Prepared","Doubt"],"special_seed":0,"relics":["Ring of the Snake","Incense Burner","Tingsha","Gremlin Horn","WarpedTongs","Tiny Chest"],"potions_floor_usage":[14],"damage_taken":[{"damage":0.0,"enemies":"Cultist","floor":1.0,"turns":4.0},{"damage":0.0,"enemies":"Small Slimes","floor":2.0,"turns":4.0},{"damage":0.0,"enemies":"2 Louse","floor":4.0,"turns":4.0},{"damage":10.0,"enemies":"Large Slime","floor":5.0,"turns":8.0},{"damage":21.0,"enemies":"Lagavulin","floor":6.0,"turns":13.0},{"damage":0.0,"enemies":"Looter","floor":8.0,"turns":3.0},{"damage":19.0,"enemies":"Gremlin Nob","floor":11.0,"turns":4.0},{"damage":1.0,"enemies":"Blue Slaver","floor":12.0,"turns":3.0},{"damage":14,"enemies":"Lagavulin","floor":14,"turns":6}],"seed_played":"-8173428173065726512","potions_obtained":[{"floor":2.0,"key":"SkillPotion"},{"floor":3.0,"key":"PowerPotion"},{"floor":6.0,"key":"Strength Potion"},{"floor":11.0,"key":"Weak Potion"}],"is_trial":false,"path_per_floor":["M","M","?","M","M","E","$","M","T","?","E","M","?","E"],"character_chosen":"THE_SILENT","items_purchased":[],"campfire_rested":0,"item_purchase_floors":[],"current_hp_per_floor":[59,59,59,59,49,28,28,28,28,28,9,8,8,0],"gold":339,"neow_bonus":"ONE_RARE_RELIC","is_prod":false,"is_daily":false,"chose_seed":false,"campfire_upgraded":0,"win_rate":0,"timestamp":1554718350,"path_taken":["M","M","?","M","?","E","$","M","T","?","E","?","?","E"],"build_version":"2019-01-23","purchased_purges":1,"victory":false,"max_hp_per_floor":[66,66,66,66,66,66,66,66,66,66,66,66,66,66],"card_choices":[{"not_picked":["Quick Slash","Underhanded Strike"],"picked":"Deflect","floor":1.0},{"not_picked":["Deadly Poison","Outmaneuver"],"picked":"Dagger Throw","floor":2.0},{"not_picked":["Dagger Throw","Skewer"],"picked":"Infinite Blades","floor":4.0},{"not_picked":["Bane","Flying Knee"],"picked":"PiercingWail","floor":5.0},{"not_picked":["Caltrops","Backstab"],"picked":"Adrenaline","floor":6.0},{"not_picked":["Outmaneuver","Eviscerate"],"picked":"Prepared","floor":8.0},{"not_picked":["Poisoned Stab","Outmaneuver"],"picked":"Blade Dance","floor":11.0},{"not_picked":["Reflex","Blade Dance"],"picked":"Prepared","floor":12.0}],"player_experience":1082993,"relics_obtained":[{"floor":6.0,"key":"Tingsha"},{"floor":9.0,"key":"Gremlin Horn"},{"floor":11.0,"key":"Tiny Chest"}],"event_choices":[{"damage_healed":0.0,"max_hp_gain":0.0,"max_hp_loss":0.0,"gold_gain":0.0,"event_name":"The Woman in Blue","player_choice":"Bought 1 Potion","floor":3.0,"gold_loss":0.0,"damage_taken":0.0},{"damage_healed":0.0,"max_hp_gain":0.0,"max_hp_loss":0.0,"gold_gain":0.0,"event_name":"Accursed Blacksmith","player_choice":"Rummage","floor":10.0,"gold_loss":0.0,"damage_taken":0.0,"relics_obtained":["WarpedTongs"],"cards_obtained":["Pain"]},{"damage_healed":0.0,"max_hp_gain":0.0,"max_hp_loss":0.0,"gold_gain":150.0,"event_name":"Liars Game","player_choice":"AGREE","floor":13.0,"gold_loss":0.0,"damage_taken":0.0,"cards_obtained":["Doubt"]}],"is_beta":false,"boss_relics":[],"items_purged_floors":[7],"is_endless":false,"potions_floor_spawned":[2,6,11],"killed_by":"Lagavulin","ascension_level":16}