{"gold_per_floor":[112,67,78,78,96,96,123,143,167,94,94,106,139,139,139,244,244,259,34,34,34,53,53,73,73,126,126,139,139,151,111,111,210,210,229,244,244,244,260,260,1,1,27,27,0,100,100,114,114,114],"floor_reached":50,"playtime":1912,"items_purged":["Pain"],"score":700,"play_id":"7be9216f-6b60-4e23-b852-16be66ee53b2","local_time":"20190603055633","is_ascension_mode":true,"campfire_choices":[{"data":"Deadly Poison","floor":6.0,"key":"SMITH"},{"floor":15.0,"key":"REST"},{"floor":23.0,"key":"REST"},{"data":"Deflect","floor":27.0,"key":"SMITH"},{"floor":29.0,"key":"REST"},{"floor":32.0,"key":"REST"},{"floor":40.0,"key":"REST"},{"data":"Adrenaline","floor":42.0,"key":"SMITH"},{"floor":49.0,"key":"REST"}],"neow_cost":"NONE","seed_source_timestamp":82425358345300,"circlet_count":0,"master_deck":["Defend_G","Defend_G+1","Defend_G","Defend_G","Defend_G+1","Strike_G","Strike_G+1","Strike_G","Strike_G","Survivor+1","Neutralize","Deflect+1","Deadly Poison+1","Leg Sweep","Flying Knee","Bouncing Flask","Deadly Poison","Noxious Fumes+1","Well Laid Plans+1","Dagger Spray","After Image","Bane","Blur","Backflip+1","Skewer+1","Deadly Poison","Adrenaline+1","Prepared+1","Blade Dance+1","Adrenaline+1","Catalyst+1","Outmaneuver"],"special_seed":0,"relics":["Ring of the Snake","NeowsBlessing","FaceOfCleric","Pen Nib","Juzu Bracelet","Regal Pillow","Calling Bell","Boot","Mummified Hand","Girya","Snake Skull","Lantern","Empty Cage","Question Card","Dream Catcher","Red Mask"],"potions_floor_usage":[],"damage_taken":[{"damage":0.0,"enemies":"Small Slimes","floor":1.0,"turns":1.0},{"damage":0.0,"enemies":"Cultist","floor":3.0,"turns":1.0},{"damage":0.0,"enemies":"2 Louse","floor":5.0,"turns":2.0},{"damage":30.0,"enemies":"Lagavulin","floor":7.0,"turns":7.0},{"damage":0.0,"enemies":"Looter","floor":8.0,"turns":4.0},{"damage":0.0,"enemies":"Exordium Thugs","floor":12.0,"turns":4.0},{"damage":16.0,"enemies":"Gremlin Nob","floor":13.0,"turns":3.0},{"damage":29.0,"enemies":"Slime Boss","floor":16.0,"turns":9.0},{"damage":10.0,"enemies":"3 Byrds","floor":18.0,"turns":6.0},{"damage":19.0,"enemies":"Colosseum Slavers","floor":21.0,"turns":5.0},{"damage":34.0,"enemies":"Spheric Guardian","floor":22.0,"turns":6.0},{"damage":4.0,"enemies":"Centurion and Healer","floor":24.0,"turns":7.0},{"damage":21.0,"enemies":"Snake Plant","floor":28.0,"turns":4.0},{"damage":25.0,"enemies":"Cultist and Chosen","floor":30.0,"turns":7.0},{"damage":70.0,"enemies":"Automaton","floor":33.0,"turns":13.0},{"damage":5.0,"enemies":"Orb Walker","floor":35.0,"turns":4.0},{"damage":43.0,"enemies":"3 Darklings","floor":36.0,"turns":6.0},{"damage":35.0,"enemies":"Sphere and 2 Shapes","floor":39.0,"turns":5.0},{"damage":6.0,"enemies":"4 Shapes","floor":48.0,"turns":7.0},{"damage":88,"enemies":"Awakened One","floor":50,"turns":5}],"seed_played":"-8983313210738974890","potions_obtained":[{"floor":8.0,"key":"Block Potion"},{"floor":12.0,"key":"SkillPotion"},{"floor":13.0,"key":"Poison Potion"},{"floor":18.0,"key":"Regen Potion"},{"floor":24.0,"key":"Ancient Potion"},{"floor":30.0,"key":"GhostInAJar"},{"floor":36.0,"key":"LiquidBronze"},{"floor":48.0,"key":"SpeedPotion"}],"is_trial":false,"path_per_floor":["M","$","M","?","M","R","E","M","T","$","?","M","E","?","R","B",null,"M","$","?","?","M","R","M","?","T","R","M","R","M","?","R","B",null,"M","M","?","?","M","R","$","R","T","?","?","?","?","M","R","B"],"character_chosen":"THE_SILENT","items_purchased":["Deadly Poison","Noxious Fumes","Snake Skull","Question Card"],"campfire_rested":6,"item_purchase_floors":[2,10,19,41],"current_hp_per_floor":[63,63,63,63,64,64,35,36,36,36,21,22,7,7,44,16,61,52,52,52,48,15,53,50,50,50,50,30,69,45,45,82,13,66,62,20,41,41,7,47,47,47,47,47,47,47,47,42,83,0],"gold":114,"neow_bonus":"THREE_ENEMY_KILL","is_prod":false,"is_daily":false,"chose_seed":false,"campfire_upgraded":3,"win_rate":0,"timestamp":1559566593,"path_taken":["M","$","M","?","?","R","E","M","T","$","?","M","E","?","R","BOSS","M","$","?","?","M","R","M","?","T","R","M","R","M","?","R","BOSS","M","M","?","?","M","R","?","R","T","?","?","?","?","M","R","BOSS"],"build_version":"2019-01-23","purchased_purges":1,"victory":false,"max_hp_per_floor":[70,70,70,70,71,71,72,73,73,73,73,74,75,75,75,76,76,77,77,77,78,79,79,80,80,80,80,81,81,82,82,82,83,83,84,85,85,85,86,86,86,86,86,86,86,86,86,87,87,87],"card_choices":[{"not_picked":["Flying Knee","Slice"],"picked":"Deflect","floor":1.0},{"not_picked":["Prepared","Tactician"],"picked":"Leg Sweep","floor":3.0},{"not_picked":["Accuracy","Deflect"],"picked":"Flying Knee","floor":5.0},{"not_picked":["Caltrops","Infinite Blades"],"picked":"Bouncing Flask","floor":7.0},{"not_picked":["Leg Sweep","Backflip"],"picked":"Deadly Poison","floor":8.0},{"not_picked":["Envenom","Caltrops"],"picked":"Well Laid Plans","floor":12.0},{"not_picked":["Leg Sweep","Calculated Gamble"],"picked":"Dagger Spray","floor":13.0},{"not_picked":["Tools of the Trade","Doppelganger"],"picked":"After Image","floor":16.0},{"not_picked":["Infinite Blades","Underhanded Strike+1"],"picked":"Bane","floor":18.0},{"not_picked":["Sucker Punch","Dagger Throw"],"picked":"Backflip+1","floor":22.0},{"not_picked":["Distraction","Dagger Spray"],"picked":"Skewer+1","floor":24.0},{"not_picked":["Cloak And Dagger","Underhanded Strike","Backflip"],"picked":"SKIP","floor":28.0},{"not_picked":["Dagger Throw","Infinite Blades"],"picked":"Deadly Poison","floor":30.0},{"not_picked":["Grand Finale","Envenom"],"picked":"Adrenaline","floor":33.0},{"not_picked":["Dodge and Roll","Poisoned Stab"],"picked":"Prepared+1","floor":35.0},{"not_picked":["Cloak And Dagger+1","Dagger Spray","Backflip"],"picked":"SKIP","floor":36.0},{"not_picked":["Bane","Backflip"],"picked":"Blade Dance+1","floor":39.0},{"not_picked":["Burst","Infinite Blades+1","Cloak And Dagger+1"],"picked":"Catalyst+1","floor":48.0},{"not_picked":["Leg Sweep","Expertise+1","Dash"],"picked":"Outmaneuver","floor":49.0}],"player_experience":232152,"relics_obtained":[{"floor":7.0,"key":"Pen Nib"},{"floor":9.0,"key":"Juzu Bracelet"},{"floor":13.0,"key":"Regal Pillow"},{"floor":17.0,"key":"Boot"},{"floor":17.0,"key":"Mummified Hand"},{"floor":17.0,"key":"Girya"},{"floor":26.0,"key":"Lantern"},{"floor":43.0,"key":"Dream Catcher"}],"event_choices":[{"damage_healed":0.0,"max_hp_gain":0.0,"max_hp_loss":0.0,"gold_gain":0.0,"event_name":"FaceTrader","player_choice":"Trade","floor":4.0,"gold_loss":0.0,"damage_taken":0.0,"relics_obtained":["FaceOfCleric"]},{"damage_healed":0.0,"max_hp_gain":0.0,"max_hp_loss":0.0,"gold_gain":0.0,"event_name":"Shining Light","player_choice":"Entered Light","floor":11.0,"gold_loss":0.0,"damage_taken":15.0,"cards_upgraded":["Strike_G","Defend_G"]},{"damage_healed":0.0,"max_hp_gain":0.0,"max_hp_loss":0.0,"gold_gain":0.0,"event_name":"Living Wall","player_choice":"Grow","floor":14.0,"gold_loss":0.0,"damage_taken":0.0,"cards_upgraded":["Noxious Fumes"]},{"damage_healed":0.0,"max_hp_gain":0.0,"max_hp_loss":0.0,"gold_gain":0.0,"event_name":"The Library","player_choice":"Read","floor":20.0,"gold_loss":0.0,"damage_taken":0.0,"cards_obtained":["Blur"]},{"damage_healed":0.0,"max_hp_gain":0.0,"max_hp_loss":0.0,"gold_gain":0.0,"event_name":"Colosseum","player_choice":"Fight","floor":21.0,"gold_loss":0.0,"damage_taken":0.0},{"damage_healed":0.0,"max_hp_gain":0.0,"max_hp_loss":0.0,"gold_gain":0.0,"event_name":"Colosseum","player_choice":"Fled From Nobs","floor":21.0,"gold_loss":0.0,"damage_taken":0.0},{"damage_healed":0.0,"max_hp_gain":0.0,"max_hp_loss":0.0,"gold_gain":0.0,"event_name":"Accursed Blacksmith","player_choice":"Forge","floor":25.0,"gold_loss":0.0,"damage_taken":0.0,"cards_upgraded":["Well Laid Plans"]},{"damage_healed":0.0,"max_hp_gain":0.0,"max_hp_loss":0.0,"gold_gain":0.0,"event_name":"Designer","player_choice":"Upgraded Two","floor":31.0,"gold_loss":40.0,"damage_taken":0.0,"cards_upgraded":["Defend_G","Survivor"]},{"damage_healed":21.0,"max_hp_gain":0.0,"max_hp_loss":0.0,"gold_gain":0.0,"event_name":"Winding Halls","player_choice":"Writhe","floor":37.0,"gold_loss":0.0,"damage_taken":0.0,"cards_obtained":["Writhe"]},{"cards_removed":["Writhe"],"damage_healed":0.0,"max_hp_gain":0.0,"max_hp_loss":0.0,"gold_gain":0.0,"event_name":"Purifier","player_choice":"Purged","floor":38.0,"gold_loss":0.0,"damage_taken":0.0},{"damage_healed":0.0,"max_hp_gain":0.0,"max_hp_loss":0.0,"gold_gain":0.0,"event_name":"Duplicator","player_choice":"Copied","floor":44.0,"gold_loss":0.0,"damage_taken":0.0,"cards_obtained":["Adrenaline"]},{"damage_healed":0.0,"max_hp_gain":0.0,"max_hp_loss":0.0,"gold_gain":0.0,"event_name":"Tomb of Lord Red Mask","player_choice":"Paid","floor":45.0,"gold_loss":27.0,"damage_taken":0.0,"relics_obtained":["Red Mask"]},{"damage_healed":0.0,"max_hp_gain":0.0,"max_hp_loss":0.0,"gold_gain":100.0,"event_name":"Golden Shrine","player_choice":"Pray","floor":46.0,"gold_loss":0.0,"damage_taken":0.0},{"cards_removed":["Strike_G"],"damage_healed":0.0,"max_hp_gain":0.0,"max_hp_loss":0.0,"gold_gain":0.0,"event_name":"Falling","player_choice":"Removed Attack","floor":47.0,"gold_loss":0.0,"damage_taken":0.0}],"is_beta":false,"boss_relics":[{"not_picked":["Velvet Choker","Philosopher\u0027s Stone"],"picked":"Calling Bell"},{"not_picked":["Runic Dome","WristBlade"],"picked":"Empty Cage"}],"items_purged_floors":[19],"is_endless":false,"potions_floor_spawned":[8,12,13,18,24,30,36,48],"killed_by":"Awakened One","ascension_level":9}