{"gold_per_floor":[114,129,140,150,170,170,24,24,24,24,24,24,58,78,78,173,173,183,183,200,75,75,75,22,22,22,22,22,48,80,127,139,254,266,293,305,337,349,377,389],"floor_reached":40,"playtime":2409,"items_purged":["Strike_G"],"score":445,"play_id":"9da31761-7d6b-464b-a9a2-cc1f36ac3f58","local_time":"20190318181610","is_ascension_mode":true,"campfire_choices":[{"data":"Dagger Spray","floor":6.0,"key":"SMITH"},{"data":"Underhanded Strike","floor":8.0,"key":"SMITH"},{"data":"Neutralize","floor":10.0,"key":"SMITH"},{"data":"Cloak And Dagger","floor":12.0,"key":"SMITH"},{"data":"Flying Knee","floor":15.0,"key":"SMITH"},{"data":"Infinite Blades","floor":23.0,"key":"SMITH"},{"data":"Blade Dance","floor":25.0,"key":"SMITH"},{"data":"Iron Wave","floor":28.0,"key":"SMITH"},{"floor":32.0,"key":"REST"}],"neow_cost":"NONE","seed_source_timestamp":5142027628838,"circlet_count":0,"master_deck":["Defend_G+1","Defend_G","Defend_G","Defend_G","Defend_G","Strike_G","Strike_G","Strike_G","Strike_G","Survivor","Neutralize+1","Underhanded Strike+1","Cloak And Dagger+1","Dagger Spray+1","Deflect+1","Blur","Flying Knee+1","Infinite Blades+1","Iron Wave+1","Slice","Blade Dance+1","Dodge and Roll+1","After Image","Die Die Die","Prepared+1","Unload","Blade Dance+1","Backflip+1"],"special_seed":0,"relics":["WristBlade","Juzu Bracelet","Pantograph","Bottled Lightning","Black Star","Pear","Pocketwatch","MawBank","War Paint","Sundial","Anchor","Philosopher\u0027s Stone"],"potions_floor_usage":[40],"damage_taken":[{"damage":0.0,"enemies":"2 Louse","floor":1.0,"turns":3.0},{"damage":3.0,"enemies":"Cultist","floor":2.0,"turns":5.0},{"damage":0.0,"enemies":"Jaw Worm","floor":3.0,"turns":4.0},{"damage":5.0,"enemies":"2 Fungi Beasts","floor":4.0,"turns":4.0},{"damage":0.0,"enemies":"Red Slaver","floor":5.0,"turns":4.0},{"damage":9.0,"enemies":"Lagavulin","floor":13.0,"turns":6.0},{"damage":3.0,"enemies":"Gremlin Gang","floor":14.0,"turns":3.0},{"damage":48.0,"enemies":"Slime Boss","floor":16.0,"turns":11.0},{"damage":20.0,"enemies":"2 Thieves","floor":18.0,"turns":3.0},{"damage":11.0,"enemies":"Spheric Guardian","floor":20.0,"turns":4.0},{"damage":20.0,"enemies":"Slavers","floor":29.0,"turns":5.0},{"damage":0.0,"enemies":"Centurion and Healer","floor":30.0,"turns":5.0},{"damage":22.0,"enemies":"Book of Stabbing","floor":31.0,"turns":7.0},{"damage":41.0,"enemies":"Automaton","floor":33.0,"turns":12.0},{"damage":0.0,"enemies":"3 Shapes","floor":35.0,"turns":7.0},{"damage":21,"enemies":"3 Darklings","floor":37,"turns":6},{"damage":1,"enemies":"Spire Growth","floor":39,"turns":4},{"damage":92,"enemies":"Giant Head","floor":40,"turns":10}],"seed_played":"5759636702125888737","potions_obtained":[{"floor":5.0,"key":"PowerPotion"},{"floor":13.0,"key":"PowerPotion"},{"floor":16.0,"key":"SneckoOil"},{"floor":20.0,"key":"Dexterity Potion"},{"floor":29.0,"key":"PowerPotion"},{"floor":37,"key":"AttackPotion"}],"is_trial":false,"path_per_floor":["M","M","M","M","M","R","$","R","T","R","$","R","E","M","R","B",null,"M","?","M","$","T","R","$","R","T","$","R","E","M","E","R","B",null,"M","?","M","?","M","E"],"character_chosen":"THE_SILENT","items_purchased":["Juzu Bracelet","Strength Potion","Blade Dance"],"campfire_rested":1,"item_purchase_floors":[7,21,24],"current_hp_per_floor":[70,67,67,62,62,62,62,62,62,62,62,62,53,50,50,22,70,50,50,39,39,49,49,49,49,49,49,49,29,29,7,31,15,80,80,80,59,80,79,0],"gold":389,"neow_bonus":"BOSS_RELIC","is_prod":false,"is_daily":false,"chose_seed":false,"campfire_upgraded":8,"win_rate":0,"timestamp":1552929370,"path_taken":["M","M","M","M","M","R","$","R","T","R","$","R","E","M","R","BOSS","M","?","M","$","?","R","?","R","T","$","R","E","M","E","R","BOSS","M","?","M","?","M","E"],"build_version":"2019-01-23","purchased_purges":1,"victory":false,"max_hp_per_floor":[70,70,70,70,70,70,70,70,70,70,70,70,70,70,70,70,70,70,70,70,70,80,80,80,80,80,80,80,80,80,80,80,80,80,80,80,80,80,80,80],"card_choices":[{"not_picked":["Sucker Punch","Expertise"],"picked":"Underhanded Strike","floor":1.0},{"not_picked":["Flying Knee","PiercingWail"],"picked":"Cloak And Dagger","floor":2.0},{"not_picked":["Sucker Punch","Reflex"],"picked":"Dagger Spray","floor":3.0},{"not_picked":["Sucker Punch","Outmaneuver"],"picked":"Deflect","floor":4.0},{"not_picked":["Escape Plan","Catalyst"],"picked":"Blur","floor":5.0},{"not_picked":["Riddle With Holes","Poisoned Stab","Sucker Punch"],"picked":"SKIP","floor":13.0},{"not_picked":["Prepared","Tactician"],"picked":"Flying Knee","floor":14.0},{"not_picked":["Phantasmal Killer","A Thousand Cuts"],"picked":"Corpse Explosion","floor":16.0},{"not_picked":["Flying Knee","Acrobatics"],"picked":"Infinite Blades","floor":18.0},{"not_picked":["Underhanded Strike","Accuracy"],"picked":"Slice","floor":20.0},{"not_picked":["Reflex","Blade Dance"],"picked":"Dodge and Roll+1","floor":29.0},{"not_picked":["Sucker Punch+1","Bouncing Flask"],"picked":"After Image","floor":30.0},{"not_picked":["Quick Slash","Dagger Spray"],"picked":"Heel Hook","floor":31.0},{"not_picked":["A Thousand Cuts","Tools of the Trade"],"picked":"Die Die Die","floor":33.0},{"not_picked":["Poisoned Stab","Dagger Throw+1"],"picked":"Prepared+1","floor":35.0},{"not_picked":["Dagger Throw+1","Choke"],"picked":"Blade Dance+1","floor":37},{"not_picked":["Outmaneuver+1","Escape Plan+1"],"picked":"Backflip+1","floor":39}],"player_experience":48277,"relics_obtained":[{"floor":9.0,"key":"Pantograph"},{"floor":13.0,"key":"Bottled Lightning"},{"floor":22.0,"key":"Pear"},{"floor":26.0,"key":"Pocketwatch"},{"floor":29.0,"key":"MawBank"},{"floor":29.0,"key":"War Paint"},{"floor":31.0,"key":"Sundial"},{"floor":31.0,"key":"Anchor"}],"event_choices":[{"cards_removed":["Corpse Explosion"],"damage_healed":0.0,"max_hp_gain":0.0,"max_hp_loss":0.0,"gold_gain":0.0,"event_name":"NoteForYourself","player_choice":"Took Card","floor":19.0,"gold_loss":0.0,"damage_taken":0.0,"cards_obtained":["Iron Wave"]},{"damage_healed":0,"gold_gain":0,"player_choice":"1 cards matched","damage_taken":0,"max_hp_gain":0,"max_hp_loss":0,"event_name":"Match and Keep!","floor":36,"gold_loss":0,"cards_obtained":["Unload"]},{"cards_removed":["Heel Hook"],"damage_healed":21,"gold_gain":0,"player_choice":"Offered Uncommon","damage_taken":0,"max_hp_gain":0,"max_hp_loss":0,"event_name":"Bonfire Elementals","floor":38,"gold_loss":0}],"is_beta":false,"boss_relics":[{"not_picked":["Empty Cage","HoveringKite"],"picked":"Black Star"},{"not_picked":["Velvet Choker","White Beast Statue"],"picked":"Philosopher\u0027s Stone"}],"items_purged_floors":[21],"is_endless":false,"potions_floor_spawned":[5,13,16,20,29,37],"killed_by":"Giant Head","ascension_level":1}