{"gold_per_floor":[116,34,34,49,69,69,82,116,116,116,116,146,163,195,195,195],"floor_reached":16,"playtime":673,"items_purged":[],"score":180,"play_id":"2a975ee7-337a-4cb7-8ab7-348d6f7bc01e","local_time":"20190603082105","is_ascension_mode":true,"campfire_choices":[{"data":"Catalyst","floor":6,"key":"SMITH"},{"floor":10,"key":"REST"},{"floor":15,"key":"REST"}],"neow_cost":"NONE","seed_source_timestamp":92857690768100,"circlet_count":0,"master_deck":["AscendersBane","Defend_G","Defend_G","Defend_G","Defend_G","Defend_G","Strike_G","Strike_G","Strike_G","Strike_G","Survivor","Neutralize","Phantasmal Killer","Crippling Poison","Footwork","Catalyst+1","Escape Plan","Deadly Poison","Flying Knee","Dagger Spray","Deadly Poison","Dagger Spray"],"relics":["Ring of the Snake","Anchor","Blood Vial","Paper Crane","Pear","Bag of Marbles"],"potions_floor_usage":[12,14,14],"damage_taken":[{"damage":11,"enemies":"Jaw Worm","floor":1,"turns":6},{"damage":8,"enemies":"Small Slimes","floor":4,"turns":5},{"damage":4,"enemies":"Cultist","floor":5,"turns":4},{"damage":14,"enemies":"2 Fungi Beasts","floor":7,"turns":5},{"damage":15,"enemies":"Lagavulin","floor":8,"turns":9},{"damage":16,"enemies":"3 Sentries","floor":12,"turns":12},{"damage":16,"enemies":"Exordium Thugs","floor":13,"turns":4},{"damage":8,"enemies":"Gremlin Nob","floor":14,"turns":3},{"damage":35,"enemies":"Hexaghost","floor":16,"turns":9}],"seed_played":"-6022579922608884181","potions_obtained":[{"floor":1,"key":"SneckoOil"},{"floor":7,"key":"GhostInAJar"},{"floor":8,"key":"Block Potion"},{"floor":13,"key":"Poison Potion"},{"floor":14,"key":"Strength Potion"}],"is_trial":false,"path_per_floor":["M","$","?","M","M","R","M","E","T","R","T","E","M","E","R","B"],"character_chosen":"THE_SILENT","items_purchased":["Footwork"],"campfire_rested":2,"item_purchase_floors":[2],"current_hp_per_floor":[52,52,52,44,40,40,26,11,11,32,32,28,14,8,32,0],"gold":195,"neow_bonus":"TRANSFORM_CARD","is_prod":false,"is_daily":false,"chose_seed":false,"campfire_upgraded":1,"win_rate":0,"timestamp":1559575265,"path_taken":["M","$","?","M","M","R","M","E","T","R","?","E","M","E","R","BOSS"],"build_version":"2019-01-23","purchased_purges":0,"victory":false,"max_hp_per_floor":[70,70,70,70,70,70,70,70,70,70,70,80,80,80,80,80],"card_choices":[{"not_picked":["Underhanded Strike","Deflect"],"picked":"Crippling Poison","floor":1},{"not_picked":["Eviscerate","Dagger Throw"],"picked":"Catalyst","floor":4},{"not_picked":["Backstab","Blade Dance"],"picked":"Escape Plan","floor":5},{"not_picked":["Escape Plan","Choke"],"picked":"Deadly Poison","floor":7},{"not_picked":["Choke","Terror"],"picked":"Flying Knee","floor":8},{"not_picked":["Flying Knee","Infinite Blades"],"picked":"Dagger Spray","floor":12},{"not_picked":["Outmaneuver","Cloak And Dagger"],"picked":"Deadly Poison","floor":13},{"not_picked":["Phantasmal Killer","Sucker Punch"],"picked":"Dagger Spray","floor":14}],"player_experience":240689,"relics_obtained":[{"floor":8,"key":"Anchor"},{"floor":9,"key":"Blood Vial"},{"floor":11,"key":"Paper Crane"},{"floor":12,"key":"Pear"},{"floor":14,"key":"Bag of Marbles"}],"event_choices":[{"damage_healed":0,"gold_gain":0,"player_choice":"Leave","damage_taken":0,"max_hp_gain":0,"max_hp_loss":0,"event_name":"The Cleric","floor":3,"gold_loss":0}],"is_beta":false,"boss_relics":[],"items_purged_floors":[],"is_endless":false,"potions_floor_spawned":[1,7,8,13,14],"killed_by":"Hexaghost","ascension_level":10}