{"gold_per_floor":[113,26,36,36,36,36,65,65,119,144,154,174,209,223,223,300,300,313,4,24,24,24,24,42,70,93,93,122,122,157,170,170,247,247,266,317,31,31,48,81,98,126,126,142,142,67,102,122,122,122,122],"floor_reached":52,"playtime":3109,"items_purged":["Strike_R+1"],"score":2311,"play_id":"39481aae-a221-4dc8-8247-1e3e64cef7f4","local_time":"20190527135326","is_ascension_mode":true,"campfire_choices":[{"data":"Whirlwind","floor":6.0,"key":"SMITH"},{"data":"Anger","floor":8.0,"key":"SMITH"},{"data":"Shockwave","floor":15.0,"key":"SMITH"},{"data":"Demon Form","floor":23.0,"key":"SMITH"},{"data":"Flame Barrier","floor":27.0,"key":"SMITH"},{"data":"Shrug It Off","floor":29,"key":"SMITH"},{"data":"Shrug It Off","floor":32,"key":"SMITH"},{"data":"1","floor":49,"key":"LIFT"}],"neow_cost":"NONE","seed_source_timestamp":15804833841009,"circlet_count":0,"master_deck":["AscendersBane","Strike_R+1","Strike_R+1","Strike_R+1","Strike_R+1","Defend_R+1","Defend_R+1","Defend_R+1","Defend_R+1","Bash+1","Shrug It Off+1","Whirlwind+1","Anger+1","Shockwave+1","Ghostly Armor","Pommel Strike+1","Shrug It Off+1","Twin Strike+1","Impervious","Demon Form+1","Flame Barrier+1","Iron Wave+1","Whirlwind+1","Twin Strike+1","Headbutt+1","Feed+1","Heavy Blade+1","Body Slam+1","Heavy Blade+1","Reaper+1","Sword Boomerang+1","Evolve+1","Intimidate+1","Dark Shackles","Secret Technique","Chrysalis"],"special_seed":0,"relics":["Burning Blood","NeowsBlessing","FossilizedHelix","Regal Pillow","Molten Egg 2","Bottled Flame","Sozu","Bottled Tornado","Whetstone","Bag of Marbles","Anchor","Magic Flower","Velvet Choker","Girya","Pantograph","Strawberry","Juzu Bracelet","Ornamental Fan","Self Forming Clay"],"potions_floor_usage":[50,51],"damage_taken":[{"damage":0.0,"enemies":"2 Louse","floor":1.0,"turns":1.0},{"damage":0.0,"enemies":"Small Slimes","floor":3.0,"turns":1.0},{"damage":0.0,"enemies":"Lagavulin","floor":7.0,"turns":1.0},{"damage":16.0,"enemies":"Gremlin Nob","floor":10.0,"turns":4.0},{"damage":0.0,"enemies":"Jaw Worm","floor":11.0,"turns":2.0},{"damage":8.0,"enemies":"3 Louse","floor":12.0,"turns":2.0},{"damage":0.0,"enemies":"3 Sentries","floor":13.0,"turns":4.0},{"damage":0.0,"enemies":"Looter","floor":14.0,"turns":3.0},{"damage":29.0,"enemies":"The Guardian","floor":16.0,"turns":12.0},{"damage":0.0,"enemies":"Spheric Guardian","floor":18.0,"turns":4.0},{"damage":0.0,"enemies":"3 Byrds","floor":20.0,"turns":4.0},{"damage":0.0,"enemies":"Centurion and Healer","floor":24.0,"turns":5.0},{"damage":0.0,"enemies":"Book of Stabbing","floor":25.0,"turns":5.0},{"damage":21,"enemies":"Slavers","floor":28,"turns":3},{"damage":7,"enemies":"Book of Stabbing","floor":30,"turns":4},{"damage":0,"enemies":"3 Cultists","floor":31,"turns":2},{"damage":2,"enemies":"Collector","floor":33,"turns":8},{"damage":0,"enemies":"Orb Walker","floor":35,"turns":3},{"damage":33,"enemies":"2 Orb Walkers","floor":36,"turns":4},{"damage":0,"enemies":"3 Darklings","floor":39,"turns":3},{"damage":0,"enemies":"Reptomancer","floor":40,"turns":5},{"damage":0,"enemies":"Transient","floor":41,"turns":6},{"damage":29,"enemies":"Nemesis","floor":42,"turns":7},{"damage":2,"enemies":"Maw","floor":44,"turns":5},{"damage":0,"enemies":"Giant Head","floor":47,"turns":5},{"damage":0,"enemies":"4 Shapes","floor":48,"turns":4},{"damage":11,"enemies":"Time Eater","floor":50,"turns":6},{"damage":67,"enemies":"Donu and Deca","floor":51,"turns":8}],"seed_played":"360641441062050971","potions_obtained":[{"floor":1.0,"key":"PowerPotion"},{"floor":11.0,"key":"AttackPotion"},{"floor":12.0,"key":"LiquidBronze"}],"is_trial":false,"path_per_floor":["M","$","M","$","?","R","E","R","T","E","M","M","E","M","R","B",null,"M","$","M","?","?","R","M","E","T","R","E","R","E","M","R","B",null,"M","?","$","?","M","E","M","E","T","M","?","$","E","M","R","B","B",null],"character_chosen":"IRONCLAD","items_purchased":["Whirlwind","Bottled Tornado","Flame Barrier","Pantograph"],"campfire_rested":0,"item_purchase_floors":[2,19,19,37],"current_hp_per_floor":[74,74,75,75,75,75,75,75,75,65,71,69,75,75,75,52,69,75,75,75,75,75,75,75,75,75,75,60,60,59,68,68,75,75,79,61,61,61,76,92,94,74,74,94,84,84,93,94,94,98,94],"gold":122,"neow_bonus":"THREE_ENEMY_KILL","is_prod":false,"is_daily":false,"chose_seed":false,"campfire_upgraded":7,"win_rate":0,"timestamp":1558958006,"path_taken":["M","$","M","$","?","R","E","R","T","E","M","M","E","M","R","BOSS","M","$","M","?","?","R","M","E","T","R","E","R","E","M","R","BOSS","M","?","$","?","M","E","M","E","T","M","?","$","E","M","R","BOSS","BOSS"],"build_version":"2019-01-23","purchased_purges":1,"victory":true,"max_hp_per_floor":[75,75,75,75,75,75,75,75,75,75,75,75,75,75,75,75,75,75,75,75,75,75,75,75,75,75,75,75,75,75,75,75,75,75,79,83,83,83,87,94,94,94,94,94,94,94,94,94,94,98,102],"card_choices":[{"not_picked":["Intimidate","Blood for Blood"],"picked":"Shrug It Off","floor":1.0},{"not_picked":["Whirlwind","Fire Breathing"],"picked":"Anger","floor":3.0},{"not_picked":["Armaments","Intimidate"],"picked":"Shockwave","floor":7.0},{"not_picked":["Clash","Feel No Pain"],"picked":"Ghostly Armor","floor":10.0},{"not_picked":["Evolve","Warcry"],"picked":"Pommel Strike+1","floor":11.0},{"not_picked":["Clash+1","Sever Soul+1"],"picked":"Shrug It Off","floor":12.0},{"not_picked":["Dual Wield","Sentinel"],"picked":"Twin Strike+1","floor":13.0},{"not_picked":["Headbutt+1","Cleave+1"],"picked":"Impervious","floor":14.0},{"not_picked":["Limit Break","Berserk"],"picked":"Demon Form","floor":16.0},{"not_picked":["Rage","Shrug It Off","Searing Blow+1"],"picked":"SKIP","floor":18.0},{"not_picked":["Blood for Blood+1","Clash+1"],"picked":"Shrug It Off+1","floor":20.0},{"not_picked":["Searing Blow+1","Shrug It Off"],"picked":"Iron Wave+1","floor":24.0},{"not_picked":["Iron Wave+1","Shockwave","Dark Embrace"],"picked":"SKIP","floor":25.0},{"not_picked":["Shockwave","Evolve"],"picked":"Whirlwind+1","floor":28},{"not_picked":["Wild Strike+1","Clothesline+1"],"picked":"Twin Strike+1","floor":30},{"not_picked":["Sentinel","Hemokinesis+1"],"picked":"Headbutt+1","floor":31},{"not_picked":["Limit Break","Bludgeon+1"],"picked":"Feed+1","floor":33},{"not_picked":["Armaments+1","Reckless Charge+1"],"picked":"Heavy Blade+1","floor":35},{"not_picked":["Hemokinesis+1","Reckless Charge+1"],"picked":"Body Slam+1","floor":36},{"not_picked":["Anger+1","Ghostly Armor"],"picked":"Heavy Blade+1","floor":39},{"not_picked":["Twin Strike+1","Body Slam+1"],"picked":"Reaper+1","floor":40},{"not_picked":["Warcry","Spot Weakness"],"picked":"Sword Boomerang+1","floor":41},{"not_picked":["Brutality","Rampage+1"],"picked":"Evolve+1","floor":42},{"not_picked":["Thunderclap+1","Rampage+1"],"picked":"Intimidate+1","floor":44},{"not_picked":["Blind","Finesse"],"picked":"Dark Shackles","floor":45},{"not_picked":["Bandage Up","Swift Strike+1"],"picked":"Secret Technique","floor":45},{"not_picked":["Purity","Madness"],"picked":"Chrysalis","floor":45},{"not_picked":["Burning Pact","Flex","Body Slam+1"],"picked":"SKIP","floor":47},{"not_picked":["Warcry+1","Clothesline+1","Rage"],"picked":"SKIP","floor":48}],"player_experience":95143,"relics_obtained":[{"floor":7.0,"key":"FossilizedHelix"},{"floor":9.0,"key":"Regal Pillow"},{"floor":10.0,"key":"Molten Egg 2"},{"floor":13.0,"key":"Bottled Flame"},{"floor":25.0,"key":"Whetstone"},{"floor":26.0,"key":"Bag of Marbles"},{"floor":28,"key":"Anchor"},{"floor":30,"key":"Magic Flower"},{"floor":36,"key":"Girya"},{"floor":40,"key":"Strawberry"},{"floor":42,"key":"Juzu Bracelet"},{"floor":43,"key":"Ornamental Fan"},{"floor":47,"key":"Self Forming Clay"}],"event_choices":[{"damage_healed":0.0,"max_hp_gain":0.0,"max_hp_loss":0.0,"gold_gain":0.0,"event_name":"The Cleric","player_choice":"Leave","floor":5.0,"gold_loss":0.0,"damage_taken":0.0},{"damage_healed":0.0,"max_hp_gain":0.0,"max_hp_loss":0.0,"gold_gain":0.0,"event_name":"Back to Basics","player_choice":"Simplicity","floor":22.0,"gold_loss":0.0,"damage_taken":0.0,"cards_upgraded":["Strike_R","Strike_R","Strike_R","Strike_R","Strike_R","Defend_R","Defend_R","Defend_R","Defend_R"]},{"damage_healed":0,"gold_gain":0,"player_choice":"Fight","damage_taken":0,"max_hp_gain":0,"max_hp_loss":0,"event_name":"Mysterious Sphere","floor":36,"gold_loss":0},{"cards_removed":["Shrug It Off"],"damage_healed":0,"gold_gain":0,"player_choice":"Removed Skill","damage_taken":0,"max_hp_gain":0,"max_hp_loss":0,"event_name":"Falling","floor":38,"gold_loss":0},{"damage_healed":0,"gold_gain":0,"player_choice":"Memory 3","damage_taken":10,"max_hp_gain":0,"max_hp_loss":0,"event_name":"SensoryStone","floor":45,"gold_loss":0}],"is_beta":false,"boss_relics":[{"not_picked":["White Beast Statue","Runic Dome"],"picked":"Sozu"},{"not_picked":["Astrolabe","Tiny House"],"picked":"Velvet Choker"}],"items_purged_floors":[46],"is_endless":false,"potions_floor_spawned":[1,11,12,13,14,18,25,31,40,42,47,48],"ascension_level":20}