{"gold_per_floor":[119,129,143,143,156,196,216,216,216,216,237,260,335,510,510,636,636,659,659,159,159,175,175,193,193,220,4,39,314,314,327,327,448,448,464,484,504,33,59,59,90,90,90,108,126,157,180,201,201,201],"floor_reached":50,"playtime":4512,"items_purged":["Doubt","Injury","Regret"],"score":706,"play_id":"09f12423-22e3-43a4-8da5-de7d1fb6ee70","local_time":"20190408160831","is_ascension_mode":true,"campfire_choices":[{"data":"Armaments","floor":8.0,"key":"SMITH"},{"data":"Clothesline","floor":10.0,"key":"SMITH"},{"data":"Body Slam","floor":15.0,"key":"SMITH"},{"floor":23.0,"key":"RECALL"},{"data":"Sentinel","floor":25.0,"key":"SMITH"},{"data":"Pommel Strike","floor":30.0,"key":"SMITH"},{"data":"Inflame","floor":32.0,"key":"SMITH"},{"data":"Warcry","floor":40.0,"key":"SMITH"},{"data":"Demon Form","floor":42.0,"key":"SMITH"},{"data":"Barricade","floor":49.0,"key":"SMITH"}],"neow_cost":"NONE","seed_source_timestamp":3871292711966663,"circlet_count":0,"master_deck":["Defend_R","Defend_R","Bash","Pommel Strike+1","Clothesline+1","Pommel Strike","Sentinel+1","Armaments+1","Burning Pact","Body Slam+1","Shrug It Off","Reaper","Armaments+1","Ghostly Armor+1","Hemokinesis+1","Flex+1","Finesse","Bandage Up","Sever Soul","Bite","Bite","Bite","Bite","Bite","Pommel Strike+1","Armaments+1","Inflame+1","Rampage","Fire Breathing+1","Warcry+1","Feed","Flex+1","Shrug It Off+1","Warcry+1","Demon Form+1","Headbutt+1","Barricade+1","Parasite","Heavy Blade","Iron Wave+1"],"special_seed":0,"relics":["Coffee Dripper","Golden Idol","Kunai","Shuriken","Astrolabe","Question Card","Anchor","Bronze Scales","Sozu","Vajra","HandDrill","Singing Bowl","Smiling Mask","Regal Pillow"],"potions_floor_usage":[],"damage_taken":[{"damage":0.0,"enemies":"2 Louse","floor":1.0,"turns":3.0},{"damage":0.0,"enemies":"Small Slimes","floor":2.0,"turns":2.0},{"damage":0.0,"enemies":"Cultist","floor":3.0,"turns":2.0},{"damage":3.0,"enemies":"3 Louse","floor":5.0,"turns":3.0},{"damage":35.0,"enemies":"Lagavulin","floor":6.0,"turns":5.0},{"damage":0.0,"enemies":"2 Fungi Beasts","floor":7.0,"turns":3.0},{"damage":10.0,"enemies":"Lots of Slimes","floor":11.0,"turns":4.0},{"damage":6.0,"enemies":"Red Slaver","floor":12.0,"turns":3.0},{"damage":16.0,"enemies":"Slime Boss","floor":16.0,"turns":8.0},{"damage":17.0,"enemies":"Spheric Guardian","floor":18.0,"turns":4.0},{"damage":3.0,"enemies":"Chosen","floor":22.0,"turns":4.0},{"damage":23.0,"enemies":"3 Cultists","floor":24.0,"turns":5.0},{"damage":20.0,"enemies":"Slavers","floor":28.0,"turns":6.0},{"damage":26.0,"enemies":"Snake Plant","floor":31.0,"turns":3.0},{"damage":35.0,"enemies":"Champ","floor":33.0,"turns":8.0},{"damage":29.0,"enemies":"3 Darklings","floor":35.0,"turns":5.0},{"damage":0.0,"enemies":"3 Shapes","floor":36.0,"turns":3.0},{"damage":2.0,"enemies":"Spire Growth","floor":37.0,"turns":2.0},{"damage":68.0,"enemies":"Reptomancer","floor":41.0,"turns":6.0},{"damage":30.0,"enemies":"Maw","floor":44.0,"turns":7.0},{"damage":18.0,"enemies":"Jaw Worm Horde","floor":45.0,"turns":4.0},{"damage":45.0,"enemies":"Nemesis","floor":46.0,"turns":7.0},{"damage":4.0,"enemies":"Writhing Mass","floor":47.0,"turns":4.0},{"damage":19.0,"enemies":"Sphere and 2 Shapes","floor":48.0,"turns":5.0},{"damage":52,"enemies":"Donu and Deca","floor":50,"turns":4}],"seed_played":"7443858350324502003","potions_obtained":[{"floor":3.0,"key":"Strength Potion"},{"floor":5.0,"key":"BloodPotion"},{"floor":6.0,"key":"SteroidPotion"},{"floor":16.0,"key":"SteroidPotion"},{"floor":28.0,"key":"LiquidBronze"},{"floor":31.0,"key":"Swift Potion"},{"floor":33.0,"key":"Poison Potion"}],"is_trial":false,"path_per_floor":["M","M","M","?","M","E","M","R","T","R","M","M","?","?","R","B",null,"M","?","$","?","M","R","M","R","T","$","E","?","R","M","R","B",null,"M","M","M","$","T","R","E","R","T","M","M","E","M","M","R","B"],"character_chosen":"IRONCLAD","items_purchased":["Question Card","Bandage Up","Sever Soul","Inflame","Rampage","Vajra","HandDrill"],"campfire_rested":0,"item_purchase_floors":[20,20,20,27,27,38,38],"current_hp_per_floor":[80,80,80,80,77,42,42,42,42,42,32,26,15,15,15,7,80,63,47,47,47,56,56,43,43,43,43,40,40,40,24,24,19,56,48,57,57,57,57,57,16,16,16,11,40,22,22,25,25,0],"gold":201,"neow_bonus":"BOSS_RELIC","is_prod":false,"is_daily":false,"chose_seed":false,"campfire_upgraded":9,"win_rate":0,"timestamp":1554764911,"path_taken":["M","M","M","?","M","E","M","R","T","R","M","M","?","?","R","BOSS","M","?","?","?","M","R","M","R","T","$","E","?","R","M","R","BOSS","M","M","M","$","?","R","E","R","T","?","M","E","M","M","R","BOSS"],"build_version":"2019-01-23","purchased_purges":3,"victory":false,"max_hp_per_floor":[80,80,80,80,80,80,80,80,80,80,80,80,80,80,80,80,80,80,80,80,56,56,56,56,56,56,56,56,56,56,56,56,56,56,56,59,59,59,59,59,63,63,63,65,69,69,69,72,72,72],"card_choices":[{"not_picked":["Havoc","Wild Strike"],"picked":"Pommel Strike","floor":1.0},{"not_picked":["Twin Strike","Burning Pact"],"picked":"Clothesline","floor":2.0},{"not_picked":["Anger","Sever Soul"],"picked":"Pommel Strike","floor":3.0},{"not_picked":["Anger","Pommel Strike"],"picked":"Sentinel","floor":5.0},{"not_picked":["Searing Blow","Seeing Red"],"picked":"Armaments","floor":6.0},{"not_picked":["Sentinel","Evolve"],"picked":"Burning Pact","floor":7.0},{"not_picked":["Disarm","Brutality"],"picked":"Body Slam","floor":11.0},{"not_picked":["Clothesline","Entrench"],"picked":"Shrug It Off","floor":12.0},{"not_picked":["Limit Break","Immolate"],"picked":"Reaper","floor":16.0},{"not_picked":["Headbutt+1","Shrug It Off"],"picked":"Flex+1","floor":18.0},{"not_picked":["Evolve","Sever Soul","Burning Pact"],"picked":"Pommel Strike+1","floor":22.0},{"not_picked":["Rupture","Dark Embrace","True Grit"],"picked":"Armaments+1","floor":24.0},{"not_picked":["Clothesline+1","Armaments","Heavy Blade"],"picked":"Fire Breathing+1","floor":28.0},{"not_picked":["Shockwave","Clash","Combust"],"picked":"Warcry","floor":31.0},{"not_picked":["Brutality","Offering","Berserk"],"picked":"Feed","floor":33.0},{"not_picked":["Perfected Strike+1","Carnage","Dropkick+1"],"picked":"Flex+1","floor":35.0},{"not_picked":["Wild Strike","Perfected Strike","Anger"],"picked":"Shrug It Off+1","floor":36.0},{"not_picked":["Anger","Pommel Strike+1","Combust"],"picked":"Warcry+1","floor":37.0},{"not_picked":["Battle Trance","Wild Strike+1","Cleave+1"],"picked":"Demon Form","floor":41.0},{"not_picked":["Twin Strike+1","Thunderclap","Disarm+1","Uppercut+1"],"picked":"Singing Bowl","floor":44.0},{"not_picked":["Havoc+1","Iron Wave+1","Pommel Strike"],"picked":"Headbutt+1","floor":45.0},{"not_picked":["Havoc+1","True Grit+1","Iron Wave"],"picked":"Barricade","floor":46.0},{"not_picked":["Perfected Strike+1","Wild Strike+1","Flex"],"picked":"Heavy Blade","floor":47.0},{"not_picked":["Body Slam+1","Clothesline","Disarm"],"picked":"Iron Wave+1","floor":48.0}],"player_experience":376005,"relics_obtained":[{"floor":6.0,"key":"Kunai"},{"floor":9.0,"key":"Shuriken"},{"floor":26.0,"key":"Anchor"},{"floor":28.0,"key":"Bronze Scales"},{"floor":41.0,"key":"Singing Bowl"},{"floor":43.0,"key":"Smiling Mask"},{"floor":46.0,"key":"Regal Pillow"}],"event_choices":[{"damage_healed":0.0,"max_hp_gain":0.0,"max_hp_loss":0.0,"gold_gain":0.0,"event_name":"Golden Idol","player_choice":"Take Wound","floor":4.0,"gold_loss":0.0,"damage_taken":0.0,"relics_obtained":["Golden Idol"],"cards_obtained":["Injury"]},{"damage_healed":0.0,"max_hp_gain":0.0,"max_hp_loss":0.0,"gold_gain":75.0,"event_name":"World of Goop","player_choice":"Gather Gold","floor":13.0,"gold_loss":0.0,"damage_taken":11.0},{"damage_healed":0.0,"max_hp_gain":0.0,"max_hp_loss":0.0,"gold_gain":175.0,"event_name":"Liars Game","player_choice":"AGREE","floor":14.0,"gold_loss":0.0,"damage_taken":0.0,"cards_obtained":["Doubt"]},{"damage_healed":0.0,"max_hp_gain":0.0,"max_hp_loss":0.0,"gold_gain":0.0,"event_name":"Knowing Skull","player_choice":"CARD ","floor":19.0,"potions_obtained":[],"gold_loss":0.0,"damage_taken":16.0,"cards_obtained":["Finesse"]},{"damage_healed":0.0,"max_hp_gain":0.0,"max_hp_loss":24.0,"gold_gain":0.0,"event_name":"Vampires","player_choice":"Became a vampire","floor":21.0,"gold_loss":0.0,"damage_taken":0.0,"cards_obtained":["Bite","Bite","Bite","Bite","Bite"]},{"damage_healed":0.0,"max_hp_gain":0.0,"max_hp_loss":0.0,"gold_gain":275.0,"event_name":"Golden Shrine","player_choice":"Desecrate","floor":29.0,"gold_loss":0.0,"damage_taken":0.0,"cards_obtained":["Regret"]}],"is_beta":false,"boss_relics":[{"not_picked":["Snecko Eye","Calling Bell"],"picked":"Astrolabe"},{"not_picked":["Pandora\u0027s Box","Runic Pyramid"],"picked":"Sozu"}],"items_purged_floors":[20,27,38],"is_endless":false,"potions_floor_spawned":[3,5,6,12,16,28,31,33,36,44,45],"killed_by":"Donu and Deca","ascension_level":4}