{"gold_per_floor":[118,43,61,74,89,89,116,116,161,188,188,263,263,321,321,392,392,402,421,149,166,166,166,194,244,244,275,11,24,24,24,24,99,99,111,111,121,37,89,89,118,118,118,118,130,73,87,120,120,120],"floor_reached":51,"playtime":3071,"items_purged":["Strike_R","Strike_R+1"],"score":1543,"play_id":"fbfb4ee7-1128-4224-99cb-7d34346e4b15","local_time":"20190526135646","is_ascension_mode":true,"campfire_choices":[{"data":"Spot Weakness","floor":6.0,"key":"SMITH"},{"data":"Iron Wave","floor":8.0,"key":"SMITH"},{"data":"Bash","floor":11.0,"key":"SMITH"},{"data":"Heavy Blade","floor":15.0,"key":"SMITH"},{"floor":23,"key":"REST"},{"floor":30,"key":"REST"},{"floor":32,"key":"REST"},{"floor":40,"key":"REST"},{"data":"1","floor":42,"key":"LIFT"},{"data":"2","floor":44,"key":"LIFT"},{"data":"3","floor":49,"key":"LIFT"}],"neow_cost":"TEN_PERCENT_HP_LOSS","seed_source_timestamp":9010128701503,"circlet_count":0,"master_deck":["AscendersBane","Defend_R+1","Defend_R+1","Defend_R+1","Defend_R+1","Bash+1","Spot Weakness+1","Pummel","Twin Strike","Iron Wave+1","Cleave","Clothesline","Heavy Blade+1","Offering","Battle Trance+1","Ghostly Armor+1","Headbutt","Flame Barrier","Twin Strike+1","Intimidate+1","Spot Weakness+1","Barricade","Corruption","Headbutt+1","Power Through+1","Feel No Pain","Shockwave+1"],"special_seed":0,"relics":["Burning Blood","Mercury Hourglass","Bag of Preparation","Juzu Bracelet","Letter Opener","Fusion Hammer","Kunai","Centennial Puzzle","Pear","Bottled Lightning","Regal Pillow","Philosopher\u0027s Stone","Nunchaku","Girya","Champion Belt","Oddly Smooth Stone"],"potions_floor_usage":[24,27,33,50,50],"damage_taken":[{"damage":1.0,"enemies":"Cultist","floor":1.0,"turns":3.0},{"damage":0.0,"enemies":"2 Louse","floor":3.0,"turns":4.0},{"damage":7.0,"enemies":"Jaw Worm","floor":4.0,"turns":4.0},{"damage":5.0,"enemies":"2 Fungi Beasts","floor":5.0,"turns":3.0},{"damage":22.0,"enemies":"Gremlin Nob","floor":7.0,"turns":4.0},{"damage":23.0,"enemies":"Lagavulin","floor":10.0,"turns":6.0},{"damage":19.0,"enemies":"Gremlin Nob","floor":14.0,"turns":4.0},{"damage":10.0,"enemies":"The Guardian","floor":16.0,"turns":9.0},{"damage":12.0,"enemies":"3 Byrds","floor":18.0,"turns":6.0},{"damage":6.0,"enemies":"Shell Parasite","floor":19.0,"turns":2.0},{"damage":25.0,"enemies":"Chosen and Byrds","floor":21.0,"turns":6.0},{"damage":10,"enemies":"Book of Stabbing","floor":24,"turns":3},{"damage":14,"enemies":"Gremlin Leader","floor":27,"turns":7},{"damage":14,"enemies":"Sentry and Sphere","floor":29,"turns":4},{"damage":6,"enemies":"Champ","floor":33,"turns":8},{"damage":6,"enemies":"Orb Walker","floor":35,"turns":1},{"damage":6,"enemies":"3 Shapes","floor":37,"turns":3},{"damage":16,"enemies":"2 Orb Walkers","floor":39,"turns":4},{"damage":12,"enemies":"Giant Head","floor":41,"turns":6},{"damage":6,"enemies":"Jaw Worm Horde","floor":45,"turns":2},{"damage":6,"enemies":"4 Shapes","floor":47,"turns":3},{"damage":6,"enemies":"Nemesis","floor":48,"turns":5},{"damage":29,"enemies":"Donu and Deca","floor":50,"turns":7}],"seed_played":"-6532664111201900536","potions_obtained":[{"floor":4.0,"key":"Swift Potion"},{"floor":10.0,"key":"PowerPotion"},{"floor":14.0,"key":"GamblersBrew"},{"floor":16.0,"key":"Block Potion"},{"floor":18.0,"key":"Weak Potion"},{"floor":21,"key":"Weak Potion"},{"floor":24,"key":"PowerPotion"},{"floor":29,"key":"Weak Potion"},{"floor":39,"key":"Swift Potion"}],"is_trial":false,"path_per_floor":["M","$","M","M","M","R","E","R","T","E","R","?","?","?","R","B",null,"M","M","$","M","?","R","E","?","T","E","$","M","R","?","R","B",null,"M","?","M","$","?","R","E","R","T","R","M","$","M","E","R","B",null],"character_chosen":"IRONCLAD","items_purchased":["Kunai","Regal Pillow","Corruption","PowerPotion"],"campfire_rested":4,"item_purchase_floors":[20,28,38,46],"current_hp_per_floor":[68,68,68,67,68,68,52,52,52,35,35,24,29,16,16,12,58,52,52,52,33,33,54,50,50,60,52,52,44,83,83,83,83,83,83,83,83,83,73,83,77,77,77,77,77,77,77,77,77,54],"gold":120,"neow_bonus":"TRANSFORM_TWO_CARDS","is_prod":false,"is_daily":false,"chose_seed":false,"campfire_upgraded":4,"win_rate":0,"timestamp":1558871806,"path_taken":["M","$","M","?","M","R","E","R","T","E","R","?","?","?","R","BOSS","M","M","$","M","?","R","E","?","T","E","$","M","R","?","R","BOSS","M","?","M","$","?","R","E","R","T","R","M","$","M","E","R","BOSS"],"build_version":"2019-01-23","purchased_purges":2,"victory":true,"max_hp_per_floor":[68,68,68,68,68,68,68,68,68,68,68,68,73,73,73,73,73,73,73,73,73,73,73,73,73,83,83,83,83,83,83,83,83,83,83,83,83,83,83,83,83,83,83,83,83,83,83,83,83,83],"card_choices":[{"not_picked":["Iron Wave","Reckless Charge"],"picked":"Twin Strike","floor":1.0},{"not_picked":["Havoc","Sword Boomerang","Corruption"],"picked":"SKIP","floor":3.0},{"not_picked":["Flex","Havoc"],"picked":"Iron Wave","floor":4.0},{"not_picked":["True Grit","Ghostly Armor"],"picked":"Cleave","floor":5.0},{"not_picked":["Body Slam","Burning Pact","Dark Embrace"],"picked":"SKIP","floor":7.0},{"not_picked":["Flex","Wild Strike"],"picked":"Clothesline","floor":10.0},{"not_picked":["True Grit","Uppercut"],"picked":"Heavy Blade","floor":14.0},{"not_picked":["Dark Embrace","Feed"],"picked":"Offering","floor":16.0},{"not_picked":["Cleave","Iron Wave"],"picked":"Battle Trance+1","floor":18.0},{"not_picked":["Metallicize","Combust+1"],"picked":"Ghostly Armor+1","floor":19.0},{"not_picked":["Wild Strike","Metallicize+1"],"picked":"Headbutt","floor":21},{"not_picked":["Searing Blow","Havoc"],"picked":"Flame Barrier","floor":24},{"not_picked":["Flex","Warcry+1"],"picked":"Twin Strike+1","floor":27},{"not_picked":["Warcry","Wild Strike"],"picked":"Intimidate+1","floor":29},{"not_picked":["Double Tap","Offering"],"picked":"Barricade","floor":33},{"not_picked":["Wild Strike+1","Hemokinesis","Disarm"],"picked":"SKIP","floor":35},{"not_picked":["Body Slam","Sword Boomerang+1","Cleave"],"picked":"SKIP","floor":37},{"not_picked":["Battle Trance","True Grit"],"picked":"Headbutt+1","floor":39},{"not_picked":["Blood for Blood","Thunderclap"],"picked":"Power Through+1","floor":41},{"not_picked":["Armaments","Carnage"],"picked":"Feel No Pain","floor":45},{"not_picked":["Thunderclap","Pommel Strike","Dropkick+1"],"picked":"SKIP","floor":47},{"not_picked":["Cleave","Power Through"],"picked":"Shockwave+1","floor":48}],"player_experience":75810,"relics_obtained":[{"floor":7.0,"key":"Mercury Hourglass"},{"floor":9.0,"key":"Bag of Preparation"},{"floor":10.0,"key":"Juzu Bracelet"},{"floor":14.0,"key":"Letter Opener"},{"floor":24,"key":"Centennial Puzzle"},{"floor":26,"key":"Pear"},{"floor":27,"key":"Bottled Lightning"},{"floor":39,"key":"Nunchaku"},{"floor":41,"key":"Girya"},{"floor":43,"key":"Champion Belt"},{"floor":48,"key":"Oddly Smooth Stone"}],"event_choices":[{"damage_healed":0.0,"max_hp_gain":0.0,"max_hp_loss":0.0,"gold_gain":75.0,"event_name":"World of Goop","player_choice":"Gather Gold","floor":12.0,"gold_loss":0.0,"damage_taken":11.0},{"damage_healed":0.0,"max_hp_gain":5.0,"max_hp_loss":0.0,"gold_gain":0.0,"event_name":"Big Fish","player_choice":"Donut","floor":13.0,"gold_loss":0.0,"damage_taken":0.0},{"damage_healed":0.0,"max_hp_gain":0.0,"max_hp_loss":0.0,"gold_gain":0.0,"event_name":"Dead Adventurer","player_choice":"Searched \u00271\u0027 times","floor":14.0,"gold_loss":0.0,"damage_taken":0.0},{"damage_healed":0,"gold_gain":0,"player_choice":"Simplicity","damage_taken":0,"max_hp_gain":0,"max_hp_loss":0,"event_name":"Back to Basics","floor":22,"gold_loss":0,"cards_upgraded":["Strike_R","Strike_R","Defend_R","Defend_R","Defend_R","Defend_R"]},{"damage_healed":0,"gold_gain":100,"player_choice":"Bet on Murderer","damage_taken":0,"max_hp_gain":0,"max_hp_loss":0,"event_name":"The Joust","floor":25,"gold_loss":50},{"damage_healed":0,"gold_gain":0,"player_choice":"Copied","damage_taken":0,"max_hp_gain":0,"max_hp_loss":0,"event_name":"Duplicator","floor":31,"gold_loss":0,"cards_obtained":["Spot Weakness"]},{"cards_removed":["Strike_R"],"damage_healed":0,"gold_gain":0,"player_choice":"Purged","damage_taken":0,"max_hp_gain":0,"max_hp_loss":0,"event_name":"Purifier","floor":36,"gold_loss":0},{"damage_healed":0,"gold_gain":0,"player_choice":"Fight","damage_taken":0,"max_hp_gain":0,"max_hp_loss":0,"event_name":"Mysterious Sphere","floor":39,"gold_loss":0}],"is_beta":false,"boss_relics":[{"not_picked":["Snecko Eye","Runic Pyramid"],"picked":"Fusion Hammer"},{"not_picked":["Orrery","Velvet Choker"],"picked":"Philosopher\u0027s Stone"}],"items_purged_floors":[2,28],"is_endless":false,"potions_floor_spawned":[4,10,14,16,18,21,24,29,39,45,47,48],"ascension_level":18}