{"gold_per_floor":[114,114,129,34,34,60,60,75,75,87,102,122,122,22,22,22],"floor_reached":16,"playtime":734,"items_purged":[],"score":102,"play_id":"f453af9b-1b34-48bf-8921-c683ac3f8b49","local_time":"20181130222224","is_ascension_mode":false,"campfire_choices":[{"data":"1","floor":7,"key":"LIFT"},{"floor":13,"key":"REST"},{"data":"Spot Weakness","floor":15,"key":"SMITH"}],"neow_cost":"CURSE","seed_source_timestamp":1169022981181572,"circlet_count":0,"master_deck":["Strike_R","Strike_R","Strike_R","Strike_R","Defend_R","Defend_R","Defend_R","Defend_R","Bash","Pain","Cleave","Feel No Pain","Madness","Shrug It Off","Warcry","Battle Trance","Twin Strike","Havoc","Spot Weakness+1","Flex"],"relics":["Burning Blood","Girya","Du-Vu Doll","Anchor"],"potions_floor_usage":[10,12,12],"damage_taken":[{"damage":13,"enemies":"Small Slimes","floor":1,"turns":3},{"damage":7,"enemies":"Cultist","floor":3,"turns":3},{"damage":47,"enemies":"3 Sentries","floor":6,"turns":12},{"damage":5,"enemies":"2 Louse","floor":8,"turns":3},{"damage":9,"enemies":"Gremlin Gang","floor":10,"turns":4},{"damage":7,"enemies":"Blue Slaver","floor":11,"turns":4},{"damage":7,"enemies":"Large Slime","floor":12,"turns":6},{"damage":43,"enemies":"Slime Boss","floor":16,"turns":7}],"seed_played":"-2837547622015725739","potions_obtained":[{"floor":6,"key":"Strength Potion"},{"floor":8,"key":"LiquidBronze"},{"floor":10,"key":"Strength Potion"}],"is_trial":false,"path_per_floor":["M","?","M","$","?","E","R","M","T","M","M","M","R","$","R","B"],"character_chosen":"IRONCLAD","items_purchased":["Madness","Spot Weakness","Flex"],"campfire_rested":1,"item_purchase_floors":[4,14,14],"current_hp_per_floor":[73,61,60,60,60,19,19,20,20,17,16,15,39,39,39,0],"gold":22,"neow_bonus":"ONE_RARE_RELIC","is_prod":false,"is_daily":false,"chose_seed":false,"campfire_upgraded":1,"win_rate":0,"timestamp":1543612944,"path_taken":["M","?","M","$","?","E","R","M","T","M","?","M","R","?","R","BOSS"],"build_version":"2018-11-15","purchased_purges":0,"victory":false,"max_hp_per_floor":[80,80,80,80,80,80,80,80,80,80,80,80,80,80,80,80],"card_choices":[{"not_picked":["Pommel Strike","Clash"],"picked":"Cleave","floor":1},{"not_picked":["Twin Strike","Armaments"],"picked":"Feel No Pain","floor":3},{"not_picked":["Dropkick","Anger"],"picked":"Shrug It Off","floor":6},{"not_picked":["Pommel Strike","Carnage"],"picked":"Warcry","floor":8},{"not_picked":["Inflame","Evolve"],"picked":"Battle Trance","floor":10},{"not_picked":["Thunderclap","Shrug It Off"],"picked":"Twin Strike","floor":11},{"not_picked":["Body Slam","Inflame"],"picked":"Havoc","floor":12}],"player_experience":261106,"relics_obtained":[{"floor":6,"key":"Anchor"}],"event_choices":[{"damage_healed":0,"gold_gain":0,"player_choice":"Success","damage_taken":12,"relics_obtained":["Du-Vu Doll"],"max_hp_gain":0,"max_hp_loss":0,"event_name":"Scrap Ooze","floor":2,"gold_loss":0},{"cards_removed":["Strike_R"],"damage_healed":0,"gold_gain":0,"player_choice":"Offered Basic","damage_taken":0,"max_hp_gain":0,"max_hp_loss":0,"event_name":"Bonfire Elementals","floor":5,"gold_loss":0}],"is_beta":true,"boss_relics":[],"items_purged_floors":[],"is_endless":false,"potions_floor_spawned":[6,8,10],"killed_by":"Slime Boss","ascension_level":0}