{"gold_per_floor":[112,112,128,128,144,144,179,104,104,120,134,134,159,84,84,158,158,158,158,158,73,73,73,53,53,53,53,53,53,53,53,53,53],"floor_reached":33,"playtime":1673,"items_purged":["Strike_G"],"score":495,"play_id":"cf1c34c8-7b6c-4120-8d8d-cfd2601005ed","local_time":"20190518193812","is_ascension_mode":true,"campfire_choices":[{"data":"Noxious Fumes","floor":6.0,"key":"SMITH"},{"floor":15.0,"key":"REST"},{"floor":23.0,"key":"REST"},{"data":"Malaise","floor":25.0,"key":"SMITH"},{"data":"Skewer","floor":28.0,"key":"SMITH"},{"floor":32.0,"key":"REST"}],"neow_cost":"NONE","seed_source_timestamp":3269623457419026,"circlet_count":0,"master_deck":["AscendersBane","Defend_G","Defend_G","Defend_G","Defend_G","Defend_G","Strike_G","Strike_G","Strike_G","Survivor","Neutralize","Noxious Fumes+1","Skewer+1","Crippling Poison","Crippling Poison","Noxious Fumes","Bane","Malaise+1","PiercingWail","Backflip","Prepared","Bouncing Flask"],"special_seed":0,"relics":["Sozu","Tough Bandages","Regal Pillow","Anchor","Ectoplasm","Molten Egg 2","Snake Skull","Peace Pipe"],"potions_floor_usage":[],"damage_taken":[{"damage":0.0,"enemies":"2 Louse","floor":1.0,"turns":3.0},{"damage":4.0,"enemies":"Jaw Worm","floor":3.0,"turns":4.0},{"damage":4.0,"enemies":"Small Slimes","floor":5.0,"turns":5.0},{"damage":21.0,"enemies":"Gremlin Nob","floor":7.0,"turns":5.0},{"damage":1.0,"enemies":"Looter","floor":10.0,"turns":3.0},{"damage":1.0,"enemies":"Blue Slaver","floor":11.0,"turns":4.0},{"damage":9.0,"enemies":"3 Sentries","floor":13.0,"turns":5.0},{"damage":20.0,"enemies":"Slime Boss","floor":16.0,"turns":11.0},{"damage":11.0,"enemies":"Chosen","floor":18.0,"turns":6.0},{"damage":19.0,"enemies":"Spheric Guardian","floor":19.0,"turns":7.0},{"damage":18.0,"enemies":"Centurion and Healer","floor":20.0,"turns":6.0},{"damage":6.0,"enemies":"Snake Plant","floor":22.0,"turns":5.0},{"damage":43.0,"enemies":"Gremlin Leader","floor":29.0,"turns":7.0},{"damage":0.0,"enemies":"Snecko","floor":31.0,"turns":6.0},{"damage":41,"enemies":"Champ","floor":33,"turns":10}],"seed_played":"-6738188016669409663","potions_obtained":[],"is_trial":false,"path_per_floor":["M","?","M","T","M","R","E","?","T","M","M","?","E","$","R","B",null,"M","M","M","?","M","R","?","R","T","$","R","E","$","M","R","B"],"character_chosen":"THE_SILENT","items_purchased":[],"campfire_rested":3,"item_purchase_floors":[],"current_hp_per_floor":[59,64,60,60,56,56,35,35,35,34,33,33,24,24,60,40,63,52,33,15,15,9,45,45,45,45,45,45,2,2,2,38,0],"gold":53,"neow_bonus":"BOSS_RELIC","is_prod":false,"is_daily":false,"chose_seed":false,"campfire_upgraded":3,"win_rate":0,"timestamp":1558233492,"path_taken":["M","?","M","?","M","R","E","?","T","M","M","?","E","?","R","BOSS","M","M","M","?","M","R","?","R","T","$","R","E","$","M","R","BOSS"],"build_version":"2019-01-23","purchased_purges":1,"victory":false,"max_hp_per_floor":[66,71,71,71,71,71,71,71,71,71,71,71,71,71,71,71,71,71,71,71,71,71,71,71,71,71,71,71,71,71,71,71,71],"card_choices":[{"not_picked":["Outmaneuver","Quick Slash","Riddle With Holes"],"picked":"SKIP","floor":1.0},{"not_picked":["Crippling Poison","Underhanded Strike"],"picked":"Noxious Fumes","floor":3.0},{"not_picked":["Deflect","Flying Knee"],"picked":"Skewer","floor":5.0},{"not_picked":["Poisoned Stab","Quick Slash"],"picked":"Crippling Poison","floor":7.0},{"not_picked":["Underhanded Strike","Dagger Throw"],"picked":"Crippling Poison","floor":10.0},{"not_picked":["All Out Attack","Reflex"],"picked":"Noxious Fumes","floor":11.0},{"not_picked":["Setup","Caltrops"],"picked":"Bane","floor":13.0},{"not_picked":["Night Terror","Doppelganger"],"picked":"Malaise","floor":16.0},{"not_picked":["Slice","Choke","Setup"],"picked":"SKIP","floor":18.0},{"not_picked":["Prepared","Deflect"],"picked":"PiercingWail","floor":19.0},{"not_picked":["Terror","Blade Dance","Sucker Punch"],"picked":"SKIP","floor":20.0},{"not_picked":["Acrobatics","Blade Dance"],"picked":"Backflip","floor":22.0},{"not_picked":["Bullet Time","Blade Dance"],"picked":"Prepared","floor":29.0},{"not_picked":["Heel Hook+1","Dagger Throw+1"],"picked":"Bouncing Flask","floor":31.0}],"player_experience":641337,"relics_obtained":[{"floor":4.0,"key":"Tough Bandages"},{"floor":7.0,"key":"Regal Pillow"},{"floor":13.0,"key":"Anchor"},{"floor":26.0,"key":"Snake Skull"},{"floor":29.0,"key":"Peace Pipe"}],"event_choices":[{"damage_healed":0.0,"max_hp_gain":5.0,"max_hp_loss":0.0,"gold_gain":0.0,"event_name":"Big Fish","player_choice":"Donut","floor":2.0,"gold_loss":0.0,"damage_taken":0.0},{"cards_removed":["Strike_G"],"damage_healed":0.0,"max_hp_gain":0.0,"max_hp_loss":0.0,"gold_gain":0.0,"event_name":"The Cleric","player_choice":"Card Removal","floor":8.0,"gold_loss":75.0,"damage_taken":0.0},{"damage_healed":0.0,"max_hp_gain":0.0,"max_hp_loss":0.0,"gold_gain":0.0,"event_name":"Liars Game","player_choice":"Ignored","floor":12.0,"gold_loss":0.0,"damage_taken":0.0},{"damage_healed":0.0,"max_hp_gain":0.0,"max_hp_loss":0.0,"gold_gain":0.0,"event_name":"Addict","player_choice":"Obtained Relic","floor":21.0,"gold_loss":85.0,"damage_taken":0.0,"relics_obtained":["Molten Egg 2"]},{"damage_healed":0.0,"max_hp_gain":0.0,"max_hp_loss":0.0,"gold_gain":0.0,"event_name":"The Woman in Blue","player_choice":"Bought 1 Potion","floor":24.0,"gold_loss":0.0,"damage_taken":0.0}],"is_beta":false,"boss_relics":[{"not_picked":["Pandora\u0027s Box","Lizard Tail"],"picked":"Ectoplasm"}],"items_purged_floors":[14],"is_endless":false,"potions_floor_spawned":[10,13,22,31],"killed_by":"Champ","ascension_level":16}