{"gold_per_floor":[114,39,39,56,72,72,97,97,97,8,40,59,59,59,59,134,134,150,150,165,178,178],"floor_reached":22,"playtime":1183,"items_purged":[],"score":359,"play_id":"dbbd0b56-6f33-4dd7-9828-6bd767af8683","local_time":"20190526125800","is_ascension_mode":true,"campfire_choices":[{"data":"Loop","floor":6.0,"key":"SMITH"},{"data":"Conserve Battery","floor":8.0,"key":"SMITH"},{"data":"Glacier","floor":13.0,"key":"SMITH"},{"data":"Defend_B","floor":15.0,"key":"SMITH"}],"neow_cost":"NONE","seed_source_timestamp":328275055872157,"circlet_count":0,"master_deck":["AscendersBane","Strike_B","Strike_B","Strike_B","Defend_B","Defend_B","Defend_B","Defend_B+1","Zap+1","Dualcast","Beam Cell","Loop+1","FTL","Steam Power","Conserve Battery+1","Glacier+1","Gash+1","Gash+1","Electrodynamics+1","Gash+1","Rebound+1","Conserve Battery"],"special_seed":0,"relics":["Cracked Core","NeowsBlessing","Frozen Egg 2","Happy Flower","Molten Egg 2","Fusion Hammer"],"potions_floor_usage":[21,21],"damage_taken":[{"damage":0.0,"enemies":"Small Slimes","floor":1.0,"turns":1.0},{"damage":0.0,"enemies":"Cultist","floor":4.0,"turns":1.0},{"damage":0.0,"enemies":"Jaw Worm","floor":5.0,"turns":1.0},{"damage":35.0,"enemies":"3 Sentries","floor":7.0,"turns":7.0},{"damage":21.0,"enemies":"Gremlin Nob","floor":11.0,"turns":6.0},{"damage":0.0,"enemies":"Blue Slaver","floor":12.0,"turns":3.0},{"damage":4.0,"enemies":"The Guardian","floor":16.0,"turns":12.0},{"damage":30.0,"enemies":"Shell Parasite","floor":18.0,"turns":6.0},{"damage":14.0,"enemies":"Spheric Guardian","floor":20.0,"turns":4.0},{"damage":11,"enemies":"Snake Plant","floor":21,"turns":4},{"damage":4,"enemies":"3 Cultists","floor":22,"turns":3}],"seed_played":"-5051368474965286346","potions_obtained":[{"floor":4.0,"key":"Regen Potion"},{"floor":7.0,"key":"Explosive Potion"},{"floor":16.0,"key":"Energy Potion"},{"floor":20.0,"key":"Ancient Potion"},{"floor":21,"key":"Strength Potion"}],"is_trial":false,"path_per_floor":["M","$","?","M","M","R","E","R","T","$","E","M","R","?","R","B",null,"M","?","M","M","M"],"character_chosen":"DEFECT","items_purchased":["Loop","Glacier"],"campfire_rested":0,"item_purchase_floors":[2,10],"current_hp_per_floor":[64,64,64,64,64,64,44,44,44,44,23,23,23,23,23,19,58,28,28,14,3,0],"gold":178,"neow_bonus":"THREE_ENEMY_KILL","is_prod":false,"is_daily":false,"chose_seed":false,"campfire_upgraded":4,"win_rate":0,"timestamp":1558900680,"path_taken":["M","$","?","M","?","R","E","R","T","$","E","M","R","?","R","BOSS","M","?","M","M","M"],"build_version":"2019-01-23","purchased_purges":0,"victory":false,"max_hp_per_floor":[71,71,71,71,71,71,71,71,71,71,71,71,71,71,71,71,71,71,71,71,71,71],"card_choices":[{"not_picked":["Rebound","Recycle"],"picked":"Beam Cell","floor":1.0},{"not_picked":["Stack","Redo"],"picked":"FTL","floor":4.0},{"not_picked":["Leap","Hologram"],"picked":"Steam Power","floor":5.0},{"not_picked":["Fission","Gash"],"picked":"Conserve Battery","floor":7.0},{"not_picked":["Hologram","Steam"],"picked":"Gash","floor":11.0},{"not_picked":["Steam","Steam Power"],"picked":"Gash+1","floor":12.0},{"not_picked":["Multi-Cast","Biased Cognition+1"],"picked":"Electrodynamics+1","floor":16.0},{"not_picked":["Compile Driver+1","Heatsinks+1"],"picked":"Gash+1","floor":18.0},{"not_picked":["Conserve Battery","Redo"],"picked":"Rebound+1","floor":20.0},{"not_picked":["Leap","Aggregate+1"],"picked":"Conserve Battery","floor":21}],"player_experience":731698,"relics_obtained":[{"floor":7.0,"key":"Frozen Egg 2"},{"floor":9.0,"key":"Happy Flower"},{"floor":11.0,"key":"Molten Egg 2"}],"event_choices":[{"damage_healed":0.0,"max_hp_gain":0.0,"max_hp_loss":0.0,"gold_gain":0.0,"event_name":"Accursed Blacksmith","player_choice":"Forge","floor":3.0,"gold_loss":0.0,"damage_taken":0.0,"cards_upgraded":["Zap"]},{"damage_healed":0.0,"max_hp_gain":0.0,"max_hp_loss":0.0,"gold_gain":0.0,"event_name":"Scrap Ooze","player_choice":"Fled","floor":14.0,"gold_loss":0.0,"damage_taken":0.0},{"cards_removed":["Strike_B"],"damage_healed":0.0,"max_hp_gain":0.0,"max_hp_loss":0.0,"gold_gain":0.0,"event_name":"Bonfire Elementals","player_choice":"Offered Basic","floor":19.0,"gold_loss":0.0,"damage_taken":0.0}],"is_beta":false,"boss_relics":[{"not_picked":["Sozu","Ectoplasm"],"picked":"Fusion Hammer"}],"items_purged_floors":[],"is_endless":false,"potions_floor_spawned":[4,7,16,20,21],"killed_by":"3 Cultists","ascension_level":17}