{"gold_per_floor":[110,110,0,20,20,20,51,51,51,79,9,19,19,32,32,127,127,138,14,0,18,35,35,60,60,60,70,84,103,103],"floor_reached":30,"playtime":1714,"items_purged":["Strike_G","Strike_G"],"score":372,"play_id":"bd48443f-26ab-4831-8860-9f1877dc1d2d","local_time":"20190522153925","is_ascension_mode":true,"campfire_choices":[{"data":"Footwork","floor":6,"key":"SMITH"},{"data":"Catalyst","floor":13,"key":"SMITH"},{"floor":15,"key":"REST"},{"floor":23,"key":"REST"},{"floor":25,"key":"REST"}],"neow_cost":"NONE","seed_source_timestamp":316912503748900,"circlet_count":0,"master_deck":["Defend_G","Defend_G","Defend_G","Defend_G","Defend_G","Strike_G","Strike_G","Survivor","Neutralize+1","Backflip","Noxious Fumes+1","Footwork+1","Escape Plan","Eviscerate","Blur","Well Laid Plans","Catalyst+1","Poisoned Stab","Night Terror","Poisoned Stab+1","Backflip","Footwork+1","Bouncing Flask+1","Deflect","Backstab+1","Prepared+1"],"relics":["Ring of the Snake","Potion Belt","PreservedInsect","Art of War","Black Star","Oddly Smooth Stone","Ornamental Fan"],"potions_floor_usage":[18,21,22,28,28],"damage_taken":[{"damage":0,"enemies":"Small Slimes","floor":1,"turns":3},{"damage":1,"enemies":"2 Louse","floor":4,"turns":3},{"damage":0,"enemies":"Lagavulin","floor":7,"turns":9},{"damage":16,"enemies":"3 Sentries","floor":10,"turns":6},{"damage":10,"enemies":"Cultist","floor":12,"turns":6},{"damage":0,"enemies":"Red Slaver","floor":14,"turns":6},{"damage":13,"enemies":"The Guardian","floor":16,"turns":10},{"damage":15,"enemies":"Chosen","floor":18,"turns":7},{"damage":34,"enemies":"3 Byrds","floor":21,"turns":6},{"damage":21,"enemies":"Shelled Parasite and Fungi","floor":22,"turns":6},{"damage":20,"enemies":"Book of Stabbing","floor":24,"turns":6},{"damage":0,"enemies":"Snake Plant","floor":27,"turns":6},{"damage":3,"enemies":"Centurion and Healer","floor":28,"turns":7},{"damage":14,"enemies":"Snecko","floor":29,"turns":5},{"damage":38,"enemies":"Cultist and Chosen","floor":30,"turns":4}],"seed_played":"1272352968841889108","potions_obtained":[{"floor":7,"key":"Fruit Juice"},{"floor":10,"key":"Weak Potion"},{"floor":12,"key":"SteroidPotion"},{"floor":14,"key":"PowerPotion"},{"floor":24,"key":"SkillPotion"},{"floor":27,"key":"AttackPotion"},{"floor":29,"key":"FearPotion"}],"is_trial":false,"path_per_floor":["M","?","$","M","?","R","E","?","T","E","$","M","R","M","R","B",null,"M","$","?","M","M","R","E","R","T","M","M","M","M"],"character_chosen":"THE_SILENT","items_purchased":["Noxious Fumes","Well Laid Plans","Backflip"],"campfire_rested":3,"item_purchase_floors":[3,11,19],"current_hp_per_floor":[70,75,75,74,74,74,74,74,74,58,58,48,48,48,70,57,75,60,60,60,26,10,34,14,38,38,38,35,21,0],"gold":103,"neow_bonus":"UPGRADE_CARD","is_prod":false,"is_daily":false,"chose_seed":false,"campfire_upgraded":2,"win_rate":0,"timestamp":1558532365,"path_taken":["M","?","$","M","?","R","E","?","T","E","$","M","R","?","R","BOSS","M","$","?","M","M","R","E","R","T","M","M","M","M"],"build_version":"2019-05-07","purchased_purges":2,"victory":false,"max_hp_per_floor":[70,75,75,75,75,75,75,75,75,75,75,75,75,75,75,75,75,75,75,75,75,80,80,80,80,80,80,80,80,80],"card_choices":[{"not_picked":["Well Laid Plans","Bane"],"picked":"Backflip","floor":1},{"not_picked":["Calculated Gamble","Flying Knee"],"picked":"Footwork","floor":4},{"not_picked":["Cloak And Dagger","Eviscerate"],"picked":"Escape Plan","floor":7},{"not_picked":["Riddle With Holes","Deflect"],"picked":"Blur","floor":10},{"not_picked":["Poisoned Stab","Bane"],"picked":"Catalyst","floor":12},{"not_picked":["Dash","Dodge and Roll"],"picked":"Poisoned Stab","floor":14},{"not_picked":["Storm of Steel","Envenom"],"picked":"Night Terror","floor":16},{"not_picked":["Dagger Throw","Deflect"],"picked":"Poisoned Stab+1","floor":18},{"not_picked":["Flying Knee","Outmaneuver"],"picked":"Footwork+1","floor":21},{"not_picked":["Underhanded Strike","Footwork"],"picked":"Bouncing Flask+1","floor":22},{"not_picked":["Infinite Blades+1","Wraith Form v2","Acrobatics"],"picked":"SKIP","floor":24},{"not_picked":["Poisoned Stab","Riddle With Holes"],"picked":"Deflect","floor":27},{"not_picked":["Prepared","Blur"],"picked":"Backstab+1","floor":28},{"not_picked":["Bane","Backflip"],"picked":"Prepared+1","floor":29}],"player_experience":319736,"relics_obtained":[{"floor":7,"key":"Potion Belt"},{"floor":9,"key":"PreservedInsect"},{"floor":10,"key":"Art of War"},{"floor":24,"key":"Oddly Smooth Stone"},{"floor":24,"key":"Ornamental Fan"}],"event_choices":[{"damage_healed":0,"gold_gain":0,"player_choice":"Donut","damage_taken":0,"max_hp_gain":5,"max_hp_loss":0,"event_name":"Big Fish","floor":2,"gold_loss":0},{"damage_healed":0,"gold_gain":0,"player_choice":"Grow","damage_taken":0,"max_hp_gain":0,"max_hp_loss":0,"event_name":"Living Wall","floor":5,"gold_loss":0,"cards_upgraded":["Noxious Fumes"]},{"damage_healed":0,"gold_gain":0,"cards_transformed":["Strike_G"],"player_choice":"Transformed","damage_taken":0,"max_hp_gain":0,"max_hp_loss":0,"event_name":"Transmorgrifier","floor":8,"gold_loss":0,"cards_obtained":["Eviscerate"]},{"damage_healed":0,"gold_gain":0,"player_choice":"Paid Fearfully","damage_taken":0,"max_hp_gain":0,"max_hp_loss":0,"event_name":"Masked Bandits","floor":20,"gold_loss":14}],"is_beta":true,"boss_relics":[{"not_picked":["Snecko Eye","Cursed Key"],"picked":"Black Star"}],"items_purged_floors":[3,19],"is_endless":false,"potions_floor_spawned":[7,10,12,14,24,27,29],"killed_by":"Cultist and Chosen","ascension_level":4}