{"gold_per_floor":[110,60,75,2,18,18,43,43,123,123,133,17,192,222,222,327,327,347,358,373,35,310,310,330,330,330,344,344,354,53,53,53,148,148,163,176,101,0,100,100,113,143,143,170,219,237,290,306,306,306],"floor_reached":50,"playtime":2857,"items_purged":["Strike_R"],"score":775,"play_id":"4d51ea47-4e6f-4da1-abf5-fde66d64a010","local_time":"20190407191146","is_ascension_mode":true,"campfire_choices":[{"data":"Corruption","floor":6.0,"key":"SMITH"},{"data":"Bash","floor":8.0,"key":"SMITH"},{"data":"Demon Form","floor":10.0,"key":"SMITH"},{"data":"Armaments","floor":15.0,"key":"SMITH"},{"floor":23.0,"key":"REST"},{"data":"Whirlwind","floor":25.0,"key":"SMITH"},{"data":"Disarm","floor":28.0,"key":"SMITH"},{"data":"Exhume","floor":32.0,"key":"SMITH"},{"floor":40.0,"key":"REST"},{"floor":49.0,"key":"RECALL"}],"neow_cost":"NONE","seed_source_timestamp":32587561824439,"circlet_count":0,"master_deck":["AscendersBane","Strike_R","Defend_R","Defend_R","Defend_R","Defend_R","Bash+1","Anger","Corruption+1","Rampage","Thunderclap","Demon Form+1","Shrug It Off","Whirlwind+1","Armaments+1","Fiend Fire","Disarm+1","Shrug It Off","Exhume+1","Pommel Strike","Wild Strike","Offering","Armaments+1","Shrug It Off","Heavy Blade+1","Clothesline+1","Sword Boomerang+1","Doubt","Shockwave","Feel No Pain","Parasite","Juggernaut","Parasite"],"special_seed":0,"relics":["Burning Blood","Bag of Marbles","Omamori","Question Card","Juzu Bracelet","Philosopher\u0027s Stone","Chemical X","Vajra","Lee\u0027s Waffle","Cursed Key","Red Mask","Charon\u0027s Ashes","PreservedInsect","Bottled Flame","The Courier","StoneCalendar","Red Skull"],"potions_floor_usage":[50],"damage_taken":[{"damage":9.0,"enemies":"Jaw Worm","floor":1.0,"turns":3.0},{"damage":1.0,"enemies":"2 Louse","floor":3.0,"turns":2.0},{"damage":11.0,"enemies":"Small Slimes","floor":5.0,"turns":4.0},{"damage":25.0,"enemies":"Lagavulin","floor":7.0,"turns":7.0},{"damage":2.0,"enemies":"2 Fungi Beasts","floor":11.0,"turns":3.0},{"damage":35.0,"enemies":"The Guardian","floor":16.0,"turns":10.0},{"damage":28.0,"enemies":"Spheric Guardian","floor":18.0,"turns":5.0},{"damage":14.0,"enemies":"3 Byrds","floor":19.0,"turns":5.0},{"damage":16.0,"enemies":"Snecko","floor":20.0,"turns":5.0},{"damage":2.0,"enemies":"Chosen and Byrds","floor":24.0,"turns":3.0},{"damage":10.0,"enemies":"Shelled Parasite and Fungi","floor":27.0,"turns":3.0},{"damage":24.0,"enemies":"Snake Plant","floor":29.0,"turns":4.0},{"damage":10.0,"enemies":"Champ","floor":33.0,"turns":8.0},{"damage":6.0,"enemies":"3 Shapes","floor":35.0,"turns":1.0},{"damage":27.0,"enemies":"3 Darklings","floor":36.0,"turns":4.0},{"damage":6.0,"enemies":"Mind Bloom Boss Battle","floor":39.0,"turns":5.0},{"damage":0.0,"enemies":"Transient","floor":41.0,"turns":5.0},{"damage":19.0,"enemies":"Nemesis","floor":42.0,"turns":7.0},{"damage":14.0,"enemies":"Giant Head","floor":44.0,"turns":4.0},{"damage":18.0,"enemies":"2 Orb Walkers","floor":45.0,"turns":2.0},{"damage":16.0,"enemies":"Writhing Mass","floor":46.0,"turns":5.0},{"damage":14.0,"enemies":"Sphere and 2 Shapes","floor":48.0,"turns":4.0},{"damage":42,"enemies":"Donu and Deca","floor":50,"turns":2}],"seed_played":"-5722244787476708619","potions_obtained":[{"floor":7.0,"key":"Strength Potion"},{"floor":11.0,"key":"Weak Potion"},{"floor":18.0,"key":"Fire Potion"},{"floor":19.0,"key":"EssenceOfSteel"},{"floor":20.0,"key":"EssenceOfSteel"},{"floor":33.0,"key":"LiquidBronze"},{"floor":39.0,"key":"AttackPotion"},{"floor":41.0,"key":"EssenceOfSteel"},{"floor":44.0,"key":"FearPotion"},{"floor":46.0,"key":"Explosive Potion"}],"is_trial":false,"path_per_floor":["M","?","M","$","M","R","E","R","T","R","M","$","?","?","R","B",null,"M","M","M","$","?","R","M","R","T","M","R","M","$","?","R","B",null,"M","M","$","?","?","R","M","E","T","E","?","M","T","M","R","B"],"character_chosen":"IRONCLAD","items_purchased":["Rampage","Whirlwind","Armaments","Chemical X","Vajra","Lee\u0027s Waffle","Strength Potion","Dexterity Potion"],"campfire_rested":2,"item_purchase_floors":[4,12,12,21,21,30,30,30],"current_hp_per_floor":[69,69,74,74,69,69,50,50,50,50,54,54,54,54,54,25,66,44,36,26,26,26,50,54,54,54,50,50,32,87,87,87,83,86,86,65,65,65,65,87,87,74,74,66,54,44,44,36,36,0],"gold":306,"neow_bonus":"RANDOM_COMMON_RELIC","is_prod":false,"is_daily":false,"chose_seed":false,"campfire_upgraded":7,"win_rate":0,"timestamp":1554657106,"path_taken":["M","?","M","$","M","R","E","R","T","R","M","?","?","?","R","BOSS","M","M","M","$","?","R","M","R","T","M","R","M","$","?","R","BOSS","M","M","$","?","?","R","M","E","T","E","?","M","?","M","R","BOSS"],"build_version":"2019-01-23","purchased_purges":1,"victory":false,"max_hp_per_floor":[80,80,80,80,80,80,80,80,80,80,80,80,80,80,80,80,80,80,80,80,80,80,80,80,80,80,80,80,80,87,87,87,87,87,87,87,87,87,87,87,87,87,87,87,87,87,87,87,87,87],"card_choices":[{"not_picked":["Twin Strike","Shrug It Off"],"picked":"Anger","floor":1.0},{"not_picked":["Warcry","Sword Boomerang"],"picked":"Corruption","floor":3.0},{"not_picked":["Rage","Havoc"],"picked":"Thunderclap","floor":5.0},{"not_picked":["Clothesline","Fire Breathing"],"picked":"Demon Form","floor":7.0},{"not_picked":["Iron Wave","Armaments","Cleave"],"picked":"Shrug It Off","floor":11.0},{"not_picked":["Dark Embrace","Demon Form","Exhume"],"picked":"Fiend Fire","floor":16.0},{"not_picked":["Power Through","Sword Boomerang","Warcry"],"picked":"Disarm","floor":18.0},{"not_picked":["Armaments","Sever Soul","Body Slam","Carnage"],"picked":"SKIP","floor":19.0},{"not_picked":["Burning Pact+1","Clash","Carnage","Cleave+1"],"picked":"SKIP","floor":20.0},{"not_picked":["Fire Breathing+1","Body Slam+1","Flex"],"picked":"Shrug It Off","floor":24.0},{"not_picked":["Havoc","Headbutt","Second Wind"],"picked":"Exhume","floor":27.0},{"not_picked":["Iron Wave","Heavy Blade","Clash+1","Rage+1"],"picked":"SKIP","floor":29.0},{"not_picked":["Double Tap","Feed","Fiend Fire"],"picked":"Offering","floor":33.0},{"not_picked":["Second Wind","Thunderclap","Combust"],"picked":"Armaments+1","floor":35.0},{"not_picked":["Anger+1","Juggernaut","Clash+1"],"picked":"Shrug It Off","floor":36.0},{"not_picked":["Armaments","Battle Trance","Reckless Charge+1"],"picked":"Heavy Blade+1","floor":39.0},{"not_picked":["Carnage+1","Flex","Pommel Strike"],"picked":"Clothesline+1","floor":41.0},{"not_picked":["Thunderclap+1","Blood for Blood","Second Wind"],"picked":"Sword Boomerang+1","floor":42.0},{"not_picked":["Warcry+1","Twin Strike+1","Hemokinesis+1"],"picked":"Shockwave","floor":44.0},{"not_picked":["Carnage+1","Iron Wave+1","Second Wind+1"],"picked":"Feel No Pain","floor":45.0},{"not_picked":["Evolve+1","Burning Pact+1","Seeing Red"],"picked":"Juggernaut","floor":46.0},{"not_picked":["Anger","Armaments","Hemokinesis+1","Clothesline"],"picked":"SKIP","floor":48.0}],"player_experience":103880,"relics_obtained":[{"floor":7.0,"key":"Omamori"},{"floor":9.0,"key":"Question Card"},{"floor":39.0,"key":"Charon\u0027s Ashes"},{"floor":42.0,"key":"PreservedInsect"},{"floor":43.0,"key":"Bottled Flame"},{"floor":44.0,"key":"The Courier"},{"floor":45.0,"key":"StoneCalendar"},{"floor":47.0,"key":"Red Skull"}],"event_choices":[{"cards_removed":["Strike_R"],"damage_healed":0.0,"max_hp_gain":0.0,"max_hp_loss":0.0,"gold_gain":0.0,"event_name":"The Cleric","player_choice":"Card Removal","floor":2.0,"gold_loss":50.0,"damage_taken":0.0},{"damage_healed":0.0,"max_hp_gain":0.0,"max_hp_loss":0.0,"gold_gain":175.0,"event_name":"Liars Game","player_choice":"AGREE","floor":13.0,"gold_loss":0.0,"damage_taken":0.0,"cards_obtained":["Doubt"]},{"damage_healed":0.0,"max_hp_gain":0.0,"max_hp_loss":0.0,"gold_gain":30.0,"event_name":"Dead Adventurer","player_choice":"Searched \u00272\u0027 times","floor":14.0,"gold_loss":0.0,"damage_taken":0.0,"relics_obtained":["Juzu Bracelet"]},{"damage_healed":0.0,"max_hp_gain":0.0,"max_hp_loss":0.0,"gold_gain":275.0,"event_name":"Golden Shrine","player_choice":"Desecrate","floor":22.0,"gold_loss":0.0,"damage_taken":0.0,"cards_obtained":["Regret"]},{"damage_healed":0.0,"max_hp_gain":0.0,"max_hp_loss":0.0,"gold_gain":0.0,"cards_transformed":["Strike_R","Strike_R"],"event_name":"Drug Dealer","player_choice":"Became Test Subject","floor":31.0,"gold_loss":0.0,"damage_taken":0.0,"cards_obtained":["Pommel Strike","Wild Strike"]},{"damage_healed":0.0,"max_hp_gain":0.0,"max_hp_loss":0.0,"gold_gain":0.0,"event_name":"Tomb of Lord Red Mask","player_choice":"Paid","floor":38.0,"gold_loss":101.0,"damage_taken":0.0,"relics_obtained":["Red Mask"]},{"damage_healed":0.0,"max_hp_gain":0.0,"max_hp_loss":0.0,"gold_gain":0.0,"event_name":"MindBloom","player_choice":"Fight","floor":39.0,"gold_loss":0.0,"damage_taken":0.0},{"damage_healed":0.0,"max_hp_gain":0.0,"max_hp_loss":0.0,"gold_gain":0.0,"event_name":"Mysterious Sphere","player_choice":"Fight","floor":45.0,"gold_loss":0.0,"damage_taken":0.0}],"is_beta":false,"boss_relics":[{"not_picked":["Orrery","Black Blood"],"picked":"Philosopher\u0027s Stone"},{"not_picked":["Pandora\u0027s Box","Calling Bell"],"picked":"Cursed Key"}],"items_purged_floors":[37],"is_endless":false,"potions_floor_spawned":[7,11,18,19,20,33,39,41,44,46],"killed_by":"Donu and Deca","ascension_level":10}