{"gold_per_floor":[118,118,118,1,101,126,23,35,88,104,118,24,24],"floor_reached":13,"playtime":497,"items_purged":[],"score":108,"play_id":"a3e88546-78d1-41d6-9873-06130293251e","local_time":"20190602194825","is_ascension_mode":false,"campfire_choices":[],"neow_cost":"NONE","seed_source_timestamp":64820928345580,"circlet_count":0,"master_deck":["Strike_R","Strike_R","Strike_R","Strike_R","Strike_R","Defend_R","Defend_R","Defend_R","Defend_R","Bash","Heavy Blade","Inflame","Body Slam","Wild Strike","Evolve","Body Slam","True Grit","Ghostly Armor","Enlightenment"],"relics":["Burning Blood","NeowsBlessing","Lantern","Regal Pillow"],"potions_floor_usage":[],"damage_taken":[{"damage":0,"enemies":"2 Louse","floor":1,"turns":1},{"damage":0,"enemies":"Lagavulin","floor":6,"turns":1},{"damage":0,"enemies":"Jaw Worm","floor":8,"turns":1},{"damage":1,"enemies":"Cultist","floor":10,"turns":3},{"damage":18,"enemies":"Lots of Slimes","floor":11,"turns":5},{"damage":5,"enemies":"3 Louse","floor":13,"turns":2}],"seed_played":"-3771420251835619341","potions_obtained":[{"floor":10,"key":"GamblersBrew"}],"is_trial":false,"path_per_floor":["M","?","?","$","?","E","$","M","T","M","M","$","M"],"character_chosen":"IRONCLAD","items_purchased":["Inflame","Body Slam","Evolve","Body Slam","Enlightenment"],"campfire_rested":0,"item_purchase_floors":[4,4,7,7,12],"current_hp_per_floor":[80,80,80,80,80,80,80,80,80,80,68,68,63],"gold":24,"neow_bonus":"THREE_ENEMY_KILL","is_prod":false,"is_daily":false,"chose_seed":false,"campfire_upgraded":0,"win_rate":0,"timestamp":1559519305,"path_taken":["M","?","?","$","?","E","$","M","T","M","M","$","?"],"build_version":"2019-01-23","purchased_purges":0,"victory":false,"max_hp_per_floor":[80,80,80,80,80,80,80,80,80,80,80,80,80],"card_choices":[{"not_picked":["Clash","Battle Trance"],"picked":"Heavy Blade","floor":1},{"not_picked":["Cleave","Hemokinesis"],"picked":"Wild Strike","floor":6},{"not_picked":["Headbutt","Warcry"],"picked":"True Grit","floor":8},{"not_picked":["Searing Blow","Bloodletting","Uppercut"],"picked":"SKIP","floor":10},{"not_picked":["Corruption","Clothesline"],"picked":"Ghostly Armor","floor":11}],"player_experience":47456,"relics_obtained":[{"floor":6,"key":"Lantern"},{"floor":9,"key":"Regal Pillow"}],"event_choices":[{"damage_healed":0,"gold_gain":0,"player_choice":"Leave","damage_taken":0,"max_hp_gain":0,"max_hp_loss":0,"event_name":"The Cleric","floor":2,"gold_loss":0},{"damage_healed":0,"gold_gain":0,"player_choice":"Ignored","damage_taken":0,"max_hp_gain":0,"max_hp_loss":0,"event_name":"Golden Idol","floor":3,"gold_loss":0},{"damage_healed":0,"gold_gain":100,"player_choice":"Pray","damage_taken":0,"max_hp_gain":0,"max_hp_loss":0,"event_name":"Golden Shrine","floor":5,"gold_loss":0}],"is_beta":false,"boss_relics":[],"items_purged_floors":[],"is_endless":false,"potions_floor_spawned":[10],"killed_by":"3 Louse","ascension_level":0}