{"gold_per_floor":[368,37,37,47,47,81,81,91,118,118,146,246,260,280,280,381,381,391,391,391,61,61,94,94,94,121,156,168,183,183,202,202,304,304,321,421,344,362,362,362],"floor_reached":40,"playtime":2503,"items_purged":[],"score":698,"play_id":"f424f0bd-3c9c-4c63-8308-2c02f256851a","local_time":"20190603075610","is_ascension_mode":true,"campfire_choices":[{"floor":7.0,"key":"REST"},{"floor":10.0,"key":"REST"},{"floor":15.0,"key":"REST"},{"floor":24.0,"key":"REST"},{"floor":30.0,"key":"REST"},{"data":"Blur","floor":32.0,"key":"SMITH"}],"neow_cost":"TEN_PERCENT_HP_LOSS","seed_source_timestamp":89312577029200,"circlet_count":0,"master_deck":["AscendersBane","Defend_G+1","Defend_G+1","Defend_G+1","Defend_G+1","Defend_G+1","Strike_G+1","Strike_G+1","Strike_G+1","Strike_G+1","Survivor","Neutralize","Blur+1","Backflip","Well Laid Plans+1","Caltrops+1","Footwork+1","Adrenaline","Deadly Poison","Crippling Poison","PiercingWail","Deflect+1","Calculated Gamble+1","Bouncing Flask","Deflect+1","Caltrops+1","Quick Slash+1","Outmaneuver+1","Deadly Poison","Burst","Prepared+1","Venomology+1","Adrenaline+1","Well Laid Plans+1","Caltrops+1","Escape Plan","Flying Knee+1"],"special_seed":0,"relics":["Ring of the Snake","Frozen Egg 2","Snake Skull","Blood Vial","Oddly Smooth Stone","Orrery","Dream Catcher","Anchor","Mummified Hand","Paper Crane","War Paint","Gambling Chip","Astrolabe","Tough Bandages"],"potions_floor_usage":[40,40,40,40],"damage_taken":[{"damage":0.0,"enemies":"2 Louse","floor":1.0,"turns":3.0},{"damage":8.0,"enemies":"Cultist","floor":4.0,"turns":6.0},{"damage":51.0,"enemies":"Lagavulin","floor":6.0,"turns":10.0},{"damage":0.0,"enemies":"Jaw Worm","floor":8.0,"turns":7.0},{"damage":29.0,"enemies":"3 Sentries","floor":11.0,"turns":11.0},{"damage":2.0,"enemies":"Red Slaver","floor":13.0,"turns":5.0},{"damage":0.0,"enemies":"Large Slime","floor":14.0,"turns":11.0},{"damage":21.0,"enemies":"The Guardian","floor":16.0,"turns":17.0},{"damage":18.0,"enemies":"3 Byrds","floor":18.0,"turns":4.0},{"damage":9.0,"enemies":"Slavers","floor":23.0,"turns":7.0},{"damage":23.0,"enemies":"Gremlin Leader","floor":27.0,"turns":10.0},{"damage":0.0,"enemies":"Spheric Guardian","floor":28.0,"turns":5.0},{"damage":2.0,"enemies":"Chosen and Byrds","floor":29.0,"turns":6.0},{"damage":0.0,"enemies":"Cultist and Chosen","floor":31.0,"turns":5.0},{"damage":35.0,"enemies":"Automaton","floor":33.0,"turns":12.0},{"damage":11.0,"enemies":"Orb Walker","floor":35.0,"turns":4.0},{"damage":0.0,"enemies":"Mind Bloom Boss Battle","floor":36.0,"turns":7.0},{"damage":2.0,"enemies":"3 Darklings","floor":38.0,"turns":4.0},{"damage":72,"enemies":"Giant Head","floor":40,"turns":11}],"seed_played":"995623072424441801","potions_obtained":[{"floor":3.0,"key":"Swift Potion"},{"floor":3.0,"key":"SpeedPotion"},{"floor":3.0,"key":"Strength Potion"},{"floor":4.0,"key":"Strength Potion"},{"floor":8.0,"key":"GamblersBrew"},{"floor":14.0,"key":"SteroidPotion"},{"floor":16.0,"key":"FearPotion"},{"floor":18.0,"key":"Strength Potion"},{"floor":23.0,"key":"GhostInAJar"},{"floor":29.0,"key":"Energy Potion"},{"floor":35.0,"key":"AttackPotion"},{"floor":36.0,"key":"Swift Potion"}],"is_trial":false,"path_per_floor":["M","$","?","M","$","E","R","M","T","R","E","?","M","M","R","B",null,"M","T","?","$","?","E","R","?","T","E","M","M","R","M","R","B",null,"M","?","$","M","?","E"],"character_chosen":"THE_SILENT","items_purchased":["Frozen Egg 2","Blur","Bouncing Flask","Mummified Hand","Escape Plan"],"campfire_rested":5,"item_purchase_floors":[2,2,21,21,37],"current_hp_per_floor":[63,63,63,55,55,4,22,22,22,40,13,13,13,15,33,14,51,35,35,35,35,35,28,46,46,46,25,27,27,45,47,47,14,51,42,59,59,59,59,0],"gold":362,"neow_bonus":"TWO_FIFTY_GOLD","is_prod":false,"is_daily":false,"chose_seed":false,"campfire_upgraded":1,"win_rate":0,"timestamp":1559573770,"path_taken":["M","$","?","M","$","E","R","?","T","R","E","?","M","M","R","BOSS","M","?","?","$","?","E","R","?","T","E","M","M","R","M","R","BOSS","M","?","$","M","?","E"],"build_version":"2019-01-23","purchased_purges":0,"victory":false,"max_hp_per_floor":[63,63,63,63,63,63,63,63,63,63,63,63,63,63,63,63,63,63,63,63,63,63,63,63,63,63,63,63,63,63,63,63,63,63,63,63,63,63,63,63],"card_choices":[{"not_picked":["Underhanded Strike","Flying Knee"],"picked":"Deflect","floor":1.0},{"not_picked":["Prepared","Acrobatics"],"picked":"Backflip","floor":4.0},{"not_picked":["Blade Dance","Poisoned Stab"],"picked":"Well Laid Plans+1","floor":6.0},{"not_picked":["Dagger Spray","Dash"],"picked":"Caltrops+1","floor":8.0},{"not_picked":["Backflip","Predator","Cloak And Dagger"],"picked":"SKIP","floor":11.0},{"not_picked":["Slice","Flying Knee"],"picked":"Footwork+1","floor":13.0},{"not_picked":["Venomology","Expertise","Acrobatics"],"picked":"SKIP","floor":14.0},{"not_picked":["Bullet Time","Phantasmal Killer"],"picked":"Adrenaline","floor":16.0},{"not_picked":["Finisher","Backstab"],"picked":"Deadly Poison","floor":17.0},{"not_picked":["Choke","Expertise"],"picked":"Crippling Poison","floor":17.0},{"not_picked":["Slice","Blade Dance"],"picked":"PiercingWail","floor":17.0},{"not_picked":["Flying Knee","Skewer"],"picked":"Deflect","floor":17.0},{"not_picked":["Skewer","Underhanded Strike"],"picked":"Calculated Gamble","floor":17.0},{"not_picked":["Backflip","Cloak And Dagger","Infinite Blades+1"],"picked":"SKIP","floor":18.0},{"not_picked":["Finisher","Sucker Punch"],"picked":"Deflect+1","floor":23.0},{"not_picked":["Cloak And Dagger","Deadly Poison"],"picked":"Caltrops+1","floor":27.0},{"not_picked":["Reflex","Acrobatics"],"picked":"Quick Slash+1","floor":28.0},{"not_picked":["Backflip","Calculated Gamble+1"],"picked":"Outmaneuver+1","floor":29.0},{"not_picked":["Deflect","Dagger Spray"],"picked":"Slice+1","floor":30.0},{"not_picked":["Slice","Backflip"],"picked":"Deadly Poison","floor":31.0},{"not_picked":["Storm of Steel","Tools of the Trade+1"],"picked":"Burst","floor":33.0},{"not_picked":["Slice+1","Escape Plan"],"picked":"Well Laid Plans+1","floor":35.0},{"not_picked":["Choke","Leg Sweep"],"picked":"Caltrops+1","floor":36.0},{"not_picked":["Expertise+1","Tactician+1"],"picked":"Flying Knee+1","floor":38.0}],"player_experience":237654,"relics_obtained":[{"floor":6.0,"key":"Snake Skull"},{"floor":9.0,"key":"Blood Vial"},{"floor":11.0,"key":"Oddly Smooth Stone"},{"floor":19.0,"key":"Dream Catcher"},{"floor":23.0,"key":"Paper Crane"},{"floor":26.0,"key":"War Paint"},{"floor":27.0,"key":"Gambling Chip"},{"floor":36.0,"key":"Tough Bandages"}],"event_choices":[{"damage_healed":0.0,"max_hp_gain":0.0,"max_hp_loss":0.0,"gold_gain":0.0,"event_name":"Lab","player_choice":"Got Potions","floor":3.0,"gold_loss":0.0,"damage_taken":0.0},{"damage_healed":0.0,"max_hp_gain":0.0,"max_hp_loss":0.0,"gold_gain":100.0,"event_name":"Golden Shrine","player_choice":"Pray","floor":12.0,"gold_loss":0.0,"damage_taken":0.0},{"damage_healed":0.0,"max_hp_gain":0.0,"max_hp_loss":0.0,"gold_gain":0.0,"event_name":"The Mausoleum","player_choice":"Opened","floor":20.0,"gold_loss":0.0,"damage_taken":0.0,"relics_obtained":["Anchor"]},{"damage_healed":0.0,"max_hp_gain":0.0,"max_hp_loss":0.0,"gold_gain":0.0,"event_name":"Back to Basics","player_choice":"Simplicity","floor":22.0,"gold_loss":0.0,"damage_taken":0.0,"cards_upgraded":["Defend_G","Defend_G","Defend_G","Defend_G","Defend_G","Strike_G","Strike_G","Strike_G","Strike_G","Strike_G"]},{"damage_healed":0.0,"max_hp_gain":0.0,"max_hp_loss":0.0,"gold_gain":0.0,"event_name":"The Woman in Blue","player_choice":"Bought 0 Potions","floor":25.0,"gold_loss":0.0,"damage_taken":0.0},{"damage_healed":0.0,"max_hp_gain":0.0,"max_hp_loss":0.0,"gold_gain":0.0,"event_name":"MindBloom","player_choice":"Fight","floor":36.0,"gold_loss":0.0,"damage_taken":0.0},{"damage_healed":0.0,"max_hp_gain":0.0,"max_hp_loss":0.0,"gold_gain":0.0,"event_name":"Tomb of Lord Red Mask","player_choice":"Ignored","floor":39.0,"gold_loss":0.0,"damage_taken":0.0}],"is_beta":false,"boss_relics":[{"not_picked":["Cursed Key","Empty Cage"],"picked":"Orrery"},{"not_picked":["WristBlade","Runic Dome"],"picked":"Astrolabe"}],"items_purged_floors":[],"is_endless":false,"potions_floor_spawned":[4,8,14,16,18,23,29,31,35,36],"killed_by":"Giant Head","ascension_level":10}