{"gold_per_floor":[119,294,294,306,256,256,4,4,31,59,59,94,108,127,127,229,229,240,16,32,32,42,42,60,78,108,124,143,154,165,57,57,57],"floor_reached":33,"playtime":4199,"items_purged":[],"score":329,"play_id":"adb6aed5-1097-4734-a165-327d7699b31d","local_time":"20181027200647","is_ascension_mode":true,"campfire_choices":[{"data":"Neutralize","floor":6,"key":"SMITH"},{"data":"Noxious Fumes","floor":8,"key":"SMITH"},{"data":"After Image","floor":15,"key":"SMITH"},{"data":"After Image","floor":23,"key":"SMITH"},{"floor":32,"key":"REST"}],"neow_cost":"NONE","seed_source_timestamp":821797856010701,"circlet_count":0,"master_deck":["Defend_G","Defend_G","Defend_G+1","Defend_G+1","Defend_G","Strike_G","Strike_G","Strike_G","Survivor","Neutralize+1","Riddle With Holes","Doubt","Noxious Fumes+1","Blade Dance","Terror","After Image+1","Bane","After Image+1","Backstab","Deadly Poison","Bouncing Flask","Dagger Spray","Dodge and Roll+1","PiercingWail","Dodge and Roll","Poisoned Stab+1","Deflect","Burst","Dagger Throw+1","Expertise","Catalyst"],"relics":["Ring of the Snake","NeowsBlessing","Strange Spoon","Happy Flower","Juzu Bracelet","War Paint","Orrery","Blood Vial","Tiny Chest"],"potions_floor_usage":[12,16,16,24,25,27,28,33,33],"damage_taken":[{"damage":0,"enemies":"Jaw Worm","floor":1,"turns":1},{"damage":0,"enemies":"2 Louse","floor":4,"turns":1},{"damage":0,"enemies":"Gremlin Nob","floor":10,"turns":1},{"damage":22,"enemies":"3 Sentries","floor":12,"turns":5},{"damage":0,"enemies":"Cultist","floor":13,"turns":4},{"damage":0,"enemies":"2 Fungi Beasts","floor":14,"turns":2},{"damage":8,"enemies":"Hexaghost","floor":16,"turns":11},{"damage":0,"enemies":"3 Byrds","floor":18,"turns":6},{"damage":6,"enemies":"Chosen","floor":20,"turns":4},{"damage":11,"enemies":"Shelled Parasite and Fungi","floor":22,"turns":6},{"damage":18,"enemies":"Centurion and Healer","floor":24,"turns":9},{"damage":18,"enemies":"Snake Plant","floor":25,"turns":5},{"damage":2,"enemies":"Shelled Parasite and Fungi","floor":27,"turns":8},{"damage":6,"enemies":"Centurion and Healer","floor":28,"turns":6},{"damage":19,"enemies":"Snake Plant","floor":29,"turns":6},{"damage":8,"enemies":"Shelled Parasite and Fungi","floor":30,"turns":7},{"damage":43,"enemies":"Automaton","floor":33,"turns":6}],"seed_played":"-1885653434547392905","potions_obtained":[{"floor":1,"key":"EssenceOfSteel"},{"floor":10,"key":"Poison Potion"},{"floor":14,"key":"Swift Potion"},{"floor":16,"key":"Explosive Potion"},{"floor":18,"key":"SteroidPotion"},{"floor":25,"key":"Ancient Potion"},{"floor":27,"key":"Fruit Juice"},{"floor":30,"key":"FearPotion"}],"is_trial":false,"path_per_floor":["M","?","?","M","?","R","$","R","T","E","$","E","M","M","R","B",null,"M","$","M","?","M","R","M","M","T","M","M","M","M","$","R"],"character_chosen":"THE_SILENT","items_purchased":["Strange Spoon","Blade Dance","PiercingWail","Blood Vial","Dodge and Roll","Catalyst","GhostInAJar"],"campfire_rested":1,"item_purchase_floors":[7,7,19,19,19,31,31],"current_hp_per_floor":[70,70,70,70,70,70,70,70,70,70,70,48,48,48,48,40,70,70,70,64,64,55,55,39,23,23,23,24,7,1,1,23,0],"gold":57,"neow_bonus":"THREE_ENEMY_KILL","is_prod":false,"is_daily":false,"chose_seed":false,"campfire_upgraded":4,"win_rate":0,"timestamp":1540663607,"path_taken":["M","?","?","?","?","R","$","R","T","E","?","E","M","M","R","BOSS","M","$","M","?","M","R","M","M","T","M","M","M","M","$","R","BOSS"],"build_version":"2018-10-25v2","purchased_purges":0,"victory":false,"max_hp_per_floor":[70,70,70,70,70,70,70,70,70,70,70,70,70,70,70,70,70,70,70,70,70,70,70,70,70,70,70,75,75,75,75,75,75],"card_choices":[{"not_picked":["Catalyst","Sucker Punch"],"picked":"Riddle With Holes","floor":1},{"not_picked":["Sucker Punch","Setup"],"picked":"Noxious Fumes","floor":4},{"not_picked":["Concentrate","Bane"],"picked":"Terror","floor":10},{"not_picked":["Sucker Punch","Dagger Spray"],"picked":"After Image","floor":12},{"not_picked":["Quick Slash","Blade Dance","Dagger Throw"],"picked":"SKIP","floor":13},{"not_picked":["Tactician","Calculated Gamble"],"picked":"Bane","floor":14},{"not_picked":["Unload","Night Terror"],"picked":"After Image","floor":16},{"not_picked":["Sucker Punch","Reflex"],"picked":"Backstab","floor":17},{"not_picked":["Expertise","Sucker Punch"],"picked":"Deadly Poison","floor":17},{"not_picked":["Slice","Accuracy"],"picked":"Bouncing Flask","floor":17},{"not_picked":["Heel Hook","Infinite Blades"],"picked":"Dagger Spray","floor":17},{"not_picked":["Dash","Underhanded Strike"],"picked":"Dodge and Roll+1","floor":18},{"not_picked":["Slice","Dagger Spray"],"picked":"Poisoned Stab+1","floor":20},{"not_picked":["Flying Knee","Poisoned Stab+1"],"picked":"Deflect","floor":22},{"not_picked":["Bane","Dagger Spray","Poisoned Stab"],"picked":"SKIP","floor":24},{"not_picked":["Well Laid Plans","Dodge and Roll"],"picked":"Burst","floor":25},{"not_picked":["Deadly Poison","Distraction"],"picked":"Dagger Throw+1","floor":27},{"not_picked":["Dagger Throw","Flying Knee"],"picked":"Expertise","floor":28},{"not_picked":["Poisoned Stab","Outmaneuver","PiercingWail"],"picked":"SKIP","floor":29},{"not_picked":["Masterful Stab+1","Blade Dance","Eviscerate"],"picked":"SKIP","floor":30}],"player_experience":161154,"relics_obtained":[{"floor":9,"key":"Happy Flower"},{"floor":10,"key":"Juzu Bracelet"},{"floor":12,"key":"War Paint"},{"floor":26,"key":"Tiny Chest"}],"event_choices":[{"damage_healed":0,"gold_gain":175,"player_choice":"AGREE","damage_taken":0,"max_hp_gain":0,"max_hp_loss":0,"event_name":"Liars Game","floor":2,"gold_loss":0,"cards_obtained":["Doubt"]},{"damage_healed":0,"gold_gain":0,"player_choice":"Ignored","damage_taken":0,"max_hp_gain":0,"max_hp_loss":0,"event_name":"Shining Light","floor":3,"gold_loss":0},{"cards_removed":["Strike_G"],"damage_healed":0,"gold_gain":0,"player_choice":"Card Removal","damage_taken":0,"max_hp_gain":0,"max_hp_loss":0,"event_name":"The Cleric","floor":5,"gold_loss":50},{"cards_removed":["Strike_G"],"damage_healed":0,"gold_gain":0,"player_choice":"Elegance","damage_taken":0,"max_hp_gain":0,"max_hp_loss":0,"event_name":"Back to Basics","floor":21,"gold_loss":0}],"is_beta":false,"boss_relics":[{"not_picked":["Coffee Dripper","WristBlade"],"picked":"Orrery"}],"items_purged_floors":[],"is_endless":false,"potions_floor_spawned":[1,10,14,16,18,25,27,30],"killed_by":"Automaton","ascension_level":3}