{"gold_per_floor":[119,119,119,136,154,154,173,173,173,191,219,219,232,258,258,335,335,349,399,417,432,446,446,471,484,484,139,158,158,158,174,174,250,250,260,1,1,1,13,13,47,65,65,96,7,26,26,45,45,45],"floor_reached":50,"playtime":3586,"items_purged":["Strike_R","Strike_R"],"score":1122,"play_id":"4f3f4685-bdac-45aa-a3df-f2d914c0fc75","local_time":"20190515122237","is_ascension_mode":true,"campfire_choices":[{"data":"Hemokinesis","floor":6.0,"key":"SMITH"},{"data":"Shrug It Off","floor":8.0,"key":"SMITH"},{"data":"Bash","floor":12.0,"key":"SMITH"},{"floor":15.0,"key":"REST"},{"floor":23.0,"key":"REST"},{"floor":29.0,"key":"REST"},{"data":"Flex","floor":32.0,"key":"SMITH"},{"data":"Flame Barrier","floor":40.0,"key":"SMITH"},{"floor":49.0,"key":"REST"}],"neow_cost":"TEN_PERCENT_HP_LOSS","seed_source_timestamp":10633768611077,"circlet_count":0,"master_deck":["AscendersBane","Strike_R+1","Defend_R","Defend_R","Defend_R","Defend_R+1","Bash+1","Clothesline","Shrug It Off+1","Hemokinesis+1","Anger+1","Twin Strike+1","Ghostly Armor","Bludgeon+1","Thunderclap+1","Ghostly Armor","Hemokinesis+1","Battle Trance","Flex+1","Flame Barrier+1","J.A.X.","Limit Break","Pommel Strike+1","Sword Boomerang+1","Shockwave","Dropkick+1","Infernal Blade+1"],"special_seed":0,"relics":["Burning Blood","Pocketwatch","Molten Egg 2","Bottled Flame","Smiling Mask","Velvet Choker","Bag of Preparation","Blue Candle","Pen Nib","Sozu","ClockworkSouvenir","Mummified Hand","Omamori","Shuriken","Ancient Tea Set"],"potions_floor_usage":[50],"damage_taken":[{"damage":9.0,"enemies":"Jaw Worm","floor":1.0,"turns":4.0},{"damage":0.0,"enemies":"Cultist","floor":4.0,"turns":3.0},{"damage":0.0,"enemies":"Small Slimes","floor":5.0,"turns":2.0},{"damage":16.0,"enemies":"Exordium Thugs","floor":7.0,"turns":8.0},{"damage":6.0,"enemies":"Gremlin Gang","floor":10.0,"turns":6.0},{"damage":17.0,"enemies":"3 Sentries","floor":11.0,"turns":6.0},{"damage":8.0,"enemies":"Looter","floor":13.0,"turns":3.0},{"damage":24.0,"enemies":"Lagavulin","floor":14.0,"turns":4.0},{"damage":21.0,"enemies":"The Guardian","floor":16.0,"turns":11.0},{"damage":14.0,"enemies":"2 Thieves","floor":18.0,"turns":3.0},{"damage":10.0,"enemies":"Shell Parasite","floor":20.0,"turns":2.0},{"damage":2.0,"enemies":"Centurion and Healer","floor":21.0,"turns":6.0},{"damage":15.0,"enemies":"Sentry and Sphere","floor":22.0,"turns":4.0},{"damage":27.0,"enemies":"Book of Stabbing","floor":24.0,"turns":4.0},{"damage":22.0,"enemies":"Snake Plant","floor":25.0,"turns":2.0},{"damage":2.0,"enemies":"Centurion and Healer","floor":28.0,"turns":4.0},{"damage":2.0,"enemies":"Shelled Parasite and Fungi","floor":31.0,"turns":4.0},{"damage":46.0,"enemies":"Automaton","floor":33.0,"turns":6.0},{"damage":10.0,"enemies":"3 Darklings","floor":35.0,"turns":5.0},{"damage":1.0,"enemies":"Orb Walker","floor":39.0,"turns":3.0},{"damage":22.0,"enemies":"Reptomancer","floor":41.0,"turns":5.0},{"damage":3.0,"enemies":"Sphere and 2 Shapes","floor":42.0,"turns":3.0},{"damage":39.0,"enemies":"Giant Head","floor":44.0,"turns":5.0},{"damage":4.0,"enemies":"4 Shapes","floor":46.0,"turns":5.0},{"damage":3.0,"enemies":"Writhing Mass","floor":48.0,"turns":3.0},{"damage":49,"enemies":"Awakened One","floor":50,"turns":5}],"seed_played":"478648629032410876","potions_obtained":[{"floor":5.0,"key":"Dexterity Potion"},{"floor":7.0,"key":"SteroidPotion"},{"floor":13.0,"key":"Dexterity Potion"},{"floor":18.0,"key":"Poison Potion"},{"floor":21.0,"key":"Ancient Potion"},{"floor":31.0,"key":"Ancient Potion"}],"is_trial":false,"path_per_floor":["M","?","?","M","M","R","M","R","T","M","E","R","M","E","R","B",null,"M","?","M","M","M","R","E","M","T","$","M","R","?","M","R","B",null,"M","$","?","T","M","R","E","M","T","E","$","M","?","M","R","B"],"character_chosen":"IRONCLAD","items_purchased":["Pen Nib","Battle Trance","Flex","ClockworkSouvenir","Shockwave"],"campfire_rested":4,"item_purchase_floors":[27,27,27,36,45],"current_hp_per_floor":[65,45,45,51,57,57,47,47,47,47,36,36,34,16,36,21,56,48,48,44,48,39,59,38,22,22,22,26,46,46,50,50,10,54,50,50,50,50,55,55,39,42,42,9,9,11,25,28,48,0],"gold":45,"neow_bonus":"ONE_RARE_RELIC","is_prod":false,"is_daily":false,"chose_seed":false,"campfire_upgraded":5,"win_rate":0,"timestamp":1557915757,"path_taken":["M","?","?","M","M","R","M","R","T","M","E","R","?","E","R","BOSS","M","?","M","M","M","R","E","M","T","$","?","R","?","M","R","BOSS","M","$","?","?","?","R","E","M","T","E","$","?","?","M","R","BOSS"],"build_version":"2019-01-23","purchased_purges":2,"victory":false,"max_hp_per_floor":[68,68,68,68,68,68,68,68,68,68,68,68,68,68,68,68,68,68,68,68,68,68,68,68,68,68,68,68,68,68,68,68,68,68,68,68,68,68,68,68,68,68,68,68,68,68,68,68,68,68],"card_choices":[{"not_picked":["Sword Boomerang","True Grit"],"picked":"Clothesline","floor":1.0},{"not_picked":["Headbutt","Pommel Strike"],"picked":"Shrug It Off","floor":4.0},{"not_picked":["True Grit","Warcry"],"picked":"Hemokinesis","floor":5.0},{"not_picked":["Iron Wave","Perfected Strike","Intimidate"],"picked":"SKIP","floor":7.0},{"not_picked":["Burning Pact","True Grit"],"picked":"Anger+1","floor":10.0},{"not_picked":["Armaments","Second Wind","Dark Embrace"],"picked":"SKIP","floor":11.0},{"not_picked":["Body Slam+1","Sentinel"],"picked":"Twin Strike+1","floor":13.0},{"not_picked":["Uppercut+1","Flex"],"picked":"Ghostly Armor","floor":14.0},{"not_picked":["Dark Embrace","Juggernaut"],"picked":"Bludgeon+1","floor":16.0},{"not_picked":["Body Slam+1","Bloodletting"],"picked":"Thunderclap+1","floor":18.0},{"not_picked":["Clash+1","Corruption"],"picked":"Ghostly Armor","floor":20.0},{"not_picked":["Exhume","Body Slam+1","Armaments"],"picked":"SKIP","floor":21.0},{"not_picked":["Clothesline+1","Body Slam+1"],"picked":"Hemokinesis+1","floor":22.0},{"not_picked":["Brutality","Intimidate","Body Slam+1"],"picked":"SKIP","floor":24.0},{"not_picked":["Cleave+1","Havoc+1","Fire Breathing"],"picked":"SKIP","floor":25.0},{"not_picked":["Blood for Blood+1","Anger+1"],"picked":"Flame Barrier","floor":28.0},{"not_picked":["Metallicize","Blood for Blood+1","Twin Strike+1"],"picked":"SKIP","floor":31.0},{"not_picked":["Dark Embrace","Fiend Fire+1"],"picked":"Limit Break","floor":33.0},{"not_picked":["Thunderclap+1","Anger+1","Perfected Strike+1"],"picked":"SKIP","floor":35.0},{"not_picked":["Bloodletting+1","Rage+1"],"picked":"Pommel Strike+1","floor":39.0},{"not_picked":["Havoc","Carnage+1"],"picked":"Sword Boomerang+1","floor":41.0},{"not_picked":["Sever Soul+1","Rage","Warcry"],"picked":"SKIP","floor":42.0},{"not_picked":["Carnage+1","Armaments+1","Berserk"],"picked":"SKIP","floor":44.0},{"not_picked":["Second Wind+1","Feel No Pain"],"picked":"Dropkick+1","floor":46.0},{"not_picked":["Thunderclap+1","Wild Strike+1"],"picked":"Infernal Blade+1","floor":48.0}],"player_experience":197681,"relics_obtained":[{"floor":9.0,"key":"Molten Egg 2"},{"floor":11.0,"key":"Bottled Flame"},{"floor":14.0,"key":"Smiling Mask"},{"floor":24.0,"key":"Bag of Preparation"},{"floor":26.0,"key":"Blue Candle"},{"floor":38.0,"key":"Mummified Hand"},{"floor":41.0,"key":"Omamori"},{"floor":43.0,"key":"Shuriken"},{"floor":44.0,"key":"Ancient Tea Set"}],"event_choices":[{"damage_healed":0.0,"max_hp_gain":0.0,"max_hp_loss":0.0,"gold_gain":0.0,"event_name":"Shining Light","player_choice":"Entered Light","floor":2.0,"gold_loss":0.0,"damage_taken":20.0,"cards_upgraded":["Strike_R","Defend_R"]},{"cards_removed":["Strike_R"],"damage_healed":0.0,"max_hp_gain":0.0,"max_hp_loss":0.0,"gold_gain":0.0,"event_name":"Bonfire Elementals","player_choice":"Offered Basic","floor":3.0,"gold_loss":0.0,"damage_taken":0.0},{"damage_healed":0.0,"max_hp_gain":0.0,"max_hp_loss":0.0,"gold_gain":50.0,"event_name":"Golden Shrine","player_choice":"Pray","floor":19.0,"gold_loss":0.0,"damage_taken":0.0},{"damage_healed":0.0,"max_hp_gain":0.0,"max_hp_loss":0.0,"gold_gain":0.0,"event_name":"Drug Dealer","player_choice":"Obtain J.A.X.","floor":30.0,"gold_loss":0.0,"damage_taken":0.0,"cards_obtained":["J.A.X."]},{"cards_removed":["Strike_R"],"damage_healed":0.0,"max_hp_gain":0.0,"max_hp_loss":0.0,"gold_gain":0.0,"event_name":"Falling","player_choice":"Removed Attack","floor":37.0,"gold_loss":0.0,"damage_taken":0.0},{"damage_healed":14.0,"max_hp_gain":0.0,"max_hp_loss":0.0,"gold_gain":0.0,"event_name":"Winding Halls","player_choice":"Writhe","floor":47.0,"gold_loss":0.0,"damage_taken":0.0,"cards_obtained":["Writhe"]}],"is_beta":false,"boss_relics":[{"not_picked":["Fusion Hammer","Eternal Feather"],"picked":"Velvet Choker"},{"not_picked":["Empty Cage","Orrery"],"picked":"Sozu"}],"items_purged_floors":[27,36],"is_endless":false,"potions_floor_spawned":[5,7,13,14,18,21,24,25,31,35,39,44,46],"killed_by":"Awakened One","ascension_level":20}