{"gold_per_floor":[118,49,69,34,34,60,72,72,123,154,154,154,10,23,23,154,154,179,179,194,121,141,141,182,182,182,201,245,20,20,44,44,44],"floor_reached":33,"playtime":1066,"items_purged":[],"score":552,"play_id":"e3a2d5da-71a9-4baf-b124-ab767a44c7e0","local_time":"20190606063715","is_ascension_mode":true,"campfire_choices":[{"data":"Catalyst","floor":8.0,"key":"SMITH"},{"data":"Deadly Poison","floor":11.0,"key":"SMITH"},{"data":"Burst","floor":15.0,"key":"SMITH"},{"floor":23.0,"key":"REST"},{"floor":25.0,"key":"REST"},{"floor":32,"key":"REST"}],"neow_cost":"NONE","seed_source_timestamp":178550600056400,"circlet_count":0,"master_deck":["AscendersBane","Defend_G","Defend_G","Defend_G","Defend_G","Defend_G","Strike_G","Strike_G+1","Strike_G","Strike_G","Strike_G","Survivor+1","Neutralize","Catalyst+1","Deadly Poison+1","Poisoned Stab+1","PiercingWail","Deadly Poison","Burst+1","Bane","Doppelganger","Deflect","Deflect","Well Laid Plans","Dodge and Roll","Bane+1","Footwork","Bane+1"],"special_seed":0,"relics":["Ring of the Snake","NeowsBlessing","Bronze Scales","Potion Belt","Strawberry","The Specimen","Golden Idol","Black Star","Oddly Smooth Stone","Whetstone","Ginger","Kunai","Molten Egg 2","Blood Vial"],"potions_floor_usage":[30,33,33],"damage_taken":[{"damage":0.0,"enemies":"Cultist","floor":1.0,"turns":1.0},{"damage":0.0,"enemies":"Small Slimes","floor":3.0,"turns":1.0},{"damage":0.0,"enemies":"3 Sentries","floor":6.0,"turns":2.0},{"damage":2.0,"enemies":"Jaw Worm","floor":7.0,"turns":3.0},{"damage":17.0,"enemies":"Lagavulin","floor":10.0,"turns":5.0},{"damage":10.0,"enemies":"Exordium Wildlife","floor":14.0,"turns":3.0},{"damage":44.0,"enemies":"The Guardian","floor":16.0,"turns":7.0},{"damage":0.0,"enemies":"Chosen","floor":18.0,"turns":4.0},{"damage":23.0,"enemies":"Shell Parasite","floor":20.0,"turns":4.0},{"damage":3.0,"enemies":"Centurion and Healer","floor":22.0,"turns":4.0},{"damage":41.0,"enemies":"Book of Stabbing","floor":24.0,"turns":6.0},{"damage":0.0,"enemies":"Snake Plant","floor":27.0,"turns":3.0},{"damage":23.0,"enemies":"Slavers","floor":28.0,"turns":4.0},{"damage":0,"enemies":"3 Cultists","floor":30,"turns":1},{"damage":0,"enemies":"Chosen and Byrds","floor":31,"turns":6},{"damage":44,"enemies":"Automaton","floor":33,"turns":6}],"seed_played":"8787855830045659436","potions_obtained":[{"floor":1.0,"key":"SmokeBomb"},{"floor":6.0,"key":"Energy Potion"},{"floor":10.0,"key":"Swift Potion"},{"floor":16.0,"key":"AttackPotion"},{"floor":18.0,"key":"AttackPotion"},{"floor":22.0,"key":"Explosive Potion"},{"floor":28.0,"key":"SteroidPotion"},{"floor":31,"key":"LiquidBronze"}],"is_trial":false,"path_per_floor":["M","$","M","?","?","E","M","R","T","E","R","?","$","M","R","B",null,"M","?","M","$","M","R","E","R","T","M","E","$","M","M","R","B"],"character_chosen":"THE_SILENT","items_purchased":["Catalyst","Burst","Well Laid Plans","Footwork","Blood Vial"],"campfire_rested":3,"item_purchase_floors":[2,13,21,29,29],"current_hp_per_floor":[63,63,63,70,70,70,68,68,75,58,58,58,58,48,48,4,54,54,54,31,31,28,49,8,29,29,29,6,6,8,10,31,0],"gold":44,"neow_bonus":"THREE_ENEMY_KILL","is_prod":false,"is_daily":false,"chose_seed":false,"campfire_upgraded":3,"win_rate":0,"timestamp":1559828235,"path_taken":["M","$","?","?","?","E","?","R","T","E","R","?","?","M","R","BOSS","M","?","M","$","M","R","E","R","T","?","E","?","M","M","R","BOSS"],"build_version":"2019-01-23","purchased_purges":0,"victory":false,"max_hp_per_floor":[70,70,70,70,70,70,70,70,77,77,77,71,71,71,71,71,71,71,71,71,71,71,71,71,71,71,71,71,71,71,71,71,71],"card_choices":[{"not_picked":["Eviscerate","Dagger Throw"],"picked":"Escape Plan","floor":1.0},{"not_picked":["Prepared","Heel Hook"],"picked":"Deadly Poison","floor":3.0},{"not_picked":["Glass Knife","Prepared"],"picked":"Poisoned Stab","floor":6.0},{"not_picked":["Backflip","Outmaneuver"],"picked":"PiercingWail","floor":7.0},{"not_picked":["Backstab","Eviscerate"],"picked":"Deadly Poison","floor":10.0},{"not_picked":["Deflect","Concentrate"],"picked":"Bane","floor":14.0},{"not_picked":["Phantasmal Killer","A Thousand Cuts"],"picked":"Doppelganger","floor":16.0},{"not_picked":["Outmaneuver","Cloak And Dagger"],"picked":"Deflect","floor":18.0},{"not_picked":["Caltrops","Backflip"],"picked":"Deflect","floor":20.0},{"not_picked":["Slice","Skewer"],"picked":"Dodge and Roll","floor":22.0},{"not_picked":["Cloak And Dagger","Malaise","All Out Attack"],"picked":"SKIP","floor":24.0},{"not_picked":["Acrobatics","Dagger Throw","Tactician"],"picked":"SKIP","floor":27.0},{"not_picked":["Tactician","Caltrops"],"picked":"Bane","floor":28.0},{"not_picked":["Acrobatics","Outmaneuver"],"picked":"Bane+1","floor":31}],"player_experience":338911,"relics_obtained":[{"floor":6.0,"key":"Potion Belt"},{"floor":9.0,"key":"Strawberry"},{"floor":10.0,"key":"The Specimen"},{"floor":24.0,"key":"Oddly Smooth Stone"},{"floor":24.0,"key":"Whetstone"},{"floor":26.0,"key":"Ginger"},{"floor":28.0,"key":"Kunai"},{"floor":28.0,"key":"Molten Egg 2"}],"event_choices":[{"damage_healed":17.0,"max_hp_gain":0.0,"max_hp_loss":0.0,"gold_gain":0.0,"event_name":"The Cleric","player_choice":"Healed","floor":4.0,"gold_loss":35.0,"damage_taken":0.0},{"cards_removed":["Escape Plan"],"damage_healed":0.0,"max_hp_gain":0.0,"max_hp_loss":0.0,"gold_gain":0.0,"event_name":"WeMeetAgain","player_choice":"Gave Card","floor":5.0,"gold_loss":0.0,"damage_taken":0.0,"relics_obtained":["Bronze Scales"]},{"damage_healed":0.0,"max_hp_gain":0.0,"max_hp_loss":6.0,"gold_gain":0.0,"event_name":"Golden Idol","player_choice":"Lose Max HP","floor":12.0,"gold_loss":0.0,"damage_taken":0.0,"relics_obtained":["Golden Idol"]},{"damage_healed":0.0,"max_hp_gain":0.0,"max_hp_loss":0.0,"gold_gain":0.0,"event_name":"Upgrade Shrine","player_choice":"Upgraded","floor":19.0,"gold_loss":0.0,"damage_taken":0.0,"cards_upgraded":["Survivor"]}],"is_beta":false,"boss_relics":[{"not_picked":["Velvet Choker","Runic Pyramid"],"picked":"Black Star"}],"items_purged_floors":[],"is_endless":false,"potions_floor_spawned":[1,6,10,16,18,22,28,31],"killed_by":"Automaton","ascension_level":12}