{"gold_per_floor":[17,17,17,17,35,66,66,94,121,121,134,134,149,208,208,283,283,294,294,304,322,322,322,349,349],"floor_reached":25,"playtime":2531,"items_purged":[],"score":389,"play_id":"b9c01d50-5342-4628-9232-2f1cce53e572","local_time":"20190412201725","is_ascension_mode":true,"campfire_choices":[{"data":"Carnage","floor":7.0,"key":"SMITH"},{"data":"Metallicize","floor":10.0,"key":"SMITH"},{"data":"Bash","floor":12.0,"key":"SMITH"},{"data":"Armaments","floor":15.0,"key":"SMITH"},{"data":"Inflame","floor":23.0,"key":"SMITH"}],"neow_cost":"NO_GOLD","seed_source_timestamp":1291401096591,"circlet_count":0,"master_deck":["AscendersBane","Strike_R","Strike_R","Strike_R","Strike_R","Strike_R","Defend_R","Defend_R","Defend_R","Defend_R","Bash+1","Mind Blast","Dramatic Entrance","Blood for Blood+1","Carnage+1","Metallicize+1","Armaments+1","Feed","True Grit","RitualDagger","Headbutt","Inflame+1"],"special_seed":0,"relics":["Burning Blood","Potion Belt","Meat on the Bone","Omamori","Black Star","Ice Cream","Bag of Marbles","Darkstone Periapt"],"potions_floor_usage":[],"damage_taken":[{"damage":10.0,"enemies":"Small Slimes","floor":1.0,"turns":3.0},{"damage":2.0,"enemies":"Jaw Worm","floor":5.0,"turns":4.0},{"damage":35.0,"enemies":"3 Sentries","floor":6.0,"turns":7.0},{"damage":30.0,"enemies":"Gremlin Nob","floor":8.0,"turns":4.0},{"damage":1.0,"enemies":"2 Louse","floor":11.0,"turns":2.0},{"damage":0.0,"enemies":"2 Fungi Beasts","floor":13.0,"turns":3.0},{"damage":43.0,"enemies":"Slime Boss","floor":16.0,"turns":11.0},{"damage":20.0,"enemies":"Spheric Guardian","floor":18.0,"turns":5.0},{"damage":8.0,"enemies":"Chosen","floor":20.0,"turns":5.0},{"damage":19.0,"enemies":"Sentry and Sphere","floor":21.0,"turns":5.0},{"damage":50.0,"enemies":"Gremlin Leader","floor":24.0,"turns":6.0},{"damage":31,"enemies":"Snake Plant","floor":25,"turns":2}],"seed_played":"-3437520018822315909","potions_obtained":[{"floor":11.0,"key":"LiquidBronze"},{"floor":13.0,"key":"FearPotion"},{"floor":18.0,"key":"FearPotion"},{"floor":20.0,"key":"SkillPotion"}],"is_trial":false,"path_per_floor":["M","$","?","?","M","E","R","E","T","R","M","R","M","?","R","B",null,"M","?","M","M","?","R","E","M"],"character_chosen":"IRONCLAD","items_purchased":[],"campfire_rested":0,"item_purchase_floors":[],"current_hp_per_floor":[64,64,64,64,68,39,39,15,15,15,32,32,50,50,50,25,63,49,43,56,59,59,59,27,0],"gold":349,"neow_bonus":"RANDOM_COLORLESS_2","is_prod":false,"is_daily":false,"chose_seed":false,"campfire_upgraded":5,"win_rate":0,"timestamp":1555093045,"path_taken":["M","$","?","?","M","E","R","E","T","R","M","R","M","?","R","BOSS","M","?","M","M","?","R","E","M"],"build_version":"2019-01-23","purchased_purges":0,"victory":false,"max_hp_per_floor":[75,75,75,75,75,75,75,75,75,75,75,75,75,75,75,75,75,75,75,78,82,82,82,82,82],"card_choices":[{"not_picked":["Body Slam","Feel No Pain"],"picked":"Blood for Blood","floor":1.0},{"not_picked":["Wild Strike","Hemokinesis"],"picked":"Carnage","floor":5.0},{"not_picked":["Searing Blow","Body Slam","Twin Strike"],"picked":"SKIP","floor":6.0},{"not_picked":["Entrench","Clothesline"],"picked":"Metallicize","floor":8.0},{"not_picked":["Warcry","Twin Strike","Reckless Charge"],"picked":"SKIP","floor":11.0},{"not_picked":["Dropkick","Reckless Charge"],"picked":"Armaments","floor":13.0},{"not_picked":["Impervious","Juggernaut"],"picked":"Feed","floor":16.0},{"not_picked":["Heavy Blade","Twin Strike"],"picked":"True Grit","floor":18.0},{"not_picked":["Sword Boomerang","Pommel Strike"],"picked":"Headbutt","floor":20.0},{"not_picked":["Headbutt+1","Twin Strike"],"picked":"Inflame","floor":21.0},{"not_picked":["Havoc","Searing Blow","Second Wind"],"picked":"SKIP","floor":24.0}],"player_experience":124380,"relics_obtained":[{"floor":6.0,"key":"Potion Belt"},{"floor":8.0,"key":"Meat on the Bone"},{"floor":9.0,"key":"Omamori"},{"floor":24.0,"key":"Bag of Marbles"},{"floor":24.0,"key":"Darkstone Periapt"}],"event_choices":[{"damage_healed":0.0,"max_hp_gain":0.0,"max_hp_loss":0.0,"gold_gain":0.0,"event_name":"The Cleric","player_choice":"Leave","floor":3.0,"gold_loss":0.0,"damage_taken":0.0},{"damage_healed":0.0,"max_hp_gain":0.0,"max_hp_loss":0.0,"gold_gain":0.0,"event_name":"Living Wall","player_choice":"Grow","floor":4.0,"gold_loss":0.0,"damage_taken":0.0,"cards_upgraded":["Blood for Blood"]},{"damage_healed":0.0,"max_hp_gain":0.0,"max_hp_loss":0.0,"gold_gain":59.0,"event_name":"Golden Wing","player_choice":"Gained Gold","floor":14.0,"gold_loss":0.0,"damage_taken":0.0},{"damage_healed":0.0,"max_hp_gain":0.0,"max_hp_loss":0.0,"gold_gain":0.0,"event_name":"Nest","player_choice":"Joined the Cult","floor":19.0,"gold_loss":0.0,"damage_taken":6.0,"cards_obtained":["RitualDagger"]},{"damage_healed":0.0,"max_hp_gain":0.0,"max_hp_loss":0.0,"gold_gain":0.0,"event_name":"Addict","player_choice":"Stole Relic","floor":22.0,"gold_loss":0.0,"damage_taken":0.0,"relics_obtained":["Ice Cream"],"cards_obtained":["Shame"]}],"is_beta":false,"boss_relics":[{"not_picked":["White Beast Statue","Black Blood"],"picked":"Black Star"}],"items_purged_floors":[],"is_endless":false,"potions_floor_spawned":[11,13,18,20],"killed_by":"Snake Plant","ascension_level":14}