{"gold_per_floor":[113,128,146,164,184,213,213,243,324,324,340,320,353,366,366,468,468,481,279,290,290,7,72,72,97,124,124,144,163,163,193,193,298,298,298,108,124,140,140,13,24,24,50,67,67,80,80,80,80,80],"floor_reached":50,"playtime":5537,"items_purged":[],"score":699,"play_id":"24529dc9-0ba1-435a-bbe3-ccef6cf00ca8","local_time":"20190414050708","is_ascension_mode":true,"campfire_choices":[{"floor":7.0,"key":"REST"},{"floor":10.0,"key":"REST"},{"data":"Neutralize","floor":15.0,"key":"SMITH"},{"floor":24.0,"key":"REST"},{"data":"Venomology","floor":27.0,"key":"SMITH"},{"floor":30.0,"key":"REST"},{"floor":32.0,"key":"REST"},{"floor":42.0,"key":"RECALL"},{"data":"Bullet Time","floor":45.0,"key":"SMITH"},{"data":"Mind Blast","floor":47.0,"key":"SMITH"},{"data":"Wraith Form v2","floor":49.0,"key":"SMITH"}],"neow_cost":"NONE","seed_source_timestamp":275091656171496,"circlet_count":0,"master_deck":["Defend_G","Defend_G","Defend_G","Defend_G","Strike_G","Strike_G","Strike_G","Survivor","Neutralize+1","Flying Knee","Quick Slash","Caltrops","Leg Sweep","Dodge and Roll","Dagger Throw","Dagger Throw","Bouncing Flask","Sucker Punch","Dagger Throw","Venomology+1","Deflect+1","Finisher+1","Endless Agony+1","Blur+1","Blade Dance+1","Blur+1","Heel Hook","Heel Hook","Backstab","Dodge and Roll+1","Backflip+1","Bullet Time+1","Wraith Form v2+1","Deflect","Secret Technique","PiercingWail+1","Leg Sweep+1","Mind Blast+1","Noxious Fumes","Cloak And Dagger","Distraction+1","Caltrops+1"],"special_seed":0,"relics":["Runic Pyramid","Smiling Mask","Odd Mushroom","Shuriken","Gambling Chip","Astrolabe","HandDrill","Nilry\u0027s Codex","DollysMirror","Tiny Chest","Happy Flower","Bronze Scales","Eternal Feather","Potion Belt"],"potions_floor_usage":[50,50],"damage_taken":[{"damage":0.0,"enemies":"Jaw Worm","floor":1.0,"turns":4.0},{"damage":2.0,"enemies":"Cultist","floor":2.0,"turns":4.0},{"damage":0.0,"enemies":"Small Slimes","floor":3.0,"turns":4.0},{"damage":3.0,"enemies":"Blue Slaver","floor":4.0,"turns":4.0},{"damage":8.0,"enemies":"Large Slime","floor":5.0,"turns":9.0},{"damage":19.0,"enemies":"Gremlin Nob","floor":6.0,"turns":6.0},{"damage":21.0,"enemies":"The Mushroom Lair","floor":8.0,"turns":4.0},{"damage":3.0,"enemies":"Red Slaver","floor":11.0,"turns":3.0},{"damage":6.0,"enemies":"Lagavulin","floor":13.0,"turns":6.0},{"damage":0.0,"enemies":"3 Louse","floor":14.0,"turns":3.0},{"damage":2.0,"enemies":"The Guardian","floor":16.0,"turns":12.0},{"damage":0.0,"enemies":"Chosen","floor":18.0,"turns":3.0},{"damage":6.0,"enemies":"Shell Parasite","floor":20.0,"turns":3.0},{"damage":9.0,"enemies":"Book of Stabbing","floor":23.0,"turns":4.0},{"damage":35.0,"enemies":"Slavers","floor":25.0,"turns":5.0},{"damage":11.0,"enemies":"Sentry and Sphere","floor":28.0,"turns":6.0},{"damage":16.0,"enemies":"Snake Plant","floor":29.0,"turns":3.0},{"damage":0.0,"enemies":"Gremlin Leader","floor":31.0,"turns":9.0},{"damage":33.0,"enemies":"Collector","floor":33.0,"turns":10.0},{"damage":0.0,"enemies":"3 Shapes","floor":35.0,"turns":1.0},{"damage":7.0,"enemies":"Orb Walker","floor":37.0,"turns":3.0},{"damage":19.0,"enemies":"Jaw Worm Horde","floor":38.0,"turns":4.0},{"damage":0.0,"enemies":"Sphere and 2 Shapes","floor":41.0,"turns":7.0},{"damage":3.0,"enemies":"3 Darklings","floor":44.0,"turns":7.0},{"damage":0.0,"enemies":"4 Shapes","floor":46.0,"turns":7.0},{"damage":76,"enemies":"Time Eater","floor":50,"turns":10}],"seed_played":"1830896098259525322","potions_obtained":[{"floor":4.0,"key":"Ancient Potion"},{"floor":6.0,"key":"Strength Potion"},{"floor":8.0,"key":"GamblersBrew"},{"floor":11.0,"key":"Block Potion"},{"floor":12.0,"key":"Explosive Potion"},{"floor":13.0,"key":"Swift Potion"},{"floor":16.0,"key":"SteroidPotion"},{"floor":20.0,"key":"Strength Potion"},{"floor":23.0,"key":"Regen Potion"},{"floor":41.0,"key":"Ancient Potion"},{"floor":44.0,"key":"EssenceOfSteel"}],"is_trial":false,"path_per_floor":["M","M","M","M","M","E","R","?","T","R","M","?","E","M","R","B",null,"M","$","M","?","$","E","R","E","T","R","M","M","R","E","R","B",null,"M","$","M","M","?","$","M","R","T","M","R","M","R","?","R","B"],"character_chosen":"THE_SILENT","items_purchased":["HandDrill","DollysMirror","Heel Hook","Deflect","Secret Technique","Noxious Fumes","Cloak And Dagger"],"campfire_rested":5,"item_purchase_floors":[19,22,22,36,36,40,40],"current_hp_per_floor":[70,68,68,65,57,38,59,38,38,59,56,56,50,50,50,48,65,65,65,59,43,43,34,55,35,35,35,24,8,29,29,50,17,57,57,57,50,31,31,31,31,55,55,52,70,70,70,70,70,0],"gold":80,"neow_bonus":"BOSS_RELIC","is_prod":false,"is_daily":false,"chose_seed":false,"campfire_upgraded":5,"win_rate":0,"timestamp":1555243628,"path_taken":["M","M","M","M","M","E","R","?","T","R","M","?","E","M","R","BOSS","M","$","?","?","$","E","R","E","T","R","M","M","R","E","R","BOSS","M","$","M","M","?","$","M","R","T","M","R","M","R","?","R","BOSS"],"build_version":"2019-01-23","purchased_purges":0,"victory":false,"max_hp_per_floor":[70,70,70,70,70,70,70,70,70,70,70,70,70,70,70,70,70,70,70,70,70,70,70,70,70,70,70,70,70,70,70,70,70,70,70,70,70,70,70,70,70,70,70,70,70,70,70,70,70,70],"card_choices":[{"not_picked":["PiercingWail","Acrobatics"],"picked":"Flying Knee","floor":1.0},{"not_picked":["Infinite Blades","Riddle With Holes"],"picked":"Quick Slash","floor":2.0},{"not_picked":["Prepared","Quick Slash"],"picked":"Caltrops","floor":3.0},{"not_picked":["Sucker Punch","Poisoned Stab"],"picked":"Leg Sweep","floor":4.0},{"not_picked":["Deadly Poison","Quick Slash"],"picked":"Dodge and Roll","floor":5.0},{"not_picked":["Caltrops","Flying Knee"],"picked":"Dagger Throw","floor":6.0},{"not_picked":["Poisoned Stab","Flying Knee"],"picked":"Dagger Throw","floor":8.0},{"not_picked":["Underhanded Strike","Grand Finale"],"picked":"Bouncing Flask","floor":11.0},{"not_picked":["Blade Dance","Dodge and Roll"],"picked":"Sucker Punch","floor":13.0},{"not_picked":["PiercingWail","Masterful Stab"],"picked":"Dagger Throw","floor":14.0},{"not_picked":["Tools of the Trade","Phantasmal Killer"],"picked":"Venomology","floor":16.0},{"not_picked":["Prepared","Catalyst+1"],"picked":"Blur+1","floor":18.0},{"not_picked":["Dagger Spray","Infinite Blades"],"picked":"Blade Dance+1","floor":20.0},{"not_picked":["Blade Dance","Phantasmal Killer"],"picked":"Heel Hook","floor":23.0},{"not_picked":["Finisher+1","Underhanded Strike"],"picked":"Backstab","floor":25.0},{"not_picked":["Dagger Throw","Outmaneuver"],"picked":"Dodge and Roll+1","floor":28.0},{"not_picked":["Dodge and Roll","Calculated Gamble"],"picked":"Backflip+1","floor":29.0},{"not_picked":["Quick Slash","Slice+1"],"picked":"Bullet Time","floor":31.0},{"not_picked":["Glass Knife","Tools of the Trade"],"picked":"Wraith Form v2","floor":33.0},{"not_picked":["Well Laid Plans","Slice"],"picked":"PiercingWail+1","floor":37.0},{"not_picked":["Blade Dance+1","Noxious Fumes"],"picked":"Leg Sweep+1","floor":38.0},{"not_picked":["Swift Strike","Bandage Up"],"picked":"Mind Blast","floor":39.0},{"not_picked":["Terror","Flying Knee","Poisoned Stab"],"picked":"SKIP","floor":41.0},{"not_picked":["PiercingWail+1","Slice+1"],"picked":"Distraction+1","floor":44.0},{"not_picked":["Riddle With Holes","Heel Hook"],"picked":"Caltrops+1","floor":46.0}],"player_experience":398145,"relics_obtained":[{"floor":6.0,"key":"Smiling Mask"},{"floor":8.0,"key":"Odd Mushroom"},{"floor":9.0,"key":"Shuriken"},{"floor":13.0,"key":"Gambling Chip"},{"floor":21.0,"key":"Nilry\u0027s Codex"},{"floor":23.0,"key":"Tiny Chest"},{"floor":25.0,"key":"Happy Flower"},{"floor":31.0,"key":"Bronze Scales"},{"floor":43.0,"key":"Potion Belt"}],"event_choices":[{"damage_healed":0.0,"max_hp_gain":0.0,"max_hp_loss":0.0,"gold_gain":0.0,"event_name":"Mushrooms","player_choice":"Fought Mushrooms","floor":8.0,"gold_loss":0.0,"damage_taken":0.0},{"damage_healed":0.0,"max_hp_gain":0.0,"max_hp_loss":0.0,"gold_gain":0.0,"event_name":"The Woman in Blue","player_choice":"Bought 1 Potion","floor":12.0,"gold_loss":0.0,"damage_taken":0.0},{"damage_healed":0.0,"max_hp_gain":0.0,"max_hp_loss":0.0,"gold_gain":0.0,"event_name":"Cursed Tome","player_choice":"Obtained Book","floor":21.0,"gold_loss":0.0,"damage_taken":16.0},{"damage_healed":0.0,"max_hp_gain":0.0,"max_hp_loss":0.0,"gold_gain":0.0,"event_name":"SensoryStone","player_choice":"Memory 1","floor":39.0,"gold_loss":0.0,"damage_taken":0.0},{"damage_healed":0.0,"max_hp_gain":0.0,"max_hp_loss":0.0,"gold_gain":0.0,"event_name":"SecretPortal","player_choice":"Ignored","floor":48.0,"gold_loss":0.0,"damage_taken":0.0}],"is_beta":false,"boss_relics":[{"not_picked":["Ectoplasm","White Beast Statue"],"picked":"Astrolabe"},{"not_picked":["Empty Cage","Lizard Tail"],"picked":"Eternal Feather"}],"items_purged_floors":[],"is_endless":false,"potions_floor_spawned":[4,6,8,11,13,16,20,23,35,41,44],"killed_by":"Time Eater","ascension_level":5}