{"gold_per_floor":[13,25,37,50,50,50,50,82,129,148,163,163,181,214,214,292,292,310,310,321,331,246,246,246],"floor_reached":24,"playtime":1167,"items_purged":[],"score":368,"play_id":"9fed3b92-4a8f-441b-936d-9674eef89187","local_time":"20190526100106","is_ascension_mode":true,"campfire_choices":[{"data":"Strike_B","floor":6.0,"key":"PURGE"},{"data":"Defragment","floor":12.0,"key":"SMITH"},{"floor":15.0,"key":"REST"},{"floor":23.0,"key":"REST"}],"neow_cost":"NO_GOLD","seed_source_timestamp":317374870336683,"circlet_count":0,"master_deck":["AscendersBane","Strike_B","Strike_B","Defend_B","Defend_B","Defend_B","Defend_B","Zap","Dualcast","Capacitor","Undo","Redo","Conserve Battery","Tempest","Genetic Algorithm","Conserve Battery","Defragment+1","Chill","Biased Cognition","Creative AI","Fusion","Go for the Eyes+1","Defragment"],"special_seed":0,"relics":["Cracked Core","Peace Pipe","Bottled Lightning","Boot","Inserter","Frozen Egg 2"],"potions_floor_usage":[24],"damage_taken":[{"damage":3.0,"enemies":"Jaw Worm","floor":1.0,"turns":4.0},{"damage":1.0,"enemies":"Cultist","floor":2.0,"turns":3.0},{"damage":0.0,"enemies":"2 Louse","floor":3.0,"turns":2.0},{"damage":1.0,"enemies":"2 Fungi Beasts","floor":4.0,"turns":4.0},{"damage":18.0,"enemies":"3 Sentries","floor":8.0,"turns":7.0},{"damage":7.0,"enemies":"Looter","floor":10.0,"turns":5.0},{"damage":3.0,"enemies":"Exordium Thugs","floor":11.0,"turns":5.0},{"damage":9.0,"enemies":"Red Slaver","floor":13.0,"turns":4.0},{"damage":4.0,"enemies":"Lagavulin","floor":14.0,"turns":7.0},{"damage":21.0,"enemies":"Slime Boss","floor":16.0,"turns":10.0},{"damage":32.0,"enemies":"2 Thieves","floor":18.0,"turns":5.0},{"damage":8.0,"enemies":"Shell Parasite","floor":20.0,"turns":8.0},{"damage":0.0,"enemies":"Centurion and Healer","floor":21.0,"turns":3.0},{"damage":47,"enemies":"Gremlin Leader","floor":24,"turns":4}],"seed_played":"3059371834055862389","potions_obtained":[{"floor":2.0,"key":"Fire Potion"},{"floor":3.0,"key":"Fire Potion"},{"floor":11.0,"key":"Swift Potion"},{"floor":13.0,"key":"AttackPotion"},{"floor":14.0,"key":"Swift Potion"},{"floor":18.0,"key":"SkillPotion"},{"floor":19.0,"key":"PowerPotion"}],"is_trial":false,"path_per_floor":["M","M","M","M","?","R","$","E","T","M","M","R","M","E","R","B",null,"M","?","M","M","?","R","E"],"character_chosen":"DEFECT","items_purchased":[],"campfire_rested":2,"item_purchase_floors":[],"current_hp_per_floor":[61,60,60,59,59,59,59,41,41,34,31,31,22,18,39,18,58,26,26,18,18,18,39,0],"gold":246,"neow_bonus":"ONE_RARE_RELIC","is_prod":false,"is_daily":false,"chose_seed":false,"campfire_upgraded":1,"win_rate":0,"timestamp":1558890066,"path_taken":["M","M","M","M","?","R","$","E","T","M","M","R","M","E","R","BOSS","M","?","M","?","?","R","E"],"build_version":"2019-01-23","purchased_purges":0,"victory":false,"max_hp_per_floor":[71,71,71,71,71,71,71,71,71,71,71,71,71,71,71,71,71,71,71,71,71,71,71,71],"card_choices":[{"not_picked":["Go for the Eyes","Hologram"],"picked":"Capacitor","floor":1.0},{"not_picked":["Blizzard","Auto Shields"],"picked":"Undo","floor":2.0},{"not_picked":["Rebound","Sweeping Beam"],"picked":"Redo","floor":3.0},{"not_picked":["Scrape","Melter"],"picked":"Conserve Battery","floor":4.0},{"not_picked":["Tempest","Self Repair"],"picked":"Genetic Algorithm","floor":8.0},{"not_picked":["Beam Cell","Rebound"],"picked":"Conserve Battery","floor":10.0},{"not_picked":["BootSequence","Rebound"],"picked":"Defragment","floor":11.0},{"not_picked":["Lockon","Stack"],"picked":"Chill","floor":13.0},{"not_picked":["Genetic Algorithm","Go for the Eyes"],"picked":"Biased Cognition","floor":14.0},{"not_picked":["Reboot","Seek"],"picked":"Creative AI","floor":16.0},{"not_picked":["Storm","Force Field"],"picked":"Fusion","floor":18.0},{"not_picked":["Leap+1","Sweeping Beam"],"picked":"Go for the Eyes+1","floor":20.0},{"not_picked":["Compile Driver","Blizzard"],"picked":"Defragment","floor":21.0}],"player_experience":722728,"relics_obtained":[{"floor":8.0,"key":"Bottled Lightning"},{"floor":14.0,"key":"Boot"}],"event_choices":[{"damage_healed":0.0,"max_hp_gain":0.0,"max_hp_loss":0.0,"gold_gain":0.0,"cards_transformed":["Strike_B"],"event_name":"Living Wall","player_choice":"Change","floor":5.0,"gold_loss":0.0,"damage_taken":0.0,"cards_obtained":["Tempest"]},{"damage_healed":0.0,"max_hp_gain":0.0,"max_hp_loss":0.0,"gold_gain":0.0,"event_name":"Lab","player_choice":"Got Potions","floor":19.0,"gold_loss":0.0,"damage_taken":0.0},{"damage_healed":0.0,"max_hp_gain":0.0,"max_hp_loss":0.0,"gold_gain":0.0,"event_name":"Addict","player_choice":"Obtained Relic","floor":22.0,"gold_loss":85.0,"damage_taken":0.0,"relics_obtained":["Frozen Egg 2"]}],"is_beta":false,"boss_relics":[{"not_picked":["Snecko Eye","Lizard Tail"],"picked":"Inserter"}],"items_purged_floors":[],"is_endless":false,"potions_floor_spawned":[2,3,11,13,14,18,20],"killed_by":"Gremlin Leader","ascension_level":15}