{"gold_per_floor":[111,122,122,23,37,37,67,67,67,17,17,34,34,67,67,141,141,157,168,268,268,268,268,295,295,321,321,354,18,36,68,68,146,146,158,176,176,59,0,26,26,58,58,88,188,199,211,231,231,231,231,231,121,149,149],"floor_reached":56,"playtime":5326,"items_purged":["Strike_R","Strike_R","Strike_R","Strike_R","Strike_R"],"score":2458,"play_id":"3062e6b1-1b54-40d2-9d04-28937f39fbce","local_time":"20190509230259","is_ascension_mode":true,"campfire_choices":[{"data":"True Grit","floor":6.0,"key":"SMITH"},{"data":"Clothesline","floor":8.0,"key":"SMITH"},{"data":"Bash","floor":11.0,"key":"SMITH"},{"data":"Cleave","floor":13.0,"key":"SMITH"},{"data":"Metallicize","floor":15.0,"key":"SMITH"},{"floor":23.0,"key":"REST"},{"floor":25.0,"key":"RECALL"},{"floor":27.0,"key":"REST"},{"floor":32.0,"key":"REST"},{"floor":41.0,"key":"REST"},{"floor":49.0,"key":"REST"},{"floor":52.0,"key":"REST"}],"neow_cost":"NONE","seed_source_timestamp":2435245474825,"circlet_count":0,"master_deck":["AscendersBane","Defend_R","Defend_R+1","Defend_R","Defend_R","Bash+1","Feed","True Grit+1","Cleave+1","Clothesline+1","Iron Wave","Shrug It Off","Carnage+1","Metallicize+1","Feed","Intimidate","Twin Strike+1","Disarm","J.A.X.","Armaments+1","Corruption","True Grit","Berserk","Feed+1","True Grit","Disarm","Shockwave+1","Flame Barrier+1","Pommel Strike+1","Headbutt+1","Feel No Pain","Sentinel","Sever Soul","Power Through+1"],"special_seed":0,"relics":["Burning Blood","Orichalcum","Smiling Mask","Gambling Chip","Letter Opener","Fusion Hammer","Calipers","The Courier","Dead Branch","Bronze Scales","Dodecahedron","OrangePellets","Question Card","Snecko Eye","Red Mask","Anchor","War Paint","Darkstone Periapt","Prayer Wheel","Whetstone"],"potions_floor_usage":[55,55],"damage_taken":[{"damage":6.0,"enemies":"Cultist","floor":1.0,"turns":3.0},{"damage":8.0,"enemies":"2 Louse","floor":2.0,"turns":3.0},{"damage":0.0,"enemies":"Small Slimes","floor":5.0,"turns":5.0},{"damage":39.0,"enemies":"Lagavulin","floor":7.0,"turns":8.0},{"damage":5.0,"enemies":"2 Fungi Beasts","floor":12.0,"turns":3.0},{"damage":10.0,"enemies":"Gremlin Nob","floor":14.0,"turns":4.0},{"damage":18.0,"enemies":"The Guardian","floor":16.0,"turns":12.0},{"damage":16.0,"enemies":"2 Thieves","floor":18.0,"turns":4.0},{"damage":4.0,"enemies":"Shell Parasite","floor":19.0,"turns":6.0},{"damage":13.0,"enemies":"Colosseum Slavers","floor":20.0,"turns":5.0},{"damage":8.0,"enemies":"Colosseum Nobs","floor":20.0,"turns":8.0},{"damage":25.0,"enemies":"Gremlin Leader","floor":24.0,"turns":8.0},{"damage":29.0,"enemies":"Slavers","floor":28.0,"turns":6.0},{"damage":0.0,"enemies":"Sentry and Sphere","floor":30.0,"turns":2.0},{"damage":20.0,"enemies":"Gremlin Leader","floor":31.0,"turns":7.0},{"damage":29.0,"enemies":"Collector","floor":33.0,"turns":8.0},{"damage":6.0,"enemies":"3 Shapes","floor":35.0,"turns":3.0},{"damage":0.0,"enemies":"Orb Walker","floor":36.0,"turns":2.0},{"damage":5.0,"enemies":"Reptomancer","floor":40.0,"turns":3.0},{"damage":3.0,"enemies":"Giant Head","floor":42.0,"turns":5.0},{"damage":3.0,"enemies":"Nemesis","floor":44.0,"turns":3.0},{"damage":10.0,"enemies":"Mind Bloom Boss Battle","floor":45.0,"turns":4.0},{"damage":6.0,"enemies":"Writhing Mass","floor":46.0,"turns":2.0},{"damage":9.0,"enemies":"Spire Growth","floor":47.0,"turns":4.0},{"damage":0.0,"enemies":"Sphere and 2 Shapes","floor":48.0,"turns":3.0},{"damage":3.0,"enemies":"Awakened One","floor":50.0,"turns":2.0},{"damage":25,"enemies":"Shield and Spear","floor":54,"turns":3},{"damage":8,"enemies":"The Heart","floor":55,"turns":5}],"seed_played":"5815383283577596335","potions_obtained":[{"floor":5.0,"key":"SpeedPotion"},{"floor":14.0,"key":"Energy Potion"},{"floor":18.0,"key":"Dexterity Potion"},{"floor":40.0,"key":"Poison Potion"},{"floor":45.0,"key":"Block Potion"},{"floor":48.0,"key":"LiquidBronze"}],"is_trial":false,"path_per_floor":["M","M","T","$","M","R","E","R","T","$","R","M","R","E","R","B",null,"M","M","?","?","?","R","E","R","T","R","E","$","M","E","R","B",null,"M","M","?","$","?","E","R","E","T","E","?","M","M","M","R","B",null,"R","$","E","B",null],"character_chosen":"IRONCLAD","items_purchased":["Clothesline","Corruption","OrangePellets","Strength Potion","Shockwave","Sever Soul"],"campfire_rested":6,"item_purchase_floors":[4,29,29,29,38,53],"current_hp_per_floor":[71,72,72,72,81,81,51,51,51,51,51,55,55,51,51,42,80,73,78,78,78,78,108,89,89,89,108,88,88,94,83,114,91,108,115,124,118,118,118,118,118,118,118,121,120,120,117,133,134,134,134,134,134,121,119],"gold":149,"neow_bonus":"ONE_RANDOM_RARE_CARD","is_prod":false,"is_daily":false,"chose_seed":false,"campfire_upgraded":5,"win_rate":0,"timestamp":1557435779,"path_taken":["M","?","?","?","M","R","E","R","T","$","R","M","R","E","R","BOSS","M","M","?","?","?","R","E","R","T","R","E","$","M","E","R","BOSS","M","M","?","$","?","E","R","E","T","E","?","M","M","?","R","BOSS","R","$","E","BOSS"],"build_version":"2019-01-23","purchased_purges":5,"victory":true,"max_hp_per_floor":[78,81,81,81,84,84,87,87,87,87,87,90,90,90,90,93,93,96,99,108,108,108,108,108,108,108,108,111,111,111,114,114,114,114,121,124,118,118,118,118,118,118,118,121,124,124,124,134,134,134,134,134,134,140,140],"card_choices":[{"not_picked":["Pommel Strike","Rupture"],"picked":"True Grit","floor":1.0},{"not_picked":["Anger","Thunderclap"],"picked":"Cleave","floor":2.0},{"not_picked":["Searing Blow","Clash"],"picked":"Iron Wave","floor":5.0},{"not_picked":["Cleave","Headbutt"],"picked":"Shrug It Off","floor":7.0},{"not_picked":["Havoc","Power Through"],"picked":"Carnage","floor":12.0},{"not_picked":["Headbutt","Body Slam"],"picked":"Metallicize","floor":14.0},{"not_picked":["Exhume","Berserk"],"picked":"Feed","floor":16.0},{"not_picked":["Anger","Body Slam"],"picked":"Intimidate","floor":18.0},{"not_picked":["Reckless Charge","Feel No Pain"],"picked":"Twin Strike+1","floor":19.0},{"not_picked":["Pummel","Pommel Strike"],"picked":"Disarm","floor":20.0},{"not_picked":["Warcry","Wild Strike","Heavy Blade"],"picked":"SKIP","floor":24.0},{"not_picked":["Second Wind","Body Slam"],"picked":"Armaments+1","floor":28.0},{"not_picked":["Thunderclap","Cleave"],"picked":"True Grit","floor":30.0},{"not_picked":["Flex","Iron Wave"],"picked":"Berserk","floor":31.0},{"not_picked":["Limit Break","Immolate","Reaper"],"picked":"Feed","floor":33.0},{"not_picked":["Wild Strike","Anger","Sword Boomerang"],"picked":"True Grit","floor":35.0},{"not_picked":["Clash+1","Cleave","Reckless Charge"],"picked":"Disarm","floor":36.0},{"not_picked":["Clash","Wild Strike+1","Warcry","Bludgeon"],"picked":"SKIP","floor":40.0},{"not_picked":["Armaments+1","Thunderclap","Reaper"],"picked":"Flame Barrier+1","floor":42.0},{"not_picked":["Warcry","Twin Strike","Inflame"],"picked":"Pommel Strike+1","floor":44.0},{"not_picked":["Warcry","Cleave+1","Pommel Strike"],"picked":"Headbutt+1","floor":46.0},{"not_picked":["Thunderclap","Shockwave","Dual Wield+1"],"picked":"Feel No Pain","floor":46.0},{"not_picked":["Carnage","Clash","Havoc"],"picked":"Sentinel","floor":47.0},{"not_picked":["Armaments+1","Carnage","Whirlwind","True Grit"],"picked":"SKIP","floor":47.0},{"not_picked":["Brutality","Hemokinesis","Metallicize+1","Heavy Blade+1"],"picked":"SKIP","floor":48.0},{"not_picked":["Headbutt","Searing Blow","True Grit","Clothesline+1"],"picked":"SKIP","floor":48.0},{"not_picked":["Flame Barrier","Blood for Blood","Perfected Strike+1"],"picked":"Power Through+1","floor":54}],"player_experience":166604,"relics_obtained":[{"floor":3.0,"key":"Orichalcum"},{"floor":7.0,"key":"Smiling Mask"},{"floor":9.0,"key":"Gambling Chip"},{"floor":14.0,"key":"Letter Opener"},{"floor":20.0,"key":"Calipers"},{"floor":20.0,"key":"The Courier"},{"floor":24.0,"key":"Dead Branch"},{"floor":26.0,"key":"Bronze Scales"},{"floor":28.0,"key":"Dodecahedron"},{"floor":31.0,"key":"Question Card"},{"floor":40.0,"key":"Anchor"},{"floor":42.0,"key":"War Paint"},{"floor":44.0,"key":"Darkstone Periapt"},{"floor":45.0,"key":"Prayer Wheel"},{"floor":54,"key":"Whetstone"}],"event_choices":[{"damage_healed":0.0,"max_hp_gain":0.0,"max_hp_loss":0.0,"gold_gain":0.0,"event_name":"Colosseum","player_choice":"Fight","floor":20.0,"gold_loss":0.0,"damage_taken":0.0},{"damage_healed":0.0,"max_hp_gain":0.0,"max_hp_loss":0.0,"gold_gain":0.0,"event_name":"Colosseum","player_choice":"Fought Nobs","floor":20.0,"gold_loss":0.0,"damage_taken":0.0},{"damage_healed":0.0,"max_hp_gain":0.0,"max_hp_loss":0.0,"gold_gain":0.0,"event_name":"Vampires","player_choice":"Ignored","floor":21.0,"gold_loss":0.0,"damage_taken":0.0},{"damage_healed":0.0,"max_hp_gain":0.0,"max_hp_loss":0.0,"gold_gain":0.0,"event_name":"Drug Dealer","player_choice":"Obtain J.A.X.","floor":22.0,"gold_loss":0.0,"damage_taken":0.0,"cards_obtained":["J.A.X."]},{"damage_healed":0.0,"max_hp_gain":0.0,"max_hp_loss":6.0,"gold_gain":0.0,"event_name":"Winding Halls","player_choice":"Max HP","floor":37.0,"gold_loss":0.0,"damage_taken":0.0},{"damage_healed":0.0,"max_hp_gain":0.0,"max_hp_loss":0.0,"gold_gain":0.0,"event_name":"Tomb of Lord Red Mask","player_choice":"Paid","floor":39.0,"gold_loss":59.0,"damage_taken":0.0,"relics_obtained":["Red Mask"]},{"damage_healed":0.0,"max_hp_gain":0.0,"max_hp_loss":0.0,"gold_gain":0.0,"event_name":"MindBloom","player_choice":"Fight","floor":45.0,"gold_loss":0.0,"damage_taken":0.0}],"is_beta":false,"boss_relics":[{"not_picked":["Coffee Dripper","Orrery"],"picked":"Fusion Hammer"},{"not_picked":["Velvet Choker","Eternal Feather"],"picked":"Snecko Eye"}],"items_purged_floors":[4,10,29,38,53],"is_endless":false,"potions_floor_spawned":[5,14,18,30,31,40,44,45,48],"ascension_level":16}