{"gold_per_floor":[113,188,188,26,41,41,71,90,113,38,3,3,36,49,49,122,122,140,140,140,64,81,81,114,114,114,128,142,241,251,43,43,121,121,134,148,194,45,63,63,73,73,73,85,85,40,40,59,59,59],"floor_reached":50,"playtime":2234,"items_purged":["Strike_R","Strike_R"],"score":824,"play_id":"2ddad50a-754b-4b00-b11f-ab9a80ceb7a1","local_time":"20190414185659","is_ascension_mode":true,"campfire_choices":[{"data":"Metamorphosis","floor":6.0,"key":"SMITH"},{"data":"Inflame","floor":12.0,"key":"SMITH"},{"data":"True Grit","floor":15.0,"key":"SMITH"},{"data":"Whirlwind","floor":23.0,"key":"SMITH"},{"floor":25.0,"key":"REST"},{"floor":32.0,"key":"REST"},{"floor":40.0,"key":"REST"},{"data":"Apotheosis","floor":45,"key":"SMITH"},{"floor":49,"key":"RECALL"}],"neow_cost":"NONE","seed_source_timestamp":9933324373893,"circlet_count":0,"master_deck":["AscendersBane","Strike_R","Strike_R","Defend_R","Defend_R","Defend_R","Defend_R","Bash+1","Inflame+1","Metamorphosis+1","True Grit+1","Inflame","Disarm","Shrug It Off","Second Wind+1","Whirlwind+1","Heavy Blade+1","Shrug It Off","Battle Trance","Anger+1","Apotheosis+1","Corruption","Offering","Shrug It Off","Headbutt+1","Battle Trance","Sword Boomerang+1","Parasite","Spot Weakness","Shrug It Off","Shrug It Off"],"special_seed":0,"relics":["Burning Blood","Omamori","Regal Pillow","Oddly Smooth Stone","Philosopher\u0027s Stone","Orichalcum","WarpedTongs","Shovel","Gambling Chip","Torii"],"potions_floor_usage":[50],"damage_taken":[{"damage":12.0,"enemies":"Small Slimes","floor":1.0,"turns":5.0},{"damage":7.0,"enemies":"Jaw Worm","floor":5.0,"turns":3.0},{"damage":16.0,"enemies":"3 Sentries","floor":7.0,"turns":4.0},{"damage":3.0,"enemies":"2 Louse","floor":8.0,"turns":6.0},{"damage":18.0,"enemies":"Gremlin Nob","floor":13.0,"turns":3.0},{"damage":4.0,"enemies":"Exordium Wildlife","floor":14.0,"turns":4.0},{"damage":30.0,"enemies":"Slime Boss","floor":16.0,"turns":5.0},{"damage":17.0,"enemies":"Spheric Guardian","floor":18.0,"turns":4.0},{"damage":21.0,"enemies":"2 Thieves","floor":22.0,"turns":4.0},{"damage":53.0,"enemies":"Slavers","floor":24.0,"turns":7.0},{"damage":15.0,"enemies":"Snake Plant","floor":27.0,"turns":4.0},{"damage":4.0,"enemies":"Centurion and Healer","floor":28.0,"turns":4.0},{"damage":18.0,"enemies":"Snecko","floor":30.0,"turns":5.0},{"damage":17.0,"enemies":"Collector","floor":33.0,"turns":6.0},{"damage":6.0,"enemies":"3 Darklings","floor":35.0,"turns":4.0},{"damage":19.0,"enemies":"Orb Walker","floor":36.0,"turns":4.0},{"damage":40.0,"enemies":"2 Orb Walkers","floor":37.0,"turns":4.0},{"damage":19.0,"enemies":"4 Shapes","floor":39.0,"turns":3.0},{"damage":12,"enemies":"Transient","floor":41,"turns":5},{"damage":23,"enemies":"Writhing Mass","floor":44,"turns":6},{"damage":14,"enemies":"Spire Growth","floor":48,"turns":4},{"damage":26,"enemies":"Time Eater","floor":50,"turns":2}],"seed_played":"-1388569495194392031","potions_obtained":[{"floor":1.0,"key":"Swift Potion"},{"floor":7.0,"key":"Regen Potion"},{"floor":13.0,"key":"FearPotion"},{"floor":18.0,"key":"Regen Potion"},{"floor":22.0,"key":"Energy Potion"},{"floor":28.0,"key":"GamblersBrew"},{"floor":33.0,"key":"SteroidPotion"},{"floor":35.0,"key":"PowerPotion"}],"is_trial":false,"path_per_floor":["M","?","?","$","M","R","E","M","T","$","?","R","E","M","R","B",null,"M","?","?","$","M","R","E","R","T","M","M","?","M","$","R","B",null,"M","M","?","$","M","R","M","?","T","M","R","$","?","M","R","B"],"character_chosen":"IRONCLAD","items_purchased":["Metamorphosis","Whirlwind","Apotheosis","Corruption","PowerPotion","Shrug It Off"],"campfire_rested":3,"item_purchase_floors":[4,21,31,31,38,46],"current_hp_per_floor":[69,58,58,58,57,57,47,64,64,64,82,82,70,72,72,48,74,63,63,63,63,60,60,13,52,52,43,45,45,33,33,72,61,77,77,64,30,30,17,56,50,50,50,33,33,33,33,25,25,0],"gold":59,"neow_bonus":"TEN_PERCENT_HP_BONUS","is_prod":false,"is_daily":false,"chose_seed":false,"campfire_upgraded":5,"win_rate":0,"timestamp":1555261019,"path_taken":["M","?","?","$","M","R","E","M","T","?","?","R","E","M","R","BOSS","M","?","?","$","M","R","E","R","T","M","?","?","M","$","R","BOSS","M","M","?","$","M","R","M","?","T","M","R","?","?","M","R","BOSS"],"build_version":"2019-01-23","purchased_purges":2,"victory":false,"max_hp_per_floor":[82,82,82,82,82,82,82,82,82,82,82,82,82,82,82,82,82,82,82,82,82,82,82,82,82,82,82,82,82,82,82,82,82,82,82,82,82,82,82,82,82,82,82,82,82,82,82,82,82,82],"card_choices":[{"not_picked":["Intimidate","Corruption"],"picked":"Inflame","floor":1.0},{"not_picked":["Body Slam","Warcry"],"picked":"True Grit","floor":5.0},{"not_picked":["Body Slam","Juggernaut","Clash"],"picked":"SKIP","floor":7.0},{"not_picked":["Body Slam","Clothesline"],"picked":"Inflame","floor":8.0},{"not_picked":["Iron Wave","Inflame"],"picked":"Disarm","floor":13.0},{"not_picked":["Infernal Blade","Warcry"],"picked":"Shrug It Off","floor":14.0},{"not_picked":["Searing Blow","Body Slam"],"picked":"Second Wind+1","floor":18.0},{"not_picked":["Shockwave","Body Slam+1"],"picked":"Heavy Blade+1","floor":22.0},{"not_picked":["Dual Wield","Rupture"],"picked":"Shrug It Off","floor":24.0},{"not_picked":["Armaments","Inflame+1"],"picked":"Battle Trance","floor":27.0},{"not_picked":["Clothesline","Shrug It Off"],"picked":"Anger+1","floor":28.0},{"not_picked":["Twin Strike","Perfected Strike","Clash"],"picked":"SKIP","floor":30.0},{"not_picked":["Feed","Immolate"],"picked":"Offering","floor":33.0},{"not_picked":["Wild Strike","Clothesline"],"picked":"Shrug It Off","floor":35.0},{"not_picked":["Perfected Strike","Rampage"],"picked":"Headbutt+1","floor":36.0},{"not_picked":["Bludgeon","Rage"],"picked":"Battle Trance","floor":37.0},{"not_picked":["Wild Strike","Warcry+1"],"picked":"Sword Boomerang+1","floor":39.0},{"not_picked":["Perfected Strike+1","Sword Boomerang","Wild Strike+1"],"picked":"SKIP","floor":41},{"not_picked":["Flex","Cleave+1"],"picked":"Spot Weakness","floor":44},{"not_picked":["Whirlwind","Wild Strike"],"picked":"Shrug It Off","floor":48}],"player_experience":152067,"relics_obtained":[{"floor":7.0,"key":"Omamori"},{"floor":9.0,"key":"Regal Pillow"},{"floor":13.0,"key":"Oddly Smooth Stone"},{"floor":24.0,"key":"Shovel"},{"floor":26.0,"key":"Gambling Chip"},{"floor":37.0,"key":"Torii"}],"event_choices":[{"damage_healed":0.0,"max_hp_gain":0.0,"max_hp_loss":0.0,"gold_gain":75.0,"event_name":"World of Goop","player_choice":"Gather Gold","floor":2.0,"gold_loss":0.0,"damage_taken":11.0},{"damage_healed":0.0,"max_hp_gain":0.0,"max_hp_loss":0.0,"gold_gain":0.0,"event_name":"Living Wall","player_choice":"Grow","floor":3.0,"gold_loss":0.0,"damage_taken":0.0,"cards_upgraded":["Bash"]},{"damage_healed":20.0,"max_hp_gain":0.0,"max_hp_loss":0.0,"gold_gain":0.0,"event_name":"The Cleric","player_choice":"Healed","floor":11.0,"gold_loss":35.0,"damage_taken":0.0},{"damage_healed":0.0,"max_hp_gain":0.0,"max_hp_loss":0.0,"gold_gain":0.0,"event_name":"Addict","player_choice":"Stole Relic","floor":19.0,"gold_loss":0.0,"damage_taken":0.0,"relics_obtained":["Orichalcum"],"cards_obtained":["Shame"]},{"damage_healed":0.0,"max_hp_gain":0.0,"max_hp_loss":0.0,"gold_gain":0.0,"event_name":"Accursed Blacksmith","player_choice":"Rummage","floor":20.0,"gold_loss":0.0,"damage_taken":0.0,"relics_obtained":["WarpedTongs"],"cards_obtained":["Pain"]},{"damage_healed":0.0,"max_hp_gain":0.0,"max_hp_loss":0.0,"gold_gain":99.0,"event_name":"Nest","player_choice":"Stole From Cult","floor":29.0,"gold_loss":0.0,"damage_taken":0.0},{"damage_healed":0.0,"max_hp_gain":0.0,"max_hp_loss":0.0,"gold_gain":0.0,"event_name":"Mysterious Sphere","player_choice":"Fight","floor":37.0,"gold_loss":0.0,"damage_taken":0.0},{"cards_removed":["Strike_R"],"damage_healed":0,"gold_gain":0,"player_choice":"Removed Attack","damage_taken":0,"max_hp_gain":0,"max_hp_loss":0,"event_name":"Falling","floor":42,"gold_loss":0},{"damage_healed":0,"gold_gain":0,"player_choice":"Leave","damage_taken":0,"max_hp_gain":0,"max_hp_loss":0,"event_name":"FaceTrader","floor":47,"gold_loss":0}],"is_beta":false,"boss_relics":[{"not_picked":["Orrery","Runic Dome"],"picked":"Philosopher\u0027s Stone"},{"not_picked":[]}],"items_purged_floors":[10,38],"is_endless":false,"potions_floor_spawned":[1,7,13,18,22,28,33,35,48],"killed_by":"Time Eater","ascension_level":14}