{"gold_per_floor":[111,111,131,145,194,194,227,227,227,253,218,72,42,60,60,161,161,173,173,186,186,186,186,217,235,235,252,268,268,197,207,207,306,306,319,319,332,281,295,324,324,343,369,369,383,394,394],"floor_reached":47,"playtime":2191,"items_purged":["Regret"],"score":639,"play_id":"adaac57f-e8e3-4600-bb14-6a87447b3b3b","local_time":"20190529052318","is_ascension_mode":true,"campfire_choices":[{"data":"Catalyst","floor":6.0,"key":"SMITH"},{"data":"Crippling Poison","floor":8.0,"key":"SMITH"},{"floor":15.0,"key":"REST"},{"floor":23.0,"key":"REST"},{"floor":29.0,"key":"REST"},{"floor":32.0,"key":"REST"},{"floor":41.0,"key":"REST"},{"floor":44.0,"key":"REST"}],"neow_cost":"NONE","seed_source_timestamp":110670828231000,"circlet_count":0,"master_deck":["Defend_G+1","Defend_G+1","Defend_G+1","Defend_G+1","Defend_G+1","Strike_G+1","Strike_G+1","Strike_G+1","Strike_G+1","Strike_G+1","Survivor","Neutralize","Catalyst+1","Crippling Poison+1","Backflip","Die Die Die","Escape Plan","Footwork","Crippling Poison","Corpse Explosion","Bouncing Flask","Poisoned Stab","Deadly Poison","Deadly Poison","Backstab","Blur","Dodge and Roll","Footwork","Deadly Poison","Leg Sweep","Deadly Poison","Bullet Time","PiercingWail+1","Deadly Poison","Well Laid Plans","Dagger Spray+1","Backstab+1","Deadly Poison+1"],"special_seed":0,"relics":["Ring of the Snake","Pantograph","Bag of Marbles","Bottled Flame","Paper Crane","Blue Candle","Orrery","Question Card","Molten Egg 2","Lizard Tail","PreservedInsect","Anchor"],"potions_floor_usage":[47,47],"damage_taken":[{"damage":0.0,"enemies":"Cultist","floor":1.0,"turns":4.0},{"damage":3.0,"enemies":"Jaw Worm","floor":3.0,"turns":9.0},{"damage":1.0,"enemies":"2 Louse","floor":4.0,"turns":3.0},{"damage":21.0,"enemies":"Gremlin Nob","floor":7.0,"turns":4.0},{"damage":40.0,"enemies":"Lagavulin","floor":10.0,"turns":7.0},{"damage":5.0,"enemies":"Exordium Wildlife","floor":14.0,"turns":3.0},{"damage":78.0,"enemies":"Slime Boss","floor":16.0,"turns":19.0},{"damage":4.0,"enemies":"Spheric Guardian","floor":18.0,"turns":3.0},{"damage":20.0,"enemies":"2 Thieves","floor":20.0,"turns":4.0},{"damage":26.0,"enemies":"Slavers","floor":24.0,"turns":3.0},{"damage":15.0,"enemies":"3 Cultists","floor":25.0,"turns":5.0},{"damage":0.0,"enemies":"Snake Plant","floor":27.0,"turns":4.0},{"damage":10.0,"enemies":"Shelled Parasite and Fungi","floor":28.0,"turns":3.0},{"damage":0.0,"enemies":"Snecko","floor":31.0,"turns":4.0},{"damage":16.0,"enemies":"Automaton","floor":33.0,"turns":8.0},{"damage":32.0,"enemies":"3 Darklings","floor":35.0,"turns":3.0},{"damage":6.0,"enemies":"3 Shapes","floor":37.0,"turns":4.0},{"damage":44.0,"enemies":"Spire Growth","floor":39.0,"turns":7.0},{"damage":48.0,"enemies":"Nemesis","floor":40.0,"turns":7.0},{"damage":20.0,"enemies":"3 Darklings","floor":42.0,"turns":6.0},{"damage":0.0,"enemies":"Sphere and 2 Shapes","floor":45.0,"turns":4.0},{"damage":0.0,"enemies":"4 Shapes","floor":46.0,"turns":6.0},{"damage":53,"enemies":"Transient","floor":47,"turns":3}],"seed_played":"-6421108239732283175","potions_obtained":[{"floor":0.0,"key":"Strength Potion"},{"floor":0.0,"key":"Regen Potion"},{"floor":0.0,"key":"Regen Potion"},{"floor":4.0,"key":"SkillPotion"},{"floor":7.0,"key":"SpeedPotion"},{"floor":10.0,"key":"Ancient Potion"},{"floor":14.0,"key":"EssenceOfSteel"},{"floor":18.0,"key":"GhostInAJar"},{"floor":27.0,"key":"GhostInAJar"},{"floor":28.0,"key":"EssenceOfSteel"},{"floor":37.0,"key":"Strength Potion"},{"floor":42.0,"key":"SteroidPotion"},{"floor":46.0,"key":"Regen Potion"}],"is_trial":false,"path_per_floor":["M","?","M","M","T","R","E","R","T","E","?","$","?","M","R","B",null,"M","?","M","$","?","R","E","M","T","M","M","R","$","M","R","B",null,"M","?","M","$","M","E","R","M","T","R","M","M","M"],"character_chosen":"THE_SILENT","items_purchased":["Footwork","Leg Sweep","Fire Potion"],"campfire_rested":6,"item_purchase_floors":[12,30,38],"current_hp_per_floor":[70,70,67,66,66,66,56,56,56,16,33,33,33,28,49,7,70,66,66,46,46,46,67,41,26,26,26,16,37,37,37,58,54,70,38,70,64,64,20,17,38,18,18,39,39,39,0],"gold":394,"neow_bonus":"THREE_SMALL_POTIONS","is_prod":false,"is_daily":false,"chose_seed":false,"campfire_upgraded":2,"win_rate":0,"timestamp":1559132598,"path_taken":["M","?","M","M","?","R","E","R","T","E","?","$","?","M","R","BOSS","M","?","M","$","?","R","E","M","T","M","M","R","$","M","R","BOSS","M","?","M","$","M","E","R","M","T","R","M","M","?"],"build_version":"2019-01-23","purchased_purges":1,"victory":false,"max_hp_per_floor":[70,70,70,70,70,70,70,70,70,70,70,70,70,70,70,70,70,70,70,70,70,70,70,70,70,70,70,70,70,70,70,70,70,70,70,70,70,70,70,70,70,70,70,70,70,70,70],"card_choices":[{"not_picked":["Dagger Spray","Blade Dance"],"picked":"Catalyst","floor":1.0},{"not_picked":["Footwork","Blur"],"picked":"Crippling Poison","floor":3.0},{"not_picked":["Outmaneuver","Heel Hook"],"picked":"Backflip","floor":4.0},{"not_picked":["Underhanded Strike","Flechettes"],"picked":"Die Die Die","floor":7.0},{"not_picked":["Tactician","Bane"],"picked":"Escape Plan","floor":10.0},{"not_picked":["Bane","Dodge and Roll"],"picked":"Crippling Poison","floor":14.0},{"not_picked":["Bullet Time","Adrenaline"],"picked":"Corpse Explosion","floor":16.0},{"not_picked":["Escape Plan","Dagger Spray"],"picked":"Bouncing Flask","floor":17.0},{"not_picked":["Underhanded Strike","Blade Dance"],"picked":"Poisoned Stab","floor":17.0},{"not_picked":["Choke","Prepared"],"picked":"Deadly Poison","floor":17.0},{"not_picked":["Sucker Punch","Calculated Gamble"],"picked":"Deadly Poison","floor":17.0},{"not_picked":["Blade Dance","Sucker Punch"],"picked":"Backstab","floor":17.0},{"not_picked":["Bane","Caltrops"],"picked":"Blur","floor":18.0},{"not_picked":["Flechettes","Reflex","Sucker Punch"],"picked":"SKIP","floor":20.0},{"not_picked":["Venomology","Masterful Stab"],"picked":"Dodge and Roll","floor":24.0},{"not_picked":["Dagger Spray+1","Expertise+1","Deflect"],"picked":"Footwork","floor":25.0},{"not_picked":["Underhanded Strike+1","Quick Slash+1","Flying Knee+1"],"picked":"Deadly Poison","floor":27.0},{"not_picked":["Eviscerate+1","Flechettes+1","Expertise"],"picked":"Predator+1","floor":28.0},{"not_picked":["Dagger Spray+1","Sucker Punch+1","Heel Hook+1"],"picked":"Deadly Poison","floor":31.0},{"not_picked":["Envenom","Night Terror","Unload+1"],"picked":"Bullet Time","floor":33.0},{"not_picked":["Blade Dance","Quick Slash+1","Choke+1"],"picked":"PiercingWail+1","floor":35.0},{"not_picked":["Expertise+1","Backflip","Blade Dance","Acrobatics+1"],"picked":"SKIP","floor":37.0},{"not_picked":["Reflex+1","Quick Slash+1","Outmaneuver+1"],"picked":"Deadly Poison","floor":39.0},{"not_picked":["Distraction","Leg Sweep","Crippling Poison+1"],"picked":"Well Laid Plans","floor":40.0},{"not_picked":["Underhanded Strike+1","Riddle With Holes+1","Backstab+1"],"picked":"Dagger Spray+1","floor":42.0},{"not_picked":["Slice+1","Cloak And Dagger+1","Masterful Stab+1"],"picked":"Backstab+1","floor":45.0},{"not_picked":["Prepared","Distraction","Underhanded Strike+1"],"picked":"Deadly Poison+1","floor":46.0}],"player_experience":119584,"relics_obtained":[{"floor":5.0,"key":"Bag of Marbles"},{"floor":7.0,"key":"Bottled Flame"},{"floor":9.0,"key":"Paper Crane"},{"floor":10.0,"key":"Blue Candle"},{"floor":24.0,"key":"Question Card"},{"floor":26.0,"key":"Molten Egg 2"},{"floor":40.0,"key":"PreservedInsect"},{"floor":43.0,"key":"Anchor"}],"event_choices":[{"damage_healed":0.0,"max_hp_gain":0.0,"max_hp_loss":0.0,"gold_gain":0.0,"event_name":"Big Fish","player_choice":"Box","floor":2.0,"gold_loss":0.0,"damage_taken":0.0,"relics_obtained":["Pantograph"],"cards_obtained":["Regret"]},{"damage_healed":17.0,"max_hp_gain":0.0,"max_hp_loss":0.0,"gold_gain":0.0,"event_name":"The Cleric","player_choice":"Healed","floor":11.0,"gold_loss":35.0,"damage_taken":0.0},{"damage_healed":0.0,"max_hp_gain":0.0,"max_hp_loss":0.0,"gold_gain":0.0,"event_name":"World of Goop","player_choice":"Left Gold","floor":13.0,"gold_loss":30.0,"damage_taken":0.0},{"damage_healed":0.0,"max_hp_gain":0.0,"max_hp_loss":0.0,"gold_gain":0.0,"event_name":"Ghosts","player_choice":"Ignored","floor":19.0,"gold_loss":0.0,"damage_taken":0.0},{"damage_healed":0.0,"max_hp_gain":0.0,"max_hp_loss":0.0,"gold_gain":0.0,"event_name":"Back to Basics","player_choice":"Simplicity","floor":22.0,"gold_loss":0.0,"damage_taken":0.0,"cards_upgraded":["Defend_G","Defend_G","Defend_G","Defend_G","Defend_G","Strike_G","Strike_G","Strike_G","Strike_G","Strike_G"]},{"cards_removed":["Predator"],"damage_healed":32.0,"max_hp_gain":0.0,"max_hp_loss":0.0,"gold_gain":0.0,"event_name":"Bonfire Elementals","player_choice":"Offered Uncommon","floor":36.0,"gold_loss":0.0,"damage_taken":0.0}],"is_beta":false,"boss_relics":[{"not_picked":["Empty Cage","Cursed Key"],"picked":"Orrery"},{"not_picked":["Ring of the Serpent","Astrolabe"],"picked":"Lizard Tail"}],"items_purged_floors":[12],"is_endless":false,"potions_floor_spawned":[3,4,7,10,14,18,27,28,31,37,42,46],"killed_by":"Transient","ascension_level":3}