{"gold_per_floor":[116,116,116,34,55,95,95,95,95,95,56,231,271,296,296,421,421,446,371,390,320,340,364,364,364,443,461,461,461,474,11,11,11],"floor_reached":33,"playtime":1008,"items_purged":[],"score":403,"play_id":"18c68d1f-d426-45f2-bd80-973146eb0288","local_time":"20190603051547","is_ascension_mode":true,"campfire_choices":[{"data":"Leg Sweep","floor":7.0,"key":"SMITH"},{"data":"Dodge and Roll","floor":10.0,"key":"SMITH"},{"floor":15.0,"key":"REST"},{"floor":24.0,"key":"REST"},{"floor":28.0,"key":"REST"},{"floor":32.0,"key":"REST"}],"neow_cost":"NONE","seed_source_timestamp":81223074615500,"circlet_count":0,"master_deck":["Defend_G","Defend_G+1","Defend_G","Defend_G","Defend_G","Strike_G","Strike_G","Strike_G","Strike_G+1","Survivor","Neutralize+1","PiercingWail+1","Blur+1","Dodge and Roll+1","Leg Sweep+1","Noxious Fumes","Bouncing Flask","Poisoned Stab+1","Noxious Fumes","Bouncing Flask","Poisoned Stab","Well Laid Plans","Crippling Poison","Well Laid Plans","Deadly Poison","Dash","Dagger Spray"],"special_seed":0,"relics":["Ring of the Snake","NeowsBlessing","Golden Idol","Gremlin Horn","Dodecahedron","Gambling Chip","Black Star","Tiny Chest","War Paint","Bottled Lightning"],"potions_floor_usage":[],"damage_taken":[{"damage":0.0,"enemies":"Cultist","floor":1.0,"turns":1.0},{"damage":0.0,"enemies":"Jaw Worm","floor":5.0,"turns":1.0},{"damage":0.0,"enemies":"Lagavulin","floor":6.0,"turns":1.0},{"damage":12.0,"enemies":"3 Sentries","floor":13.0,"turns":10.0},{"damage":0.0,"enemies":"Small Slimes","floor":14.0,"turns":3.0},{"damage":24.0,"enemies":"The Guardian","floor":16.0,"turns":10.0},{"damage":4.0,"enemies":"Spheric Guardian","floor":18.0,"turns":5.0},{"damage":5.0,"enemies":"Shell Parasite","floor":20.0,"turns":6.0},{"damage":30.0,"enemies":"Shelled Parasite and Fungi","floor":22.0,"turns":7.0},{"damage":12.0,"enemies":"Snecko","floor":23.0,"turns":4.0},{"damage":9.0,"enemies":"Chosen and Byrds","floor":27.0,"turns":7.0},{"damage":30.0,"enemies":"Cultist and Chosen","floor":30.0,"turns":6.0},{"damage":28,"enemies":"Collector","floor":33,"turns":3}],"seed_played":"-8792830653596473310","potions_obtained":[{"floor":14.0,"key":"Block Potion"},{"floor":22.0,"key":"Energy Potion"}],"is_trial":false,"path_per_floor":["M","?","?","$","M","E","R","?","T","R","$","?","E","M","R","B",null,"M","?","M","$","M","M","R","?","T","M","R","?","M","$","R","B"],"character_chosen":"THE_SILENT","items_purchased":["Blur","Noxious Fumes","Bouncing Flask","War Paint","Bottled Lightning","Dagger Spray"],"campfire_rested":4,"item_purchase_floors":[4,11,21,31,31,31],"current_hp_per_floor":[63,49,49,49,49,49,49,49,49,49,49,49,37,37,56,32,57,53,53,48,48,18,6,25,25,25,16,35,35,5,5,24,0],"gold":11,"neow_bonus":"THREE_ENEMY_KILL","is_prod":false,"is_daily":false,"chose_seed":false,"campfire_upgraded":2,"win_rate":0,"timestamp":1559564147,"path_taken":["M","?","?","$","M","E","R","?","T","R","$","?","E","M","R","BOSS","M","?","M","$","M","M","R","?","T","M","R","?","?","?","R","BOSS"],"build_version":"2019-01-23","purchased_purges":0,"victory":false,"max_hp_per_floor":[70,70,65,65,65,65,65,65,65,65,65,65,65,65,65,65,65,65,65,65,65,65,65,65,65,65,65,65,65,65,65,65,65],"card_choices":[{"not_picked":["Slice","Underhanded Strike"],"picked":"PiercingWail","floor":1.0},{"not_picked":["Eviscerate","Calculated Gamble"],"picked":"Dodge and Roll","floor":5.0},{"not_picked":["Sucker Punch","Outmaneuver"],"picked":"Leg Sweep","floor":6.0},{"not_picked":["Dash","Backflip"],"picked":"Bouncing Flask","floor":13.0},{"not_picked":["Dodge and Roll","Leg Sweep"],"picked":"Skewer","floor":14.0},{"not_picked":["Terror+1","Deflect"],"picked":"Poisoned Stab+1","floor":18.0},{"not_picked":["Quick Slash+1","Dagger Spray"],"picked":"Noxious Fumes","floor":20.0},{"not_picked":["Skewer","Accuracy"],"picked":"Poisoned Stab","floor":22.0},{"not_picked":["Riddle With Holes","Dagger Throw"],"picked":"Well Laid Plans","floor":23.0},{"not_picked":["Predator+1","Reflex"],"picked":"Deadly Poison","floor":27.0},{"not_picked":["Blade Dance","Bane"],"picked":"Dash","floor":30.0}],"player_experience":231144,"relics_obtained":[{"floor":6.0,"key":"Gremlin Horn"},{"floor":9.0,"key":"Dodecahedron"},{"floor":13.0,"key":"Gambling Chip"},{"floor":26.0,"key":"Tiny Chest"}],"event_choices":[{"damage_healed":0.0,"max_hp_gain":0.0,"max_hp_loss":0.0,"gold_gain":0.0,"event_name":"Shining Light","player_choice":"Entered Light","floor":2.0,"gold_loss":0.0,"damage_taken":14.0,"cards_upgraded":["Neutralize","Strike_G"]},{"damage_healed":0.0,"max_hp_gain":0.0,"max_hp_loss":5.0,"gold_gain":0.0,"event_name":"Golden Idol","player_choice":"Lose Max HP","floor":3.0,"gold_loss":0.0,"damage_taken":0.0,"relics_obtained":["Golden Idol"]},{"damage_healed":0.0,"max_hp_gain":0.0,"max_hp_loss":0.0,"gold_gain":0.0,"event_name":"Living Wall","player_choice":"Grow","floor":8.0,"gold_loss":0.0,"damage_taken":0.0,"cards_upgraded":["Blur"]},{"damage_healed":0.0,"max_hp_gain":0.0,"max_hp_loss":0.0,"gold_gain":175.0,"event_name":"Liars Game","player_choice":"AGREE","floor":12.0,"gold_loss":0.0,"damage_taken":0.0,"cards_obtained":["Doubt"]},{"cards_removed":["Doubt"],"damage_healed":0.0,"max_hp_gain":0.0,"max_hp_loss":0.0,"gold_gain":0.0,"event_name":"Beggar","player_choice":"Gave Gold","floor":19.0,"gold_loss":75.0,"damage_taken":0.0},{"damage_healed":0.0,"max_hp_gain":0.0,"max_hp_loss":0.0,"gold_gain":0.0,"cards_transformed":["Strike_G","Skewer"],"event_name":"Drug Dealer","player_choice":"Became Test Subject","floor":25.0,"gold_loss":0.0,"damage_taken":0.0,"cards_obtained":["Crippling Poison","Well Laid Plans"]},{"damage_healed":0.0,"max_hp_gain":0.0,"max_hp_loss":0.0,"gold_gain":0.0,"event_name":"Ghosts","player_choice":"Ignored","floor":29.0,"gold_loss":0.0,"damage_taken":0.0}],"is_beta":false,"boss_relics":[{"not_picked":["Fusion Hammer","Runic Dome"],"picked":"Black Star"}],"items_purged_floors":[],"is_endless":false,"potions_floor_spawned":[14,22],"killed_by":"Collector","ascension_level":9}