{"gold_per_floor":[115,115,33,46,24,52,52,84,84,84,102,112,112,37,37,134,134,146,146,146,146,161,161,180,205,205,220,70,97,97],"floor_reached":30,"playtime":1447,"items_purged":["Strike_B","Ghostly"],"score":329,"play_id":"e8d859e1-26e1-4c00-9208-2c776a97aa42","local_time":"20181119133840","is_ascension_mode":true,"campfire_choices":[{"data":"Self Repair","floor":7,"key":"SMITH"},{"data":"Darkness","floor":10,"key":"SMITH"},{"data":"Electrodynamics","floor":13,"key":"SMITH"},{"data":"Coolheaded","floor":15,"key":"SMITH"},{"data":"Ghostly","floor":23,"key":"SMITH"}],"neow_cost":"NONE","seed_source_timestamp":334494733648827,"circlet_count":0,"master_deck":["Strike_B","Strike_B","Defend_B+1","Defend_B","Defend_B","Defend_B+1","Zap","Dualcast","Electrodynamics+1","Go for the Eyes","Self Repair+1","Leap","Conserve Battery","White Noise","Darkness+1","Coolheaded+1","Buffer","BootSequence","Ghostly","Ghostly","Ghostly","Ghostly+1","Capacitor","Sunder+1","Ball Lightning","Beam Cell+1","Barrage","Defragment"],"relics":["Cracked Core","War Paint","Vajra","Bottled Tornado","Black Star","Strawberry","PreservedInsect","Question Card","StoneCalendar","Dead Branch"],"potions_floor_usage":[8,8,16,18,22,27,27,29],"damage_taken":[{"damage":2,"enemies":"Jaw Worm","floor":1,"turns":3},{"damage":0,"enemies":"Cultist","floor":4,"turns":4},{"damage":11,"enemies":"Lagavulin","floor":6,"turns":8},{"damage":21,"enemies":"Gremlin Nob","floor":8,"turns":4},{"damage":6,"enemies":"2 Louse","floor":11,"turns":2},{"damage":7,"enemies":"2 Fungi Beasts","floor":12,"turns":6},{"damage":26,"enemies":"Slime Boss","floor":16,"turns":11},{"damage":3,"enemies":"Spheric Guardian","floor":18,"turns":8},{"damage":2,"enemies":"3 Byrds","floor":22,"turns":2},{"damage":2,"enemies":"3 Cultists","floor":24,"turns":5},{"damage":19,"enemies":"Slavers","floor":25,"turns":3},{"damage":11,"enemies":"Snecko","floor":27,"turns":4},{"damage":3,"enemies":"Book of Stabbing","floor":29,"turns":6},{"damage":16,"enemies":"Snake Plant","floor":30,"turns":4}],"seed_played":"2589441675871502283","potions_obtained":[{"floor":1,"key":"FocusPotion"},{"floor":6,"key":"Energy Potion"},{"floor":11,"key":"EssenceOfSteel"},{"floor":12,"key":"Dexterity Potion"},{"floor":18,"key":"Explosive Potion"},{"floor":22,"key":"Weak Potion"},{"floor":24,"key":"Strength Potion"}],"is_trial":false,"path_per_floor":["M","?","$","M","$","E","R","E","T","R","M","M","R","$","R","B",null,"M","?","?","?","M","R","M","E","T","M","$","E","M"],"character_chosen":"DEFECT","items_purchased":["Self Repair","Conserve Battery","PowerPotion"],"campfire_rested":0,"item_purchase_floors":[3,5,28],"current_hp_per_floor":[73,73,73,75,75,71,71,60,60,60,54,57,57,57,57,41,75,75,37,33,33,41,41,42,30,30,19,19,16,0],"gold":97,"neow_bonus":"ONE_RANDOM_RARE_CARD","is_prod":false,"is_daily":false,"chose_seed":false,"campfire_upgraded":5,"win_rate":0,"timestamp":1542631120,"path_taken":["M","?","$","M","?","E","R","E","T","R","M","M","R","$","R","BOSS","M","?","?","?","M","R","?","E","T","M","?","E","M"],"build_version":"2018-11-15","purchased_purges":2,"victory":false,"max_hp_per_floor":[75,75,75,75,75,75,75,75,75,75,75,75,75,75,75,75,75,75,37,42,42,42,42,42,49,49,49,49,49,49],"card_choices":[{"not_picked":["Aggregate","Streamline"],"picked":"Go for the Eyes","floor":1},{"not_picked":["FTL","Barrage"],"picked":"Leap","floor":4},{"not_picked":["Rip and Tear","Skim"],"picked":"White Noise","floor":6},{"not_picked":["Reinforced Body","Hyperbeam"],"picked":"Darkness","floor":8},{"not_picked":["Reprogram","Hello World"],"picked":"Coolheaded","floor":11},{"not_picked":["Conserve Battery","Rip and Tear","Darkness"],"picked":"SKIP","floor":12},{"not_picked":["Biased Cognition","All For One"],"picked":"Buffer","floor":16},{"not_picked":["Rebound","Leap"],"picked":"BootSequence","floor":18},{"not_picked":["Turbo","Leap+1"],"picked":"Sunder+1","floor":22},{"not_picked":["Stack","Leap"],"picked":"Ball Lightning","floor":24},{"not_picked":["Barrage","Undo+1"],"picked":"Beam Cell+1","floor":25},{"not_picked":["Ball Lightning","Go for the Eyes","Hello World"],"picked":"Barrage","floor":27},{"not_picked":["Multi-Cast","Sweeping Beam+1","Go for the Eyes+1"],"picked":"Defragment","floor":29}],"player_experience":227637,"relics_obtained":[{"floor":6,"key":"War Paint"},{"floor":8,"key":"Vajra"},{"floor":9,"key":"Bottled Tornado"},{"floor":25,"key":"Strawberry"},{"floor":25,"key":"PreservedInsect"},{"floor":26,"key":"Question Card"},{"floor":29,"key":"StoneCalendar"},{"floor":29,"key":"Dead Branch"}],"event_choices":[{"cards_removed":["Strike_B"],"damage_healed":0,"gold_gain":0,"player_choice":"Offered Basic","damage_taken":0,"max_hp_gain":0,"max_hp_loss":0,"event_name":"Bonfire Elementals","floor":2,"gold_loss":0},{"damage_healed":0,"gold_gain":0,"player_choice":"Became a Ghost","damage_taken":0,"max_hp_gain":0,"max_hp_loss":38,"event_name":"Ghosts","floor":19,"gold_loss":0,"cards_obtained":["Ghostly","Ghostly","Ghostly","Ghostly","Ghostly"]},{"damage_healed":0,"gold_gain":0,"player_choice":"Shed Blood","damage_taken":9,"max_hp_gain":5,"max_hp_loss":0,"event_name":"Forgotten Altar","floor":20,"gold_loss":0},{"damage_healed":0,"gold_gain":0,"player_choice":"Read","damage_taken":0,"max_hp_gain":0,"max_hp_loss":0,"event_name":"The Library","floor":21,"gold_loss":0,"cards_obtained":["Capacitor"]}],"is_beta":true,"boss_relics":[{"not_picked":["Coffee Dripper","Velvet Choker"],"picked":"Black Star"}],"items_purged_floors":[14,28],"is_endless":false,"potions_floor_spawned":[1,6,11,12,18,22,24],"killed_by":"Snake Plant","ascension_level":2}