{"gold_per_floor":[111,128,128,147,13,13,288,288,357,357,368,393,23,23,23,100,100,20,20,20,20],"floor_reached":21,"playtime":1020,"items_purged":["Strike_R"],"score":327,"play_id":"7056a1ff-9536-442d-9ed7-56991ab7e629","local_time":"20190514102248","is_ascension_mode":true,"campfire_choices":[{"data":"Flex","floor":6,"key":"SMITH"},{"data":"Hemokinesis","floor":8,"key":"SMITH"},{"data":"Bash","floor":10,"key":"SMITH"},{"data":"1","floor":15,"key":"LIFT"}],"neow_cost":"TEN_PERCENT_HP_LOSS","seed_source_timestamp":9929809497399,"circlet_count":0,"master_deck":["AscendersBane","Strike_R","Strike_R","Strike_R","Strike_R","Defend_R","Defend_R","Defend_R","Defend_R","Bash+1","Secret Weapon","Thinking Ahead","Hemokinesis+1","Limit Break","Reckless Charge","Flex+1","Regret","Anger","Armaments","Cleave","Fiend Fire","Clothesline+1","Cleave"],"relics":["Burning Blood","Ornamental Fan","Calipers","Girya","Ectoplasm"],"potions_floor_usage":[12,16,20],"damage_taken":[{"damage":13,"enemies":"Cultist","floor":1,"turns":5},{"damage":15,"enemies":"Jaw Worm","floor":2,"turns":4},{"damage":13,"enemies":"Small Slimes","floor":4,"turns":3},{"damage":2,"enemies":"2 Fungi Beasts","floor":11,"turns":2},{"damage":24,"enemies":"Lagavulin","floor":12,"turns":5},{"damage":30,"enemies":"Hexaghost","floor":16,"turns":6},{"damage":36,"enemies":"2 Thieves","floor":18,"turns":4},{"damage":23,"enemies":"3 Byrds","floor":20,"turns":7},{"damage":14,"enemies":"Centurion and Healer","floor":21,"turns":1}],"seed_played":"2782583157607583318","potions_obtained":[{"floor":1,"key":"PowerPotion"},{"floor":2,"key":"GamblersBrew"},{"floor":16,"key":"SkillPotion"}],"is_trial":false,"path_per_floor":["M","M","?","M","$","R","?","R","T","R","M","E","$","?","R","B",null,"M","?","M","M"],"character_chosen":"IRONCLAD","items_purchased":["Flex","Girya","Cleave"],"campfire_rested":0,"item_purchase_floors":[5,13,13],"current_hp_per_floor":[61,52,52,45,45,45,45,45,45,45,49,31,31,36,36,12,58,28,28,11,0],"gold":20,"neow_bonus":"RANDOM_COLORLESS_2","is_prod":false,"is_daily":false,"chose_seed":false,"campfire_upgraded":3,"win_rate":0,"timestamp":1557822168,"path_taken":["M","M","?","M","$","R","?","R","T","R","?","E","$","?","R","BOSS","M","?","M","M"],"build_version":"2019-01-23","purchased_purges":1,"victory":false,"max_hp_per_floor":[68,68,68,68,68,68,68,68,68,68,68,68,68,73,73,73,73,73,73,73,73],"card_choices":[{"not_picked":["Havoc","Pommel Strike"],"picked":"Hemokinesis","floor":1},{"not_picked":["Sword Boomerang","Fire Breathing"],"picked":"Limit Break","floor":2},{"not_picked":["Havoc","Fire Breathing"],"picked":"Reckless Charge","floor":4},{"not_picked":["Perfected Strike","Heavy Blade"],"picked":"Anger","floor":11},{"not_picked":["Iron Wave","True Grit"],"picked":"Armaments","floor":12},{"not_picked":["Bludgeon","Juggernaut"],"picked":"Fiend Fire","floor":16},{"not_picked":["Twin Strike","Evolve"],"picked":"Clothesline","floor":18},{"not_picked":["Clothesline","Twin Strike"],"picked":"Cleave","floor":20}],"player_experience":172641,"relics_obtained":[{"floor":9,"key":"Ornamental Fan"},{"floor":12,"key":"Calipers"}],"event_choices":[{"damage_healed":0,"gold_gain":0,"player_choice":"Leave","damage_taken":0,"max_hp_gain":0,"max_hp_loss":0,"event_name":"The Cleric","floor":3,"gold_loss":0},{"damage_healed":0,"gold_gain":275,"player_choice":"Desecrate","damage_taken":0,"max_hp_gain":0,"max_hp_loss":0,"event_name":"Golden Shrine","floor":7,"gold_loss":0,"cards_obtained":["Regret"]},{"damage_healed":0,"gold_gain":0,"player_choice":"Donut","damage_taken":0,"max_hp_gain":5,"max_hp_loss":0,"event_name":"Big Fish","floor":14,"gold_loss":0},{"damage_healed":0,"gold_gain":0,"player_choice":"Upgraded","damage_taken":0,"max_hp_gain":0,"max_hp_loss":0,"event_name":"Upgrade Shrine","floor":19,"gold_loss":0,"cards_upgraded":["Clothesline"]}],"is_beta":false,"boss_relics":[{"not_picked":["Black Blood","Runic Pyramid"],"picked":"Ectoplasm"}],"items_purged_floors":[5],"is_endless":false,"potions_floor_spawned":[1,2,16],"killed_by":"Centurion and Healer","ascension_level":17}