{"gold_per_floor":[110,60,8,8,19,45,45,45,45,58,233,253,253,328,328,452,452,467,382,657,671,689,689,129,129],"floor_reached":25,"playtime":767,"items_purged":["Regret"],"score":336,"play_id":"36adb5a4-596b-49b9-b25c-1dfe37528026","local_time":"20190605053409","is_ascension_mode":true,"campfire_choices":[{"data":"Deflect","floor":7.0,"key":"SMITH"},{"floor":15.0,"key":"REST"},{"floor":23,"key":"REST"}],"neow_cost":"NONE","seed_source_timestamp":88465080951600,"circlet_count":0,"master_deck":["AscendersBane","Defend_G","Defend_G","Defend_G","Defend_G","Strike_G","Strike_G","Strike_G","Strike_G","Survivor","Neutralize","Calculated Gamble","Deadly Poison+1","Deflect+1","Outmaneuver","Envenom","Deadly Poison","Doubt","Venomology","Corpse Explosion","Backflip+1","Escape Plan","Outmaneuver+1","Footwork"],"special_seed":0,"relics":["Ring of the Snake","NeowsBlessing","Juzu Bracelet","Meat on the Bone","Golden Idol","Lizard Tail","Ornamental Fan","Oddly Smooth Stone","Toxic Egg 2"],"potions_floor_usage":[22,22,25,25],"damage_taken":[{"damage":0.0,"enemies":"Small Slimes","floor":1.0,"turns":1.0},{"damage":0.0,"enemies":"2 Louse","floor":5.0,"turns":1.0},{"damage":0.0,"enemies":"3 Sentries","floor":6.0,"turns":1.0},{"damage":0.0,"enemies":"Cultist","floor":10.0,"turns":4.0},{"damage":18.0,"enemies":"Large Slime","floor":12.0,"turns":7.0},{"damage":45.0,"enemies":"Hexaghost","floor":16.0,"turns":10.0},{"damage":21.0,"enemies":"Shell Parasite","floor":18.0,"turns":7.0},{"damage":13.0,"enemies":"Chosen","floor":21.0,"turns":6.0},{"damage":44,"enemies":"Shelled Parasite and Fungi","floor":22,"turns":5},{"damage":59,"enemies":"Gremlin Leader","floor":25,"turns":6}],"seed_played":"5825962968709770411","potions_obtained":[{"floor":1.0,"key":"GamblersBrew"},{"floor":10.0,"key":"Explosive Potion"},{"floor":12.0,"key":"Energy Potion"},{"floor":21.0,"key":"Dexterity Potion"},{"floor":22,"key":"Weak Potion"}],"is_trial":false,"path_per_floor":["M","?","$","?","M","E","R","?","T","M","?","M","?","?","R","B",null,"M","?","?","M","M","R","$","E"],"character_chosen":"THE_SILENT","items_purchased":["Deadly Poison","Oddly Smooth Stone","Toxic Egg 2","Footwork"],"campfire_rested":2,"item_purchase_floors":[3,24,24,24],"current_hp_per_floor":[63,63,63,63,63,63,63,63,63,63,63,45,45,34,53,20,54,33,33,33,32,33,52,52,0],"gold":129,"neow_bonus":"THREE_ENEMY_KILL","is_prod":false,"is_daily":false,"chose_seed":false,"campfire_upgraded":1,"win_rate":0,"timestamp":1559738049,"path_taken":["M","?","$","?","M","E","R","?","T","M","?","M","?","?","R","BOSS","M","?","?","M","M","R","$","E"],"build_version":"2019-01-23","purchased_purges":1,"victory":false,"max_hp_per_floor":[70,70,70,70,70,70,70,70,70,70,70,70,65,65,65,65,65,65,65,65,65,65,65,65,65],"card_choices":[{"not_picked":["Sucker Punch","Cloak And Dagger"],"picked":"Calculated Gamble","floor":1.0},{"not_picked":["Tactician","Heel Hook"],"picked":"Deflect","floor":5.0},{"not_picked":["Dagger Throw","Quick Slash"],"picked":"Outmaneuver","floor":6.0},{"not_picked":["Poisoned Stab","Deflect"],"picked":"Deadly Poison","floor":10.0},{"not_picked":["Acrobatics","Predator"],"picked":"Venomology","floor":12.0},{"not_picked":["Envenom","Adrenaline"],"picked":"Corpse Explosion","floor":16.0},{"not_picked":["Escape Plan+1","Distraction"],"picked":"Backflip+1","floor":18.0},{"not_picked":["Outmaneuver","Prepared"],"picked":"Escape Plan","floor":21.0},{"not_picked":["Concentrate","Masterful Stab"],"picked":"Outmaneuver+1","floor":22}],"player_experience":302041,"relics_obtained":[{"floor":6.0,"key":"Juzu Bracelet"},{"floor":9.0,"key":"Meat on the Bone"}],"event_choices":[{"cards_removed":["Strike_G"],"damage_healed":0.0,"max_hp_gain":0.0,"max_hp_loss":0.0,"gold_gain":0.0,"event_name":"The Cleric","player_choice":"Card Removal","floor":2.0,"gold_loss":50.0,"damage_taken":0.0},{"damage_healed":0.0,"max_hp_gain":0.0,"max_hp_loss":0.0,"gold_gain":0.0,"event_name":"Accursed Blacksmith","player_choice":"Forge","floor":4.0,"gold_loss":0.0,"damage_taken":0.0,"cards_upgraded":["Deadly Poison"]},{"damage_healed":0.0,"max_hp_gain":0.0,"max_hp_loss":0.0,"gold_gain":0.0,"cards_transformed":["Defend_G"],"event_name":"Living Wall","player_choice":"Change","floor":8.0,"gold_loss":0.0,"damage_taken":0.0,"cards_obtained":["Envenom"]},{"damage_healed":0.0,"max_hp_gain":0.0,"max_hp_loss":0.0,"gold_gain":175.0,"event_name":"Liars Game","player_choice":"AGREE","floor":11.0,"gold_loss":0.0,"damage_taken":0.0,"cards_obtained":["Doubt"]},{"damage_healed":0.0,"max_hp_gain":0.0,"max_hp_loss":5.0,"gold_gain":0.0,"event_name":"Golden Idol","player_choice":"Lose Max HP","floor":13.0,"gold_loss":0.0,"damage_taken":0.0,"relics_obtained":["Golden Idol"]},{"damage_healed":0.0,"max_hp_gain":0.0,"max_hp_loss":0.0,"gold_gain":75.0,"event_name":"World of Goop","player_choice":"Gather Gold","floor":14.0,"gold_loss":0.0,"damage_taken":11.0},{"damage_healed":0.0,"max_hp_gain":0.0,"max_hp_loss":0.0,"gold_gain":0.0,"event_name":"Addict","player_choice":"Obtained Relic","floor":19.0,"gold_loss":85.0,"damage_taken":0.0,"relics_obtained":["Ornamental Fan"]},{"damage_healed":0.0,"max_hp_gain":0.0,"max_hp_loss":0.0,"gold_gain":275.0,"event_name":"Golden Shrine","player_choice":"Desecrate","floor":20.0,"gold_loss":0.0,"damage_taken":0.0,"cards_obtained":["Regret"]}],"is_beta":false,"boss_relics":[{"not_picked":["WristBlade","Pandora\u0027s Box"],"picked":"Lizard Tail"}],"items_purged_floors":[24],"is_endless":false,"potions_floor_spawned":[1,10,12,21,22],"killed_by":"Gremlin Leader","ascension_level":10}