{"gold_per_floor":[114,134,234,253,253,253,264,264,264,275,310,329,346,311,311,415,415,428,441,78,78,89,89,49,64,64,64,82,82],"floor_reached":29,"playtime":1406,"items_purged":[],"score":263,"play_id":"b3f01195-45c2-4b29-9462-06ce19115b60","local_time":"20190529075414","is_ascension_mode":true,"campfire_choices":[{"data":"Dash","floor":6.0,"key":"SMITH"},{"data":"Survivor","floor":8.0,"key":"SMITH"},{"floor":15.0,"key":"REST"},{"floor":23.0,"key":"REST"},{"floor":27.0,"key":"REST"}],"neow_cost":"NONE","seed_source_timestamp":121113202392200,"circlet_count":0,"master_deck":["Defend_G+1","Defend_G+1","Defend_G+1","Defend_G+1","Defend_G+1","Strike_G+1","Strike_G+1","Strike_G+1","Strike_G+1","Survivor+1","Neutralize","Leg Sweep","Calculated Gamble","Dash+1","PiercingWail","Blur","Deflect+1","Distraction","Backflip","Corpse Explosion","Slice+1","Dodge and Roll","Bouncing Flask","Deadly Poison+1"],"special_seed":0,"relics":["Ring of the Snake","NeowsBlessing","Ancient Tea Set","Dodecahedron","Ice Cream","Letter Opener"],"potions_floor_usage":[29],"damage_taken":[{"damage":0.0,"enemies":"Cultist","floor":1.0,"turns":1.0},{"damage":0.0,"enemies":"2 Louse","floor":2.0,"turns":1.0},{"damage":0.0,"enemies":"Small Slimes","floor":4.0,"turns":1.0},{"damage":9.0,"enemies":"2 Fungi Beasts","floor":7.0,"turns":5.0},{"damage":0.0,"enemies":"Large Slime","floor":10.0,"turns":8.0},{"damage":39.0,"enemies":"Lagavulin","floor":11.0,"turns":17.0},{"damage":4.0,"enemies":"Red Slaver","floor":12.0,"turns":6.0},{"damage":0.0,"enemies":"Looter","floor":13.0,"turns":4.0},{"damage":8.0,"enemies":"The Guardian","floor":16.0,"turns":35.0},{"damage":24.0,"enemies":"Shell Parasite","floor":18.0,"turns":9.0},{"damage":30.0,"enemies":"2 Thieves","floor":19.0,"turns":4.0},{"damage":9.0,"enemies":"Snake Plant","floor":22.0,"turns":10.0},{"damage":4.0,"enemies":"Shelled Parasite and Fungi","floor":25.0,"turns":8.0},{"damage":0.0,"enemies":"Cultist and Chosen","floor":28.0,"turns":5.0},{"damage":50,"enemies":"Gremlin Leader","floor":29,"turns":6}],"seed_played":"827703848105689622","potions_obtained":[{"floor":4.0,"key":"Weak Potion"},{"floor":7.0,"key":"Weak Potion"},{"floor":12.0,"key":"GamblersBrew"},{"floor":16.0,"key":"Swift Potion"},{"floor":28.0,"key":"SteroidPotion"}],"is_trial":false,"path_per_floor":["M","M","?","M","?","R","M","R","T","M","E","M","M","?","R","B",null,"M","M","$","?","M","R","?","M","T","R","M","E"],"character_chosen":"THE_SILENT","items_purchased":["Bouncing Flask","Ice Cream"],"campfire_rested":3,"item_purchase_floors":[20,20],"current_hp_per_floor":[70,70,70,70,70,70,61,61,61,61,22,18,18,35,56,48,70,46,16,16,16,7,28,28,24,24,45,45,0],"gold":82,"neow_bonus":"THREE_ENEMY_KILL","is_prod":false,"is_daily":false,"chose_seed":false,"campfire_upgraded":2,"win_rate":0,"timestamp":1559141654,"path_taken":["M","M","?","?","?","R","?","R","T","M","E","M","M","?","R","BOSS","M","M","$","?","M","R","?","M","T","R","?","E"],"build_version":"2019-01-23","purchased_purges":0,"victory":false,"max_hp_per_floor":[70,70,70,70,70,70,70,70,70,70,70,70,70,70,70,70,70,70,70,70,70,70,70,70,70,70,70,70,70],"card_choices":[{"not_picked":["Blade Dance","Acrobatics"],"picked":"Leg Sweep","floor":1.0},{"not_picked":["Tactician","Quick Slash"],"picked":"Calculated Gamble","floor":2.0},{"not_picked":["Distraction","Deflect"],"picked":"Dash","floor":4.0},{"not_picked":["Riddle With Holes","Blade Dance"],"picked":"PiercingWail","floor":7.0},{"not_picked":["Endless Agony","Outmaneuver"],"picked":"Blur","floor":10.0},{"not_picked":["Predator","Underhanded Strike"],"picked":"Deflect","floor":11.0},{"not_picked":["Sucker Punch","Bane"],"picked":"Distraction","floor":12.0},{"not_picked":["Sucker Punch","Quick Slash"],"picked":"Backflip","floor":13.0},{"not_picked":["Envenom","Wraith Form v2"],"picked":"Corpse Explosion","floor":16.0},{"not_picked":["Accuracy","Backflip"],"picked":"Slice+1","floor":18.0},{"not_picked":["Sucker Punch","Finisher+1"],"picked":"Dodge and Roll","floor":19.0},{"not_picked":["Eviscerate+1","Dagger Throw"],"picked":"Deadly Poison","floor":22.0},{"not_picked":["Cloak And Dagger","Endless Agony","Blade Dance"],"picked":"SKIP","floor":25.0},{"not_picked":["Underhanded Strike","Flechettes+1","Terror"],"picked":"SKIP","floor":28.0}],"player_experience":127150,"relics_obtained":[{"floor":9.0,"key":"Ancient Tea Set"},{"floor":11.0,"key":"Dodecahedron"},{"floor":26.0,"key":"Letter Opener"}],"event_choices":[{"damage_healed":0.0,"max_hp_gain":0.0,"max_hp_loss":0.0,"gold_gain":100.0,"event_name":"Golden Shrine","player_choice":"Pray","floor":3.0,"gold_loss":0.0,"damage_taken":0.0},{"cards_removed":["Strike_G"],"damage_healed":0.0,"max_hp_gain":0.0,"max_hp_loss":0.0,"gold_gain":0.0,"event_name":"Purifier","player_choice":"Purged","floor":5.0,"gold_loss":0.0,"damage_taken":0.0},{"damage_healed":17.0,"max_hp_gain":0.0,"max_hp_loss":0.0,"gold_gain":0.0,"event_name":"The Cleric","player_choice":"Healed","floor":14.0,"gold_loss":35.0,"damage_taken":0.0},{"damage_healed":0.0,"max_hp_gain":0.0,"max_hp_loss":0.0,"gold_gain":0.0,"event_name":"Back to Basics","player_choice":"Simplicity","floor":21.0,"gold_loss":0.0,"damage_taken":0.0,"cards_upgraded":["Defend_G","Defend_G","Defend_G","Defend_G","Defend_G","Strike_G","Strike_G","Strike_G","Strike_G"]},{"damage_healed":0.0,"max_hp_gain":0.0,"max_hp_loss":0.0,"gold_gain":0.0,"event_name":"Designer","player_choice":"Upgraded Two","floor":24.0,"gold_loss":40.0,"damage_taken":0.0,"cards_upgraded":["Deadly Poison","Deflect"]}],"is_beta":false,"boss_relics":[{"not_picked":["Pandora\u0027s Box","Coffee Dripper","Runic Pyramid"]}],"items_purged_floors":[],"is_endless":false,"potions_floor_spawned":[4,7,12,16,28],"killed_by":"Gremlin Leader","ascension_level":3}