{"gold_per_floor":[110,127,139,139,150,162,197,209,221,243,320,345,39,39,39,143,143,160,180,280,300,315,315,341,341,364,364,378,378,378,40,40,143,143,154,28,28,38,58,58,87,87,134,469,469,482,482],"floor_reached":47,"playtime":6295,"items_purged":[],"score":709,"play_id":"fbac69ee-46a9-410a-b0bf-2911830026fd","local_time":"20190419134629","is_ascension_mode":true,"campfire_choices":[{"floor":8.0,"key":"REST"},{"floor":15.0,"key":"REST"},{"data":"Creative AI","floor":23,"key":"SMITH"},{"data":"Double Energy","floor":25,"key":"SMITH"},{"data":"Capacitor","floor":29,"key":"SMITH"},{"data":"Dualcast","floor":32,"key":"SMITH"},{"floor":40,"key":"REST"},{"floor":42,"key":"REST"}],"neow_cost":"NONE","seed_source_timestamp":0,"circlet_count":0,"master_deck":["Defend_B","Defend_B","Defend_B","Zap+1","Dualcast+1","Machine Learning","Conserve Battery","Capacitor","Go for the Eyes","Cold Snap","Glacier","Consume","Coolheaded","Capacitor+1","Coolheaded","Double Energy+1","Flash of Steel","Creative AI+1","Coolheaded","Fusion+1","The Bomb","Creative AI","Seek+1","Undo+1","Tempest+1","Hyperbeam","Reprogram","Multi-Cast","Zap","Coolheaded+1"],"special_seed":0,"relics":["Cracked Core","MawBank","Kunai","The Courier","Bronze Scales","Nuclear Battery","Dead Branch","Letter Opener","Astrolabe","Strawberry","Bag of Preparation","Happy Flower","Old Coin"],"potions_floor_usage":[24,30,35,41,41,41,44],"damage_taken":[{"damage":1.0,"enemies":"Cultist","floor":1.0,"turns":3.0},{"damage":0.0,"enemies":"2 Louse","floor":2.0,"turns":2.0},{"damage":0.0,"enemies":"Small Slimes","floor":3.0,"turns":4.0},{"damage":8.0,"enemies":"3 Louse","floor":5.0,"turns":3.0},{"damage":7.0,"enemies":"Red Slaver","floor":6.0,"turns":3.0},{"damage":60.0,"enemies":"Gremlin Nob","floor":7.0,"turns":6.0},{"damage":0.0,"enemies":"Blue Slaver","floor":10.0,"turns":5.0},{"damage":9.0,"enemies":"3 Sentries","floor":11.0,"turns":12.0},{"damage":0.0,"enemies":"Exordium Wildlife","floor":12.0,"turns":4.0},{"damage":17.0,"enemies":"Slime Boss","floor":16.0,"turns":13.0},{"damage":0.0,"enemies":"Chosen","floor":18.0,"turns":7.0},{"damage":0.0,"enemies":"3 Byrds","floor":19.0,"turns":3.0},{"damage":8.0,"enemies":"Centurion and Healer","floor":21.0,"turns":10.0},{"damage":10.0,"enemies":"Shelled Parasite and Fungi","floor":22.0,"turns":9.0},{"damage":2,"enemies":"Book of Stabbing","floor":24,"turns":6},{"damage":6,"enemies":"3 Cultists","floor":28,"turns":7},{"damage":0,"enemies":"Gremlin Leader","floor":30,"turns":1},{"damage":9,"enemies":"Collector","floor":33,"turns":11},{"damage":4,"enemies":"Orb Walker","floor":35,"turns":5},{"damage":24,"enemies":"3 Darklings","floor":38,"turns":6},{"damage":24,"enemies":"Spire Growth","floor":39,"turns":6},{"damage":24,"enemies":"Reptomancer","floor":41,"turns":9},{"damage":21,"enemies":"Nemesis","floor":44,"turns":12},{"damage":0,"enemies":"Writhing Mass","floor":46,"turns":6},{"damage":28,"enemies":"Transient","floor":47,"turns":3}],"seed_played":"-8229497059539999913","potions_obtained":[{"floor":2.0,"key":"FairyPotion"},{"floor":3.0,"key":"SmokeBomb"},{"floor":4.0,"key":"EntropicBrew"},{"floor":7.0,"key":"SpeedPotion"},{"floor":10.0,"key":"Dexterity Potion"},{"floor":18.0,"key":"LiquidBronze"},{"floor":19.0,"key":"EssenceOfSteel"},{"floor":22,"key":"Block Potion"},{"floor":24,"key":"Energy Potion"},{"floor":33,"key":"GamblersBrew"},{"floor":38,"key":"SpeedPotion"}],"is_trial":false,"path_per_floor":["M","M","M","?","M","M","E","R","T","M","?","M","$","?","R","B",null,"M","M","?","M","M","R","E","R","T","?","M","R","E","$","R","B",null,"M","$","?","M","M","R","E","R","T","E","?","M","M"],"character_chosen":"DEFECT","items_purchased":["Bronze Scales","Capacitor","Coolheaded","Double Energy","Flash of Steel","Letter Opener","The Bomb","Strawberry"],"campfire_rested":4,"item_purchase_floors":[13,13,13,13,13,31,31,36],"current_hp_per_floor":[74,74,74,74,66,59,7,29,29,29,20,20,20,20,42,25,63,63,63,63,55,45,45,43,43,43,68,62,62,62,62,62,53,70,66,73,73,49,25,49,25,49,49,28,28,28,0],"gold":482,"neow_bonus":"TRANSFORM_CARD","is_prod":false,"is_daily":false,"chose_seed":false,"campfire_upgraded":4,"win_rate":0,"timestamp":1555706789,"path_taken":["M","M","M","?","M","?","E","R","T","M","?","M","$","?","R","BOSS","M","M","?","?","M","R","E","R","T","?","?","R","E","$","R","BOSS","M","$","?","M","?","R","E","R","T","E","?","M","?"],"build_version":"2019-01-23","purchased_purges":0,"victory":false,"max_hp_per_floor":[75,75,75,75,75,75,75,75,75,75,75,75,75,75,75,75,75,75,75,75,75,75,75,75,75,75,75,75,75,75,75,75,75,75,75,82,82,82,82,82,82,82,82,82,82,82,82],"card_choices":[{"not_picked":["Gash","Steam"],"picked":"Conserve Battery","floor":1.0},{"not_picked":["Reprogram","Steam"],"picked":"Capacitor","floor":2.0},{"not_picked":["Recycle","Auto Shields"],"picked":"Go for the Eyes","floor":3.0},{"not_picked":["Barrage","Scrape"],"picked":"Cold Snap","floor":5.0},{"not_picked":["Static Discharge","Turbo","Lockon"],"picked":"SKIP","floor":6.0},{"not_picked":["Heatsinks","Hello World"],"picked":"Glacier","floor":7.0},{"not_picked":["Steam Power","Compile Driver","Skim"],"picked":"SKIP","floor":10.0},{"not_picked":["Go for the Eyes","Lockon"],"picked":"Consume","floor":11.0},{"not_picked":["BootSequence","Undo"],"picked":"Coolheaded","floor":12.0},{"not_picked":["Biased Cognition","Multi-Cast"],"picked":"Creative AI","floor":16.0},{"not_picked":["Barrage","Gash","Turbo"],"picked":"SKIP","floor":18.0},{"not_picked":["Cold Snap","Blizzard"],"picked":"Coolheaded","floor":19.0},{"not_picked":["Stack","Beam Cell","Blizzard"],"picked":"SKIP","floor":21.0},{"not_picked":["Barrage+1","Skim+1","Thunder Strike"],"picked":"SKIP","floor":22},{"not_picked":["Melter+1","Consume+1"],"picked":"Fusion+1","floor":24},{"not_picked":["Blizzard","Hologram+1","Scrape"],"picked":"SKIP","floor":28},{"not_picked":["Reboot","All For One"],"picked":"Creative AI","floor":33},{"not_picked":["Sweeping Beam+1","Steam","Double Energy"],"picked":"SKIP","floor":35},{"not_picked":["Coolheaded","Steam+1"],"picked":"Reprogram","floor":38},{"not_picked":["Melter","Conserve Battery","Streamline+1"],"picked":"SKIP","floor":39},{"not_picked":["Sweeping Beam","Hologram"],"picked":"Multi-Cast","floor":41},{"not_picked":["Conserve Battery","Steam","Auto Shields"],"picked":"SKIP","floor":44},{"not_picked":["Cold Snap","Melter"],"picked":"Coolheaded+1","floor":46}],"player_experience":481868,"relics_obtained":[{"floor":7.0,"key":"MawBank"},{"floor":9.0,"key":"Kunai"},{"floor":24,"key":"Dead Branch"},{"floor":41,"key":"Bag of Preparation"},{"floor":43,"key":"Happy Flower"},{"floor":44,"key":"Old Coin"}],"event_choices":[{"damage_healed":0.0,"max_hp_gain":0.0,"max_hp_loss":0.0,"gold_gain":0.0,"event_name":"Lab","player_choice":"Got Potions","floor":4.0,"gold_loss":0.0,"damage_taken":0.0},{"damage_healed":0.0,"max_hp_gain":0.0,"max_hp_loss":0.0,"gold_gain":0.0,"event_name":"Dead Adventurer","player_choice":"Searched \u00272\u0027 times","floor":11.0,"gold_loss":0.0,"damage_taken":0.0,"relics_obtained":["The Courier"]},{"damage_healed":0.0,"max_hp_gain":0.0,"max_hp_loss":0.0,"gold_gain":0.0,"event_name":"Living Wall","player_choice":"Grow","floor":14.0,"gold_loss":0.0,"damage_taken":0.0,"cards_upgraded":["Zap"]},{"damage_healed":0.0,"max_hp_gain":0.0,"max_hp_loss":0.0,"gold_gain":100.0,"event_name":"Golden Shrine","player_choice":"Pray","floor":20.0,"gold_loss":0.0,"damage_taken":0.0},{"damage_healed":25,"gold_gain":0,"player_choice":"Heal","damage_taken":0,"max_hp_gain":0,"max_hp_loss":0,"event_name":"The Library","floor":27,"gold_loss":0},{"damage_healed":0,"gold_gain":0,"cards_transformed":["Strike_B"],"player_choice":"Transformed","damage_taken":0,"max_hp_gain":0,"max_hp_loss":0,"event_name":"Transmorgrifier","floor":37,"gold_loss":0,"cards_obtained":["Hyperbeam"]},{"damage_healed":0,"gold_gain":0,"player_choice":"1 cards matched","damage_taken":0,"max_hp_gain":0,"max_hp_loss":0,"event_name":"Match and Keep!","floor":45,"gold_loss":0,"cards_obtained":["Zap"]}],"is_beta":false,"boss_relics":[{"not_picked":["Tiny House","Velvet Choker"],"picked":"Nuclear Battery"},{"not_picked":["White Beast Statue","Runic Pyramid"],"picked":"Astrolabe"}],"items_purged_floors":[],"is_endless":false,"potions_floor_spawned":[2,3,7,10,11,18,19,22,24,30,33,38,39],"killed_by":"Transient","ascension_level":5}