{"gold_per_floor":[117,117,135,153,173,199,83,83,83,83,83,117,136,121],"floor_reached":14,"playtime":762,"items_purged":[],"score":125,"play_id":"53fad759-a604-4f38-a8da-396735c73a24","local_time":"20190523191311","is_ascension_mode":true,"campfire_choices":[{"floor":10,"key":"REST"}],"neow_cost":"NONE","seed_source_timestamp":416990702764700,"circlet_count":0,"master_deck":["Strike_R","Strike_R","Strike_R","Strike_R","Defend_R","Defend_R","Defend_R","Bash","Blind","Shrug It Off","Clash","Seeing Red","Spot Weakness","Dropkick","Exhume+1"],"special_seed":0,"relics":["Burning Blood","Pantograph","Toxic Egg 2","Dodecahedron"],"potions_floor_usage":[14],"damage_taken":[{"damage":2.0,"enemies":"2 Louse","floor":1.0,"turns":3.0},{"damage":0.0,"enemies":"Cultist","floor":3.0,"turns":4.0},{"damage":4.0,"enemies":"Small Slimes","floor":4.0,"turns":4.0},{"damage":7,"enemies":"Blue Slaver","floor":5,"turns":3},{"damage":63,"enemies":"Gremlin Nob","floor":6,"turns":7},{"damage":44,"enemies":"3 Sentries","floor":12,"turns":9},{"damage":12,"enemies":"Exordium Thugs","floor":13,"turns":4},{"damage":8,"enemies":"Looter","floor":14,"turns":1}],"seed_played":"-2531585358473332664","potions_obtained":[{"floor":5,"key":"FairyPotion"},{"floor":12,"key":"Weak Potion"}],"is_trial":false,"path_per_floor":["M","?","M","M","M","E","$","?","T","R","?","E","M","M"],"character_chosen":"IRONCLAD","items_purchased":["Spot Weakness","Dropkick"],"campfire_rested":1,"item_purchase_floors":[7,7],"current_hp_per_floor":[80,80,80,80,79,22,22,15,15,39,39,14,8,0],"gold":121,"neow_bonus":"RANDOM_COLORLESS","is_prod":false,"is_daily":false,"chose_seed":false,"campfire_upgraded":0,"win_rate":0,"timestamp":1558631591,"path_taken":["M","?","M","?","?","E","$","?","T","R","?","E","M","M"],"build_version":"2019-05-07","purchased_purges":0,"victory":false,"max_hp_per_floor":[80,80,80,80,80,80,80,80,80,80,80,80,80,80],"card_choices":[{"not_picked":["Headbutt","Warcry"],"picked":"Shrug It Off","floor":1.0},{"not_picked":["Hemokinesis","Evolve"],"picked":"Clash","floor":3.0},{"not_picked":["Clash","Wild Strike","Havoc"],"picked":"SKIP","floor":4},{"not_picked":["Sword Boomerang","Second Wind"],"picked":"Seeing Red","floor":5},{"not_picked":["Searing Blow","Headbutt","Wild Strike"],"picked":"SKIP","floor":6},{"not_picked":["Rupture","Dark Embrace","Wild Strike"],"picked":"SKIP","floor":12},{"not_picked":["Warcry+1","Wild Strike"],"picked":"Exhume+1","floor":13}],"player_experience":339054,"relics_obtained":[{"floor":6,"key":"Pantograph"},{"floor":9,"key":"Toxic Egg 2"},{"floor":12,"key":"Dodecahedron"}],"event_choices":[{"cards_removed":["Strike_R"],"damage_healed":0.0,"max_hp_gain":0.0,"max_hp_loss":0.0,"gold_gain":0.0,"event_name":"Bonfire Elementals","player_choice":"Offered Basic","floor":2.0,"gold_loss":0.0,"damage_taken":0.0},{"cards_removed":["Defend_R"],"damage_healed":0,"gold_gain":0,"player_choice":"Card Removal","damage_taken":7,"max_hp_gain":0,"max_hp_loss":0,"event_name":"Golden Wing","floor":8,"gold_loss":0},{"damage_healed":0,"gold_gain":0,"player_choice":"Searched \u00270\u0027 times","damage_taken":0,"max_hp_gain":0,"max_hp_loss":0,"event_name":"Dead Adventurer","floor":11,"gold_loss":0}],"is_beta":true,"boss_relics":[],"items_purged_floors":[],"is_endless":false,"potions_floor_spawned":[5,12],"killed_by":"Looter","ascension_level":5}