{"gold_per_floor":[368,14,27,27,44,79,79,109,109,109,126,140,168,182,182,279,279,289,199,215,147,166,194,194,228,228,105,105,105,105,105,105,207,207,225,241,241,241,290,325,118,118,163,183,195,225,225,244,244,244,244,244,62,87,87],"floor_reached":55,"playtime":4339,"items_purged":["Strike_B"],"score":1688,"play_id":"d24bf240-eebe-4ba8-8266-a6b8da755e6a","local_time":"20190524193014","is_ascension_mode":true,"campfire_choices":[{"floor":7.0,"key":"REST"},{"floor":10.0,"key":"REST"},{"floor":15.0,"key":"REST"},{"data":"Double Energy","floor":24.0,"key":"SMITH"},{"data":"White Noise","floor":29,"key":"SMITH"},{"floor":32,"key":"REST"},{"floor":42,"key":"RECALL"},{"data":"Consume","floor":49,"key":"SMITH"},{"data":"Capacitor","floor":52,"key":"SMITH"}],"neow_cost":"PERCENT_DAMAGE","seed_source_timestamp":175551961687844,"circlet_count":0,"master_deck":["AscendersBane","Zap","Dualcast","Capacitor+1","White Noise+1","Coolheaded","Electrodynamics","Reinforced Body","Double Energy+1","Conserve Battery+1","Cold Snap","Cold Snap","Echo Form","Skim","Sunder","Core Surge","Redo","Consume+1","Self Repair","Go for the Eyes","Echo Form","Self Repair","Finesse","Ghostly","Ghostly","Ghostly","Ghostly","Ghostly","Chill+1","Madness","Madness","Leap+1","Redo+1","Core Surge","Defragment+1","Secret Technique"],"special_seed":0,"relics":["Cracked Core","ClockworkSouvenir","Lantern","Symbiotic Virus","Gambling Chip","Pandora\u0027s Box","Thread and Needle","Bag of Preparation","Darkstone Periapt","MutagenicStrength","Enchiridion","White Beast Statue","Du-Vu Doll","Pear","Runic Capacitor","Boot","Ancient Tea Set","Blood Vial","Dodecahedron"],"potions_floor_usage":[40,54,55,55],"damage_taken":[{"damage":1.0,"enemies":"Cultist","floor":1.0,"turns":3.0},{"damage":0.0,"enemies":"2 Louse","floor":3.0,"turns":2.0},{"damage":8.0,"enemies":"Small Slimes","floor":5.0,"turns":4.0},{"damage":35.0,"enemies":"Gremlin Nob","floor":6.0,"turns":5.0},{"damage":13.0,"enemies":"3 Sentries","floor":8.0,"turns":3.0},{"damage":0.0,"enemies":"2 Fungi Beasts","floor":11.0,"turns":3.0},{"damage":0.0,"enemies":"Blue Slaver","floor":12.0,"turns":4.0},{"damage":33.0,"enemies":"Gremlin Nob","floor":13.0,"turns":4.0},{"damage":0.0,"enemies":"Looter","floor":14.0,"turns":2.0},{"damage":0.0,"enemies":"The Guardian","floor":16.0,"turns":13.0},{"damage":15.0,"enemies":"3 Byrds","floor":18.0,"turns":4.0},{"damage":0.0,"enemies":"Spheric Guardian","floor":20.0,"turns":3.0},{"damage":15.0,"enemies":"Centurion and Healer","floor":22.0,"turns":6.0},{"damage":0.0,"enemies":"Gremlin Leader","floor":23.0,"turns":6.0},{"damage":23.0,"enemies":"Slavers","floor":25.0,"turns":5.0},{"damage":0,"enemies":"Champ","floor":33,"turns":14},{"damage":0,"enemies":"Orb Walker","floor":35,"turns":3},{"damage":0,"enemies":"3 Shapes","floor":36,"turns":5},{"damage":0,"enemies":"2 Orb Walkers","floor":39,"turns":7},{"damage":10,"enemies":"Reptomancer","floor":40,"turns":6},{"damage":0,"enemies":"Maw","floor":44,"turns":7},{"damage":0,"enemies":"Jaw Worm Horde","floor":45,"turns":7},{"damage":0,"enemies":"Giant Head","floor":46,"turns":10},{"damage":0,"enemies":"4 Shapes","floor":48,"turns":4},{"damage":0,"enemies":"Time Eater","floor":50,"turns":9},{"damage":20,"enemies":"Shield and Spear","floor":54,"turns":10},{"damage":37,"enemies":"The Heart","floor":55,"turns":12}],"seed_played":"-8102985490353830490","potions_obtained":[{"floor":5.0,"key":"Energy Potion"},{"floor":11.0,"key":"PowerPotion"},{"floor":14.0,"key":"Energy Potion"},{"floor":18.0,"key":"Swift Potion"},{"floor":23.0,"key":"EssenceOfSteel"},{"floor":33,"key":"FocusPotion"},{"floor":35,"key":"Swift Potion"},{"floor":40,"key":"Block Potion"},{"floor":54,"key":"Strength Potion"}],"is_trial":false,"path_per_floor":["M","$","M","?","M","E","R","E","T","R","M","M","E","M","R","B",null,"M","?","M","$","M","E","R","E","T","$","?","R","?","?","R","B",null,"M","M","?","?","?","E","$","R","T","M","M","E","T","M","R","B",null,"R","$","E","B"],"character_chosen":"DEFECT","items_purchased":["ClockworkSouvenir","White Noise","Self Repair","Self Repair","Finesse","Runic Capacitor","Secret Technique"],"campfire_rested":4,"item_purchase_floors":[2,2,21,27,27,41,53],"current_hp_per_floor":[49,49,49,49,41,6,28,15,15,37,37,37,4,4,26,26,63,48,48,48,48,40,54,54,31,31,31,31,31,31,15,26,37,37,37,37,32,32,32,46,46,46,46,47,47,47,47,47,47,47,47,47,47,34,0],"gold":87,"neow_bonus":"TWO_FIFTY_GOLD","is_prod":false,"is_daily":false,"chose_seed":false,"campfire_upgraded":4,"win_rate":0,"timestamp":1558751414,"path_taken":["M","?","M","?","M","E","R","E","T","R","M","M","E","M","R","BOSS","M","?","?","$","M","E","R","E","T","$","?","R","?","?","R","BOSS","M","M","?","?","?","E","$","R","T","M","M","E","?","M","R","BOSS","R","$","E","BOSS"],"build_version":"2019-01-23","purchased_purges":1,"victory":false,"max_hp_per_floor":[75,75,75,75,75,75,75,75,75,75,75,75,75,75,75,75,75,75,75,75,75,75,75,75,75,75,75,75,75,37,37,37,37,37,37,37,37,37,37,47,47,47,47,47,47,47,47,47,47,47,47,47,47,47,47],"card_choices":[{"not_picked":["Barrage","Hello World"],"picked":"Capacitor","floor":1.0},{"not_picked":["Conserve Battery","Sweeping Beam"],"picked":"Coolheaded","floor":3.0},{"not_picked":["Heatsinks","Compile Driver"],"picked":"Reinforced Body","floor":5.0},{"not_picked":["Rip and Tear","Hologram"],"picked":"Double Energy","floor":6.0},{"not_picked":["Go for the Eyes","Storm"],"picked":"Conserve Battery","floor":8.0},{"not_picked":["Leap","Scrape","Doom and Gloom"],"picked":"SKIP","floor":11.0},{"not_picked":["Rip and Tear","Sweeping Beam","Compile Driver"],"picked":"SKIP","floor":12.0},{"not_picked":["Rip and Tear","Sweeping Beam","Compile Driver"],"picked":"SKIP","floor":12.0},{"not_picked":["Multi-Cast","Melter"],"picked":"Cold Snap","floor":13.0},{"not_picked":["Steam","Turbo"],"picked":"Cold Snap","floor":14.0},{"not_picked":["Rainbow","Hyperbeam"],"picked":"Echo Form","floor":16.0},{"not_picked":["Leap","Turbo","Aggregate"],"picked":"SKIP","floor":18.0},{"not_picked":["Gash","Conserve Battery"],"picked":"Consume","floor":20.0},{"not_picked":["Double Energy","Darkness"],"picked":"Go for the Eyes","floor":22.0},{"not_picked":["Rebound","Storm","Hologram"],"picked":"SKIP","floor":23.0},{"not_picked":["Fusion","Leap"],"picked":"Echo Form","floor":25.0},{"not_picked":["Gash","Barrage"],"picked":"Chill+1","floor":35},{"not_picked":["Hello World","Steam","Streamline"],"picked":"SKIP","floor":36},{"not_picked":["Hello World","Cold Snap"],"picked":"Leap+1","floor":40},{"not_picked":["Blizzard","Hologram"],"picked":"Redo+1","floor":44},{"not_picked":["Stack","Conserve Battery"],"picked":"Core Surge","floor":45},{"not_picked":["Coolheaded","Chaos"],"picked":"Defragment+1","floor":46},{"not_picked":["Fusion","Darkness","BootSequence"],"picked":"SKIP","floor":48},{"not_picked":["Lockon","Aggregate","Consume"],"picked":"SKIP","floor":54}],"player_experience":710869,"relics_obtained":[{"floor":6.0,"key":"Lantern"},{"floor":8.0,"key":"Symbiotic Virus"},{"floor":13.0,"key":"Gambling Chip"},{"floor":23.0,"key":"Thread and Needle"},{"floor":25.0,"key":"Bag of Preparation"},{"floor":26.0,"key":"Darkstone Periapt"},{"floor":31,"key":"Enchiridion"},{"floor":39,"key":"Du-Vu Doll"},{"floor":40,"key":"Pear"},{"floor":43,"key":"Boot"},{"floor":46,"key":"Ancient Tea Set"},{"floor":47,"key":"Blood Vial"},{"floor":54,"key":"Dodecahedron"}],"event_choices":[{"damage_healed":0.0,"max_hp_gain":0.0,"max_hp_loss":0.0,"gold_gain":0.0,"cards_transformed":["Strike_B"],"event_name":"Living Wall","player_choice":"Change","floor":4.0,"gold_loss":0.0,"damage_taken":0.0,"cards_obtained":["Electrodynamics"]},{"cards_removed":["Force Field"],"damage_healed":0.0,"max_hp_gain":0.0,"max_hp_loss":0.0,"gold_gain":0.0,"event_name":"Designer","player_choice":"Upgrade and Remove","floor":19.0,"gold_loss":90.0,"damage_taken":0.0,"cards_upgraded":["Conserve Battery"]},{"damage_healed":0,"gold_gain":0,"player_choice":"Inject Mutagens","damage_taken":0,"relics_obtained":["MutagenicStrength"],"max_hp_gain":0,"max_hp_loss":0,"event_name":"Drug Dealer","floor":28,"gold_loss":0},{"damage_healed":0,"gold_gain":0,"player_choice":"Became a Ghost","damage_taken":0,"max_hp_gain":0,"max_hp_loss":38,"event_name":"Ghosts","floor":30,"gold_loss":0,"cards_obtained":["Ghostly","Ghostly","Ghostly","Ghostly","Ghostly"]},{"damage_healed":0,"gold_gain":0,"player_choice":"Obtained Book","damage_taken":16,"max_hp_gain":0,"max_hp_loss":0,"event_name":"Cursed Tome","floor":31,"gold_loss":0},{"damage_healed":0,"gold_gain":0,"player_choice":"Embrace Madness","damage_taken":5,"max_hp_gain":0,"max_hp_loss":0,"event_name":"Winding Halls","floor":37,"gold_loss":0,"cards_obtained":["Madness","Madness"]},{"cards_removed":["Tempest"],"damage_healed":0,"gold_gain":0,"player_choice":"Removed Skill","damage_taken":0,"max_hp_gain":0,"max_hp_loss":0,"event_name":"Falling","floor":38,"gold_loss":0},{"damage_healed":0,"gold_gain":0,"player_choice":"Fight","damage_taken":0,"max_hp_gain":0,"max_hp_loss":0,"event_name":"Mysterious Sphere","floor":39,"gold_loss":0}],"is_beta":false,"boss_relics":[{"not_picked":["Philosopher\u0027s Stone","Astrolabe"],"picked":"Pandora\u0027s Box"},{"not_picked":["Tiny House","Snecko Eye"],"picked":"White Beast Statue"}],"items_purged_floors":[2],"is_endless":false,"potions_floor_spawned":[5,11,12,14,18,23,33,35,36,39,40,44,45,46,48,54],"killed_by":"The Heart","ascension_level":12}