{"gold_per_floor":[117,217,228,70,88,121,121,151,176,76,76,76,76,91,91,192,192,208,83,34,34,34,34,44,56,56,89,99,99,116,116,116,116],"floor_reached":33,"playtime":1906,"items_purged":["Dark Embrace","Strike_R","Strike_R"],"score":314,"play_id":"1406c7ab-dc78-463f-be31-006eac205d5b","local_time":"20181117203422","is_ascension_mode":true,"campfire_choices":[{"floor":7,"key":"RECALL"},{"data":"Flex","floor":11,"key":"SMITH"},{"floor":15,"key":"REST"},{"data":"Heavy Blade","floor":23,"key":"SMITH"},{"floor":29,"key":"REST"},{"data":"Entrench","floor":32,"key":"SMITH"}],"neow_cost":"NONE","seed_source_timestamp":38154813995886,"circlet_count":0,"master_deck":["Strike_R","Strike_R","Strike_R","Defend_R","Defend_R","Defend_R","Defend_R","Bash","Metallicize","Body Slam+1","Battle Trance","Flex+1","Immolate+1","Inflame","Metallicize","Cleave","Pummel","Juggernaut","Heavy Blade+1","Shrug It Off","Armaments+1","Flame Barrier","Shrug It Off","Shrug It Off+1","Entrench+1"],"relics":["Burning Blood","Ancient Tea Set","Happy Flower","Whetstone","Orrery","Pantograph"],"potions_floor_usage":[8,16,27,28,30,33],"damage_taken":[{"damage":1,"enemies":"Cultist","floor":1,"turns":4},{"damage":7,"enemies":"2 Louse","floor":3,"turns":4},{"damage":0,"enemies":"Small Slimes","floor":5,"turns":4},{"damage":26,"enemies":"3 Sentries","floor":6,"turns":5},{"damage":26,"enemies":"Gremlin Nob","floor":8,"turns":4},{"damage":0,"enemies":"Exordium Wildlife","floor":14,"turns":2},{"damage":56,"enemies":"The Guardian","floor":16,"turns":14},{"damage":19,"enemies":"Spheric Guardian","floor":18,"turns":4},{"damage":12,"enemies":"Chosen","floor":24,"turns":5},{"damage":19,"enemies":"Snake Plant","floor":25,"turns":7},{"damage":31,"enemies":"Gremlin Leader","floor":27,"turns":5},{"damage":10,"enemies":"Chosen and Byrds","floor":28,"turns":5},{"damage":13,"enemies":"Snecko","floor":30,"turns":5},{"damage":0,"enemies":"Colosseum Slavers","floor":31,"turns":6},{"damage":84,"enemies":"Champ","floor":33,"turns":14}],"seed_played":"-952969460600418138","potions_obtained":[{"floor":6,"key":"FearPotion"},{"floor":14,"key":"SteroidPotion"},{"floor":16,"key":"Dexterity Potion"},{"floor":24,"key":"AttackPotion"},{"floor":25,"key":"Explosive Potion"},{"floor":30,"key":"BloodPotion"}],"is_trial":false,"path_per_floor":["M","?","M","$","M","E","R","E","T","$","R","?","?","M","R","B",null,"M","$","$","?","?","R","M","M","T","E","M","R","M","?","R","B"],"character_chosen":"IRONCLAD","items_purchased":["Battle Trance","Flex","Shrug It Off"],"campfire_rested":2,"item_purchase_floors":[4,4,20],"current_hp_per_floor":[80,80,79,79,80,60,60,40,40,40,40,45,45,51,76,26,85,72,72,72,72,72,72,66,53,53,28,24,49,42,48,48,0],"gold":116,"neow_bonus":"ONE_RANDOM_RARE_CARD","is_prod":false,"is_daily":false,"chose_seed":false,"campfire_upgraded":3,"win_rate":0,"timestamp":1542483262,"path_taken":["M","?","?","$","M","E","R","E","T","?","R","?","?","M","R","BOSS","M","?","$","?","?","R","M","?","T","E","M","R","M","?","R","BOSS"],"build_version":"2018-11-15","purchased_purges":3,"victory":false,"max_hp_per_floor":[80,80,80,80,80,80,80,80,80,80,80,85,85,85,85,85,85,85,85,85,85,85,85,85,85,85,85,85,85,85,85,85,85],"card_choices":[{"not_picked":["Havoc","Battle Trance"],"picked":"Metallicize","floor":1},{"not_picked":["Perfected Strike","Iron Wave"],"picked":"Body Slam","floor":3},{"not_picked":["Hemokinesis","Wild Strike"],"picked":"Immolate","floor":5},{"not_picked":["Shrug It Off","Clash"],"picked":"Inflame","floor":6},{"not_picked":["Anger","Rupture"],"picked":"Metallicize","floor":8},{"not_picked":["Whirlwind","Inflame"],"picked":"Pummel","floor":14},{"not_picked":["Fiend Fire","Demon Form"],"picked":"Juggernaut","floor":16},{"not_picked":["True Grit","Perfected Strike"],"picked":"Heavy Blade","floor":17},{"not_picked":["Cleave","Iron Wave"],"picked":"Shrug It Off","floor":17},{"not_picked":["Body Slam","Battle Trance"],"picked":"Armaments","floor":17},{"not_picked":["Clothesline","Metallicize"],"picked":"Flame Barrier","floor":18},{"not_picked":["Flame Barrier","Searing Blow"],"picked":"Shrug It Off+1","floor":24},{"not_picked":["Fiend Fire","Clash","Armaments"],"picked":"SKIP","floor":25},{"not_picked":["Cleave","Inflame","Carnage"],"picked":"SKIP","floor":27},{"not_picked":["Clothesline+1","Sentinel","Combust"],"picked":"SKIP","floor":28},{"not_picked":["Headbutt","Cleave"],"picked":"Entrench","floor":30}],"player_experience":220846,"relics_obtained":[{"floor":6,"key":"Ancient Tea Set"},{"floor":8,"key":"Happy Flower"},{"floor":9,"key":"Whetstone"},{"floor":27,"key":"Pantograph"}],"event_choices":[{"damage_healed":0,"gold_gain":100,"player_choice":"Pray","damage_taken":0,"max_hp_gain":0,"max_hp_loss":0,"event_name":"Golden Shrine","floor":2,"gold_loss":0},{"damage_healed":0,"gold_gain":0,"player_choice":"Donut","damage_taken":0,"max_hp_gain":5,"max_hp_loss":0,"event_name":"Big Fish","floor":12,"gold_loss":0},{"damage_healed":0,"gold_gain":0,"player_choice":"1 cards matched","damage_taken":0,"max_hp_gain":0,"max_hp_loss":0,"event_name":"Match and Keep!","floor":13,"gold_loss":0,"cards_obtained":["Cleave"]},{"damage_healed":0,"gold_gain":0,"player_choice":"Ignored","damage_taken":0,"max_hp_gain":0,"max_hp_loss":0,"event_name":"Beggar","floor":21,"gold_loss":0},{"damage_healed":0,"gold_gain":0,"player_choice":"Forge","damage_taken":0,"max_hp_gain":0,"max_hp_loss":0,"event_name":"Accursed Blacksmith","floor":22,"gold_loss":0,"cards_upgraded":["Armaments"]},{"damage_healed":0,"gold_gain":0,"player_choice":"Fight","damage_taken":0,"max_hp_gain":0,"max_hp_loss":0,"event_name":"Colosseum","floor":31,"gold_loss":0},{"damage_healed":0,"gold_gain":0,"player_choice":"Fled From Nobs","damage_taken":0,"max_hp_gain":0,"max_hp_loss":0,"event_name":"Colosseum","floor":31,"gold_loss":0}],"is_beta":true,"boss_relics":[{"not_picked":["Ectoplasm","Cursed Key"],"picked":"Orrery"}],"items_purged_floors":[4,10,19],"is_endless":false,"potions_floor_spawned":[6,14,16,24,25,30],"killed_by":"Champ","ascension_level":3}