{"gold_per_floor":[115,135,135,210,230,230,264,264,264,290,290,99,99,99,99,195,195,211,221,44,44,60,60],"floor_reached":23,"playtime":2473,"items_purged":["Strike_R"],"score":246,"play_id":"ae511e09-63be-4f22-bba1-ec6126c136df","local_time":"20190524204848","is_ascension_mode":true,"campfire_choices":[{"data":"Armaments","floor":6.0,"key":"SMITH"},{"floor":8.0,"key":"REST"},{"floor":11.0,"key":"REST"},{"floor":13.0,"key":"DIG"},{"floor":15.0,"key":"REST"}],"neow_cost":"NONE","seed_source_timestamp":0,"circlet_count":0,"master_deck":["Strike_R","Strike_R","Strike_R","Defend_R","Defend_R","Defend_R","Defend_R","Bash","Flex","Armaments+1","Heavy Blade","Offering+1","Dropkick","Seeing Red","Reaper","Shrug It Off","Thunderclap+1","Pummel"],"special_seed":0,"relics":["Burning Blood","NeowsBlessing","Champion Belt","WingedGreaves","Shovel","Prayer Wheel","Sozu","Oddly Smooth Stone"],"potions_floor_usage":[],"damage_taken":[{"damage":0.0,"enemies":"2 Louse","floor":1.0,"turns":1.0},{"damage":0.0,"enemies":"Small Slimes","floor":2.0,"turns":1.0},{"damage":0.0,"enemies":"Cultist","floor":5.0,"turns":1.0},{"damage":57.0,"enemies":"3 Sentries","floor":7.0,"turns":12.0},{"damage":46.0,"enemies":"Lagavulin","floor":10.0,"turns":6.0},{"damage":39.0,"enemies":"The Guardian","floor":16.0,"turns":14.0},{"damage":31.0,"enemies":"2 Thieves","floor":18.0,"turns":4.0},{"damage":34,"enemies":"Chosen","floor":19,"turns":7},{"damage":38,"enemies":"Sentry and Sphere","floor":22,"turns":6},{"damage":23,"enemies":"Shelled Parasite and Fungi","floor":23,"turns":4}],"seed_played":"8768434517330607366","potions_obtained":[{"floor":2.0,"key":"SkillPotion"}],"is_trial":false,"path_per_floor":["M","M","?","?","M","R","E","R","T","E","R","$","R","?","R","B",null,"M","M","$","?","M","M"],"character_chosen":"IRONCLAD","items_purchased":["Dropkick","Regen Potion","Pummel","Oddly Smooth Stone"],"campfire_rested":3,"item_purchase_floors":[12,12,20,20],"current_hp_per_floor":[80,80,85,74,80,80,29,54,54,14,39,39,39,39,64,31,72,60,38,38,38,19,0],"gold":60,"neow_bonus":"THREE_ENEMY_KILL","is_prod":false,"is_daily":false,"chose_seed":false,"campfire_upgraded":1,"win_rate":0,"timestamp":1558723728,"path_taken":["M","M","?","?","M","R","E","R","T","E","R","$","R","?","R","BOSS","M","?","?","?","M","M"],"build_version":"2019-05-24","purchased_purges":1,"victory":false,"max_hp_per_floor":[80,80,85,85,85,85,85,85,85,85,85,85,85,85,85,85,85,85,85,85,85,85,85],"card_choices":[{"not_picked":["Shrug It Off","Perfected Strike"],"picked":"Flex","floor":1.0},{"not_picked":["Feel No Pain","Searing Blow"],"picked":"Armaments","floor":2.0},{"not_picked":["Pommel Strike","Clash","Clothesline"],"picked":"SKIP","floor":5.0},{"not_picked":["Havoc","Flex"],"picked":"Heavy Blade","floor":7.0},{"not_picked":["Clash","True Grit"],"picked":"Offering","floor":10.0},{"not_picked":["Offering","Feed"],"picked":"Reaper","floor":16.0},{"not_picked":["Spot Weakness","Sword Boomerang"],"picked":"Shrug It Off","floor":18.0},{"not_picked":["Headbutt","Sword Boomerang","Body Slam+1"],"picked":"SKIP","floor":18.0},{"not_picked":["Searing Blow","Perfected Strike"],"picked":"Thunderclap+1","floor":19},{"not_picked":["Uppercut","Seeing Red+1","Reckless Charge"],"picked":"SKIP","floor":19},{"not_picked":["Searing Blow+1","Flex","Clash"],"picked":"SKIP","floor":22},{"not_picked":["Second Wind","Sentinel","Dropkick"],"picked":"SKIP","floor":22}],"player_experience":344185,"relics_obtained":[{"floor":7.0,"key":"Champion Belt"},{"floor":9.0,"key":"WingedGreaves"},{"floor":10.0,"key":"Shovel"},{"floor":13.0,"key":"Prayer Wheel"}],"event_choices":[{"damage_healed":0.0,"max_hp_gain":5.0,"max_hp_loss":0.0,"gold_gain":0.0,"event_name":"Big Fish","player_choice":"Donut","floor":3.0,"gold_loss":0.0,"damage_taken":0.0},{"damage_healed":0.0,"max_hp_gain":0.0,"max_hp_loss":0.0,"gold_gain":75.0,"event_name":"World of Goop","player_choice":"Gather Gold","floor":4.0,"gold_loss":0.0,"damage_taken":11.0},{"damage_healed":0.0,"max_hp_gain":0.0,"max_hp_loss":0.0,"gold_gain":0.0,"cards_transformed":["Strike_R"],"event_name":"Transmorgrifier","player_choice":"Transformed","floor":14.0,"gold_loss":0.0,"damage_taken":0.0,"cards_obtained":["Seeing Red"]},{"damage_healed":0,"gold_gain":0,"player_choice":"Upgraded","damage_taken":0,"max_hp_gain":0,"max_hp_loss":0,"event_name":"Upgrade Shrine","floor":21,"gold_loss":0,"cards_upgraded":["Offering"]}],"is_beta":true,"boss_relics":[{"not_picked":["Empty Cage","Runic Pyramid"],"picked":"Sozu"}],"items_purged_floors":[12],"is_endless":false,"potions_floor_spawned":[2,19],"killed_by":"Shelled Parasite and Fungi","ascension_level":5}