{"gold_per_floor":[369,369,380,399,417,417,446,446,473,473,271,271,66,86,86,86],"floor_reached":16,"playtime":467,"items_purged":[],"score":150,"play_id":"e54845e1-96c1-450b-b138-dc3d2746a8b9","local_time":"20190605051555","is_ascension_mode":true,"campfire_choices":[{"floor":6.0,"key":"REST"},{"data":"Noxious Fumes","floor":8.0,"key":"SMITH"},{"data":"Bouncing Flask","floor":10.0,"key":"SMITH"},{"floor":15,"key":"REST"}],"neow_cost":"CURSE","seed_source_timestamp":87879028048100,"circlet_count":0,"master_deck":["AscendersBane","Defend_G","Defend_G","Defend_G","Defend_G+1","Defend_G","Strike_G+1","Strike_G","Strike_G","Strike_G","Strike_G","Survivor+1","Neutralize+1","Parasite","Bouncing Flask+1","Poisoned Stab","Quick Slash","Noxious Fumes+1","PiercingWail","Dagger Spray","Deadly Poison"],"special_seed":0,"relics":["Ring of the Snake","Strawberry","War Paint","Blood Vial","Juzu Bracelet","PreservedInsect"],"potions_floor_usage":[14],"damage_taken":[{"damage":0.0,"enemies":"2 Louse","floor":1.0,"turns":2.0},{"damage":13.0,"enemies":"Small Slimes","floor":3.0,"turns":4.0},{"damage":1.0,"enemies":"Cultist","floor":4.0,"turns":3.0},{"damage":9.0,"enemies":"2 Fungi Beasts","floor":5.0,"turns":5.0},{"damage":46.0,"enemies":"3 Sentries","floor":7.0,"turns":12.0},{"damage":2,"enemies":"3 Louse","floor":14,"turns":5},{"damage":38,"enemies":"Slime Boss","floor":16,"turns":3}],"seed_played":"2106191856954923882","potions_obtained":[{"floor":3.0,"key":"Fire Potion"},{"floor":5.0,"key":"SpeedPotion"}],"is_trial":false,"path_per_floor":["M","?","M","M","M","R","E","R","T","R","$","?","$","M","R","B"],"character_chosen":"THE_SILENT","items_purchased":["Juzu Bracelet","PiercingWail","Dagger Spray","PreservedInsect"],"campfire_rested":2,"item_purchase_floors":[11,11,13,13],"current_hp_per_floor":[63,67,54,53,44,67,21,21,21,21,21,6,6,6,29,0],"gold":86,"neow_bonus":"TWO_FIFTY_GOLD","is_prod":false,"is_daily":false,"chose_seed":false,"campfire_upgraded":2,"win_rate":0,"timestamp":1559736955,"path_taken":["M","?","M","M","M","R","E","R","T","R","$","?","$","M","R","BOSS"],"build_version":"2019-01-23","purchased_purges":0,"victory":false,"max_hp_per_floor":[70,77,77,77,77,77,77,77,77,77,77,77,77,77,77,77],"card_choices":[{"not_picked":["All Out Attack","Well Laid Plans"],"picked":"Bouncing Flask","floor":1.0},{"not_picked":["Eviscerate","Backflip"],"picked":"Poisoned Stab","floor":3.0},{"not_picked":["Underhanded Strike","Eviscerate","Infinite Blades"],"picked":"SKIP","floor":4.0},{"not_picked":["Poisoned Stab","Skewer"],"picked":"Quick Slash","floor":5.0},{"not_picked":["Well Laid Plans","Caltrops"],"picked":"Noxious Fumes","floor":7.0},{"not_picked":["Riddle With Holes","Cloak And Dagger"],"picked":"Deadly Poison","floor":14}],"player_experience":301574,"relics_obtained":[{"floor":7.0,"key":"War Paint"},{"floor":9.0,"key":"Blood Vial"}],"event_choices":[{"damage_healed":0.0,"max_hp_gain":0.0,"max_hp_loss":0.0,"gold_gain":0.0,"event_name":"Scrap Ooze","player_choice":"Success","floor":2.0,"gold_loss":0.0,"damage_taken":3.0,"relics_obtained":["Strawberry"]},{"damage_healed":0.0,"max_hp_gain":0.0,"max_hp_loss":0.0,"gold_gain":0.0,"event_name":"Shining Light","player_choice":"Entered Light","floor":12.0,"gold_loss":0.0,"damage_taken":15.0,"cards_upgraded":["Strike_G","Neutralize"]}],"is_beta":false,"boss_relics":[],"items_purged_floors":[],"is_endless":false,"potions_floor_spawned":[3,5],"killed_by":"Slime Boss","ascension_level":10}