{"gold_per_floor":[119,138,138,152,163,188,237,237,237,237,249,249,268,293,293,370,370,390,105,105,117,117,148,148,179,179,179,179,202,215,130,130,130],"floor_reached":33,"playtime":1320,"items_purged":[],"score":582,"play_id":"2951aa62-c75e-44fe-b991-7beb992a50b0","local_time":"20190430013820","is_ascension_mode":true,"campfire_choices":[{"data":"Trip","floor":8.0,"key":"SMITH"},{"data":"Flame Barrier","floor":10.0,"key":"SMITH"},{"data":"Intimidate","floor":12.0,"key":"SMITH"},{"data":"Evolve","floor":15.0,"key":"SMITH"},{"data":"Spot Weakness","floor":24,"key":"SMITH"},{"data":"Iron Wave","floor":27,"key":"SMITH"},{"data":"Bludgeon","floor":32,"key":"SMITH"}],"neow_cost":"NONE","seed_source_timestamp":0,"circlet_count":0,"master_deck":["AscendersBane","Defend_R","Defend_R","Defend_R","Defend_R","Bash","Trip+1","Headbutt","Pommel Strike","Evolve+1","Bludgeon+1","Flame Barrier+1","Pommel Strike","Intimidate+1","Pommel Strike","Fiend Fire","Spot Weakness+1","Thunderclap","Iron Wave+1","Bite","Bite","Bite","Bite","Bite","Flex+1"],"special_seed":0,"relics":["Burning Blood","Sundial","Strawberry","Bag of Marbles","Anchor","Philosopher\u0027s Stone","Paper Frog","MutagenicStrength","Darkstone Periapt","Orichalcum","Bottled Lightning","Regal Pillow","Blue Candle"],"potions_floor_usage":[23,25,33],"damage_taken":[{"damage":1.0,"enemies":"Cultist","floor":1.0,"turns":3.0},{"damage":6.0,"enemies":"2 Louse","floor":2.0,"turns":3.0},{"damage":7.0,"enemies":"Jaw Worm","floor":4.0,"turns":3.0},{"damage":14.0,"enemies":"Gremlin Gang","floor":5.0,"turns":6.0},{"damage":8.0,"enemies":"Gremlin Nob","floor":6.0,"turns":3.0},{"damage":11.0,"enemies":"Lots of Slimes","floor":11.0,"turns":5.0},{"damage":0.0,"enemies":"Blue Slaver","floor":13.0,"turns":4.0},{"damage":10.0,"enemies":"Lagavulin","floor":14.0,"turns":6.0},{"damage":6.0,"enemies":"Slime Boss","floor":16.0,"turns":9.0},{"damage":0.0,"enemies":"3 Byrds","floor":18.0,"turns":3.0},{"damage":3.0,"enemies":"Chosen","floor":21.0,"turns":3.0},{"damage":25,"enemies":"Book of Stabbing","floor":23,"turns":4},{"damage":18,"enemies":"Slavers","floor":25,"turns":4},{"damage":0,"enemies":"Centurion and Healer","floor":30,"turns":2},{"damage":96,"enemies":"Collector","floor":33,"turns":6}],"seed_played":"8000855325251033958","potions_obtained":[{"floor":1.0,"key":"Swift Potion"},{"floor":2.0,"key":"Swift Potion"},{"floor":11.0,"key":"Poison Potion"},{"floor":14.0,"key":"Block Potion"},{"floor":16.0,"key":"AttackPotion"},{"floor":23,"key":"Explosive Potion"},{"floor":30,"key":"FairyPotion"}],"is_trial":false,"path_per_floor":["M","M","?","M","M","E","T","R","T","R","M","R","M","E","R","B",null,"M","$","$","M","?","E","R","E","T","R","?","T","M","?","R","B"],"character_chosen":"IRONCLAD","items_purchased":["Paper Frog"],"campfire_rested":0,"item_purchase_floors":[19],"current_hp_per_floor":[73,73,73,72,64,62,69,69,69,69,64,64,70,66,66,66,78,82,82,82,82,82,63,63,51,51,51,51,51,57,57,57,0],"gold":130,"neow_bonus":"RANDOM_COLORLESS","is_prod":false,"is_daily":false,"chose_seed":false,"campfire_upgraded":7,"win_rate":0,"timestamp":1556613500,"path_taken":["M","?","?","?","M","E","?","R","T","R","?","R","M","E","R","BOSS","M","?","$","?","?","E","R","E","T","R","?","?","M","?","R","BOSS"],"build_version":"2019-01-23","purchased_purges":0,"victory":false,"max_hp_per_floor":[75,75,75,75,75,75,82,82,82,82,82,82,82,82,82,82,82,82,82,82,82,82,82,82,82,82,82,57,57,57,57,57,57],"card_choices":[{"not_picked":["Body Slam","Warcry"],"picked":"Headbutt","floor":1.0},{"not_picked":["Clothesline","Warcry"],"picked":"Pommel Strike","floor":2.0},{"not_picked":["Reckless Charge","Hemokinesis"],"picked":"Flame Barrier","floor":4.0},{"not_picked":["True Grit","Hemokinesis"],"picked":"Pommel Strike","floor":5.0},{"not_picked":["Hemokinesis","True Grit","Thunderclap"],"picked":"SKIP","floor":6.0},{"not_picked":["Second Wind","Uppercut"],"picked":"Intimidate","floor":11.0},{"not_picked":["Heavy Blade","Clothesline"],"picked":"Pommel Strike","floor":13.0},{"not_picked":["Cleave","Power Through","Perfected Strike"],"picked":"SKIP","floor":14.0},{"not_picked":["Limit Break","Dark Embrace"],"picked":"Fiend Fire","floor":16.0},{"not_picked":["Blood for Blood","Feel No Pain"],"picked":"Spot Weakness","floor":18.0},{"not_picked":["True Grit","Pummel"],"picked":"Thunderclap","floor":21.0},{"not_picked":["Cleave","Dual Wield","Second Wind"],"picked":"SKIP","floor":23},{"not_picked":["Havoc","Wild Strike"],"picked":"Iron Wave","floor":25},{"not_picked":["Twin Strike","Immolate"],"picked":"Flex+1","floor":30}],"player_experience":767954,"relics_obtained":[{"floor":6.0,"key":"Sundial"},{"floor":7.0,"key":"Strawberry"},{"floor":9.0,"key":"Bag of Marbles"},{"floor":14.0,"key":"Anchor"},{"floor":23,"key":"Darkstone Periapt"},{"floor":25,"key":"Orichalcum"},{"floor":26,"key":"Bottled Lightning"},{"floor":29,"key":"Regal Pillow"}],"event_choices":[{"damage_healed":0.0,"max_hp_gain":0.0,"max_hp_loss":0.0,"gold_gain":0.0,"event_name":"Match and Keep!","player_choice":"2 cards matched","floor":3.0,"gold_loss":0.0,"damage_taken":0.0,"cards_obtained":["Evolve","Bludgeon"]},{"damage_healed":0,"gold_gain":0,"player_choice":"Inject Mutagens","damage_taken":0,"relics_obtained":["MutagenicStrength"],"max_hp_gain":0,"max_hp_loss":0,"event_name":"Drug Dealer","floor":22,"gold_loss":0},{"damage_healed":0,"gold_gain":0,"player_choice":"Became a vampire","damage_taken":0,"max_hp_gain":0,"max_hp_loss":25,"event_name":"Vampires","floor":28,"gold_loss":0,"cards_obtained":["Bite","Bite","Bite","Bite","Bite"]},{"damage_healed":0,"gold_gain":0,"player_choice":"Obtained Relic","damage_taken":0,"relics_obtained":["Blue Candle"],"max_hp_gain":0,"max_hp_loss":0,"event_name":"Addict","floor":31,"gold_loss":85}],"is_beta":false,"boss_relics":[{"not_picked":["Empty Cage","Runic Cube"],"picked":"Philosopher\u0027s Stone"}],"items_purged_floors":[],"is_endless":false,"potions_floor_spawned":[1,2,11,14,16,23,30],"killed_by":"Collector","ascension_level":18}