{"gold_per_floor":[109,109,126,137,137,137,137,137,188,188,221,236,262,337,337,433,433,448,448,99,117,77,107,126,161,184,184,184,184,196,223,223,326,326,341,361,167,182,112,112,77,132,132,132,232,257,270,283,283,283,283,283,38,65,65],"floor_reached":56,"playtime":5436,"items_purged":[],"score":1316,"play_id":"1c86f097-109d-4bc6-a085-ab1d6a12ae5d","local_time":"20190110144823","is_ascension_mode":true,"campfire_choices":[{"data":"Zap","floor":6.0,"key":"SMITH"},{"data":"Dualcast","floor":8.0,"key":"SMITH"},{"data":"Go for the Eyes","floor":10.0,"key":"SMITH"},{"floor":15.0,"key":"RECALL"},{"data":"Streamline","floor":27.0,"key":"SMITH"},{"data":"Hello World","floor":32.0,"key":"SMITH"},{"data":"White Noise","floor":40.0,"key":"SMITH"},{"floor":44.0,"key":"REST"},{"data":"Defragment","floor":49.0,"key":"SMITH"},{"data":"Redo","floor":52.0,"key":"SMITH"}],"neow_cost":"NONE","seed_source_timestamp":0,"circlet_count":0,"master_deck":["Zap+1","Dualcast+1","Self Repair","Stack+1","Go for the Eyes+1","Chill","Go for the Eyes","Sweeping Beam","Electrodynamics","Tempest+1","Chill","Hello World+1","Reprogram+1","Streamline+1","Cold Snap","All For One","Reprogram","Fusion","Sweeping Beam","Redo+1","Reboot","Fusion","FTL","Machine Learning","Redo+1","Glacier","White Noise+1","Defragment+1","Go for the Eyes+1","Reprogram+1","Go for the Eyes+1","Gash","Steam"],"special_seed":0,"relics":["FrozenCore","Whetstone","Centennial Puzzle","Oddly Smooth Stone","Bag of Preparation","Mercury Hourglass","War Paint","Mummified Hand","Unceasing Top","Pocketwatch","Pen Nib","Dream Catcher","Pandora\u0027s Box","Medical Kit","Ice Cream","Ornamental Fan","Prayer Wheel","Anchor","Cables","Boot"],"potions_floor_usage":[55],"damage_taken":[{"damage":7.0,"enemies":"2 Louse","floor":1.0,"turns":2.0},{"damage":0.0,"enemies":"Small Slimes","floor":3.0,"turns":4.0},{"damage":0.0,"enemies":"Cultist","floor":4.0,"turns":4.0},{"damage":8.0,"enemies":"Lagavulin","floor":11.0,"turns":6.0},{"damage":0.0,"enemies":"Looter","floor":12.0,"turns":4.0},{"damage":1.0,"enemies":"3 Sentries","floor":13.0,"turns":5.0},{"damage":2.0,"enemies":"Slime Boss","floor":16.0,"turns":7.0},{"damage":0.0,"enemies":"Chosen","floor":18.0,"turns":5.0},{"damage":4.0,"enemies":"Shell Parasite","floor":21.0,"turns":4.0},{"damage":12.0,"enemies":"Book of Stabbing","floor":23.0,"turns":5.0},{"damage":0.0,"enemies":"Sentry and Sphere","floor":24.0,"turns":4.0},{"damage":6.0,"enemies":"Gremlin Leader","floor":25.0,"turns":4.0},{"damage":0.0,"enemies":"Snecko","floor":30.0,"turns":4.0},{"damage":3.0,"enemies":"Book of Stabbing","floor":31.0,"turns":6.0},{"damage":59.0,"enemies":"Champ","floor":33.0,"turns":14.0},{"damage":12.0,"enemies":"3 Darklings","floor":35.0,"turns":3.0},{"damage":6.0,"enemies":"3 Shapes","floor":36.0,"turns":2.0},{"damage":21.0,"enemies":"Jaw Worm Horde","floor":38.0,"turns":3.0},{"damage":3.0,"enemies":"2 Orb Walkers","floor":42.0,"turns":3.0},{"damage":0.0,"enemies":"Mind Bloom Boss Battle","floor":45.0,"turns":2.0},{"damage":3.0,"enemies":"Reptomancer","floor":46.0,"turns":3.0},{"damage":11.0,"enemies":"3 Darklings","floor":47.0,"turns":3.0},{"damage":0.0,"enemies":"Spire Growth","floor":48.0,"turns":3.0},{"damage":0.0,"enemies":"Donu and Deca","floor":50.0,"turns":7.0},{"damage":4.0,"enemies":"Shield and Spear","floor":54.0,"turns":4.0},{"damage":70,"enemies":"The Heart","floor":55,"turns":9}],"seed_played":"-3993478095868414767","potions_obtained":[{"floor":4.0,"key":"Dexterity Potion"},{"floor":11.0,"key":"FairyPotion"},{"floor":12.0,"key":"Block Potion"},{"floor":13.0,"key":"SmokeBomb"},{"floor":23.0,"key":"EssenceOfSteel"},{"floor":24.0,"key":"SkillPotion"},{"floor":29.0,"key":"LiquidBronze"},{"floor":54.0,"key":"Weak Potion"}],"is_trial":false,"path_per_floor":["M","?","M","M","?","R","?","R","T","R","E","M","E","T","R","B",null,"M","?","$","M","?","E","M","E","T","R","?","?","M","E","R","B",null,"M","M","$","M","$","R","$","?","T","R","?","E","M","M","R","B",null,"R","$","E","B",null],"character_chosen":"DEFECT","items_purchased":["Unceasing Top","Hello World","Medical Kit","White Noise","Defragment","Cables"],"campfire_rested":1,"item_purchase_floors":[20,20,37,39,41,53],"current_hp_per_floor":[68,50,57,64,64,64,57,57,57,57,56,63,69,69,69,74,75,75,75,75,75,75,70,75,75,75,75,75,75,75,75,75,23,75,70,71,71,50,50,50,50,54,54,75,75,75,71,75,75,75,75,75,75,75,12],"gold":65,"neow_bonus":"RANDOM_COMMON_RELIC","is_prod":false,"is_daily":false,"chose_seed":false,"campfire_upgraded":8,"win_rate":0,"timestamp":1547160503,"path_taken":["M","?","M","M","?","R","?","R","T","R","E","M","E","?","R","BOSS","M","?","$","M","?","E","?","E","T","R","?","?","M","E","R","BOSS","M","M","$","M","?","R","$","?","T","R","?","E","M","M","R","BOSS","R","$","E","BOSS"],"build_version":"2019-01-03v4","purchased_purges":0,"victory":true,"max_hp_per_floor":[75,75,75,75,75,75,75,75,75,75,75,75,75,75,75,75,75,75,75,75,75,75,75,75,75,75,75,75,75,75,75,75,75,75,75,75,75,75,75,75,75,75,75,75,75,75,75,75,75,75,75,75,75,75,75],"card_choices":[{"not_picked":["Compile Driver","Storm"],"picked":"Self Repair","floor":1.0},{"not_picked":["Aggregate","Fusion"],"picked":"Stack","floor":3.0},{"not_picked":["Recycle","Rebound"],"picked":"Go for the Eyes","floor":4.0},{"not_picked":["Biased Cognition","Cold Snap"],"picked":"Chill","floor":11.0},{"not_picked":["Beam Cell","Chaos"],"picked":"Go for the Eyes","floor":12.0},{"not_picked":["Leap","Fusion"],"picked":"Sweeping Beam","floor":13.0},{"not_picked":["Creative AI","Machine Learning"],"picked":"Electrodynamics","floor":16.0},{"not_picked":["Compile Driver","Go for the Eyes"],"picked":"Tempest+1","floor":18.0},{"not_picked":["Streamline","Stack"],"picked":"Reprogram","floor":21.0},{"not_picked":["Force Field","Turbo"],"picked":"Streamline","floor":23.0},{"not_picked":["Hologram","Rebound+1","Leap"],"picked":"SKIP","floor":24.0},{"not_picked":["Skim","Sweeping Beam","Fission"],"picked":"SKIP","floor":25.0},{"not_picked":["Force Field","Rebound+1","Storm+1"],"picked":"SKIP","floor":30.0},{"not_picked":["Leap","Rebound"],"picked":"Cold Snap","floor":31.0},{"not_picked":["Creative AI","Hyperbeam"],"picked":"All For One","floor":33.0},{"not_picked":["Streamline","Double Energy"],"picked":"Redo+1","floor":35.0},{"not_picked":["Compile Driver+1","Ball Lightning","Auto Shields+1"],"picked":"SKIP","floor":36.0},{"not_picked":["Cold Snap","Ball Lightning+1"],"picked":"Glacier","floor":38.0},{"not_picked":["Compile Driver+1","Redo"],"picked":"Go for the Eyes+1","floor":42.0},{"not_picked":["Rip and Tear","Doom and Gloom"],"picked":"Reprogram+1","floor":44.0},{"not_picked":["Chaos","Biased Cognition"],"picked":"Go for the Eyes+1","floor":46.0},{"not_picked":["Ball Lightning","BootSequence+1"],"picked":"Gash","floor":47.0},{"not_picked":["Coolheaded+1","Reinforced Body","Double Energy"],"picked":"SKIP","floor":47.0},{"not_picked":["Barrage","Rainbow"],"picked":"Steam","floor":48.0},{"not_picked":["Compile Driver+1","Barrage+1","Sweeping Beam"],"picked":"SKIP","floor":48.0},{"not_picked":["Rebound","Darkness+1","Scrape+1"],"picked":"SKIP","floor":54.0}],"player_experience":359531,"relics_obtained":[{"floor":9.0,"key":"Bag of Preparation"},{"floor":11.0,"key":"Mercury Hourglass"},{"floor":13.0,"key":"War Paint"},{"floor":14.0,"key":"Mummified Hand"},{"floor":23.0,"key":"Pocketwatch"},{"floor":25.0,"key":"Pen Nib"},{"floor":31.0,"key":"Dream Catcher"},{"floor":42.0,"key":"Ice Cream"},{"floor":43.0,"key":"Ornamental Fan"},{"floor":45.0,"key":"Prayer Wheel"},{"floor":46.0,"key":"Anchor"},{"floor":54.0,"key":"Boot"}],"event_choices":[{"damage_healed":0.0,"max_hp_gain":0.0,"max_hp_loss":0.0,"gold_gain":0.0,"event_name":"Scrap Ooze","player_choice":"Success","floor":2.0,"gold_loss":0.0,"damage_taken":18.0,"relics_obtained":["Centennial Puzzle"]},{"damage_healed":0.0,"max_hp_gain":0.0,"max_hp_loss":0.0,"gold_gain":0.0,"event_name":"Big Fish","player_choice":"Box","floor":5.0,"gold_loss":0.0,"damage_taken":0.0,"relics_obtained":["Oddly Smooth Stone"],"cards_obtained":["Regret"]},{"cards_removed":["Regret"],"damage_healed":0.0,"max_hp_gain":0.0,"max_hp_loss":0.0,"gold_gain":0.0,"event_name":"Golden Wing","player_choice":"Card Removal","floor":7.0,"gold_loss":0.0,"damage_taken":7.0},{"damage_healed":0.0,"max_hp_gain":0.0,"max_hp_loss":0.0,"gold_gain":0.0,"event_name":"The Library","player_choice":"Read","floor":19.0,"gold_loss":0.0,"damage_taken":0.0,"cards_obtained":["Chill"]},{"damage_healed":0.0,"max_hp_gain":0.0,"max_hp_loss":0.0,"gold_gain":0.0,"event_name":"Designer","player_choice":"Upgrade","floor":22.0,"gold_loss":40.0,"damage_taken":0.0,"cards_upgraded":["Reprogram"]},{"damage_healed":0.0,"max_hp_gain":0.0,"max_hp_loss":0.0,"gold_gain":0.0,"event_name":"Vampires","player_choice":"Ignored","floor":28.0,"gold_loss":0.0,"damage_taken":0.0},{"damage_healed":0.0,"max_hp_gain":0.0,"max_hp_loss":0.0,"gold_gain":0.0,"event_name":"Lab","player_choice":"Got Potions","floor":29.0,"gold_loss":0.0,"damage_taken":0.0},{"damage_healed":0.0,"max_hp_gain":0.0,"max_hp_loss":0.0,"gold_gain":0.0,"event_name":"Mysterious Sphere","player_choice":"Fight","floor":42.0,"gold_loss":0.0,"damage_taken":0.0},{"damage_healed":0.0,"max_hp_gain":0.0,"max_hp_loss":0.0,"gold_gain":0.0,"event_name":"MindBloom","player_choice":"Fight","floor":45.0,"gold_loss":0.0,"damage_taken":0.0}],"is_beta":false,"boss_relics":[{"not_picked":["Astrolabe","Cursed Key"],"picked":"FrozenCore"},{"not_picked":["Calling Bell","Tiny House"],"picked":"Pandora\u0027s Box"}],"items_purged_floors":[],"is_endless":false,"potions_floor_spawned":[4,11,12,13,18,23,24,35,38,47,54],"ascension_level":1}