{"gold_per_floor":[117,130,50,50,60,86,86,98,122,156,156,171,191,209,209,209],"floor_reached":16,"playtime":852,"items_purged":[],"score":114,"play_id":"f364877c-ab7a-4d8f-8d4f-0a6e6942f943","local_time":"20190605094712","is_ascension_mode":false,"campfire_choices":[{"floor":7,"key":"REST"},{"floor":11,"key":"REST"},{"floor":15,"key":"REST"}],"neow_cost":"NONE","seed_source_timestamp":172481402967486,"circlet_count":0,"master_deck":["Strike_B","Strike_B","Strike_B","Defend_B","Defend_B","Defend_B","Defend_B","Zap","Dualcast","Rebound","Ball Lightning","Skim","Capacitor","Streamline","Thunder Strike","Barrage","Streamline","Redo","Static Discharge"],"relics":["Cracked Core","Mummified Hand","Bronze Scales","Art of War"],"potions_floor_usage":[],"damage_taken":[{"damage":1,"enemies":"Cultist","floor":1,"turns":3},{"damage":3,"enemies":"2 Louse","floor":2,"turns":2},{"damage":0,"enemies":"Small Slimes","floor":5,"turns":3},{"damage":36,"enemies":"Lagavulin","floor":6,"turns":5},{"damage":7,"enemies":"Blue Slaver","floor":8,"turns":3},{"damage":38,"enemies":"Gremlin Nob","floor":10,"turns":4},{"damage":8,"enemies":"Exordium Thugs","floor":12,"turns":3},{"damage":11,"enemies":"2 Fungi Beasts","floor":13,"turns":3},{"damage":11,"enemies":"Red Slaver","floor":14,"turns":3},{"damage":27,"enemies":"The Guardian","floor":16,"turns":6}],"seed_played":"5506754790098707555","potions_obtained":[{"floor":1,"key":"SpeedPotion"},{"floor":5,"key":"Poison Potion"},{"floor":10,"key":"Strength Potion"}],"is_trial":false,"path_per_floor":["M","M","$","T","M","E","R","M","T","E","R","M","M","M","R","B"],"character_chosen":"DEFECT","items_purchased":["Capacitor"],"campfire_rested":3,"item_purchase_floors":[3],"current_hp_per_floor":[74,71,71,71,71,35,57,50,50,12,34,26,15,4,26,0],"gold":209,"neow_bonus":"TRANSFORM_CARD","is_prod":false,"is_daily":false,"chose_seed":false,"campfire_upgraded":0,"win_rate":0,"timestamp":1559742432,"path_taken":["M","?","$","?","M","E","R","M","T","E","R","M","M","?","R","BOSS"],"build_version":"2019-01-23","purchased_purges":0,"victory":false,"max_hp_per_floor":[75,75,75,75,75,75,75,75,75,75,75,75,75,75,75,75],"card_choices":[{"not_picked":["Steam","Coolheaded"],"picked":"Ball Lightning","floor":1},{"not_picked":["Go for the Eyes","Stack"],"picked":"Skim","floor":2},{"not_picked":["Beam Cell","Rip and Tear"],"picked":"Streamline","floor":5},{"not_picked":["Compile Driver","Ball Lightning"],"picked":"Thunder Strike","floor":6},{"not_picked":["Leap","Sweeping Beam"],"picked":"Barrage","floor":8},{"not_picked":["Rainbow","Rip and Tear"],"picked":"Streamline","floor":10},{"not_picked":["Scrape","Cold Snap","Darkness"],"picked":"SKIP","floor":12},{"not_picked":["Hologram","Ball Lightning"],"picked":"Redo","floor":13},{"not_picked":["Ball Lightning","White Noise"],"picked":"Static Discharge","floor":14}],"player_experience":80792,"relics_obtained":[{"floor":6,"key":"Mummified Hand"},{"floor":9,"key":"Bronze Scales"},{"floor":10,"key":"Art of War"}],"event_choices":[],"is_beta":false,"boss_relics":[],"items_purged_floors":[],"is_endless":false,"potions_floor_spawned":[1,5,10,12],"killed_by":"The Guardian","ascension_level":0}