{"gold_per_floor":[359,359,14,33,53,81,98,98,98,124,124,39,74,89,89,160,210,229,144,157,116,127,160,179,179,204,204,204,204,204,104,104,177,177,194,194,194,204,79,79,96,129,156,156,119,134,144,169,169,169,169,169,12,46,46],"floor_reached":56,"playtime":2920,"items_purged":["Pain","Defend_R","Defend_R"],"score":2164,"play_id":"e929abf0-4f73-4231-90ab-1c67b259086a","local_time":"20190607141708","is_ascension_mode":true,"campfire_choices":[{"floor":8.0,"key":"REST"},{"data":"True Grit","floor":11.0,"key":"SMITH"},{"data":"Feel No Pain","floor":15.0,"key":"SMITH"},{"floor":25.0,"key":"REST"},{"data":"Shrug It Off","floor":27.0,"key":"SMITH"},{"data":"Demon Form","floor":30.0,"key":"SMITH"},{"data":"Disarm","floor":32.0,"key":"SMITH"},{"floor":40.0,"key":"RECALL"},{"data":"Limit Break","floor":44.0,"key":"SMITH"},{"data":"Shockwave","floor":49.0,"key":"SMITH"},{"data":"Feel No Pain","floor":52.0,"key":"SMITH"}],"neow_cost":"CURSE","seed_source_timestamp":1368148158708923,"circlet_count":0,"master_deck":["AscendersBane","Strike_R","Strike_R","Strike_R","Strike_R","Defend_R+1","Defend_R+1","Bash","Perfected Strike","True Grit+1","Feel No Pain+1","Inflame","Inflame","Body Slam+1","Disarm+1","Immolate+1","Seeing Red","Ghostly Armor","Demon Form+1","Uppercut+1","Shrug It Off+1","Body Slam+1","Feel No Pain+1","Reaper+1","Thunderclap+1","RitualDagger+1","Reaper+1","Heavy Blade+1","Shockwave+1","Heavy Blade+1","Limit Break+1","Ghostly Armor","Whirlwind+1","Dark Embrace"],"special_seed":0,"relics":["Burning Blood","Lee\u0027s Waffle","Molten Egg 2","Magic Flower","Champion Belt","Orichalcum","Tiny House","Happy Flower","Strawberry","Vajra","Snecko Eye","Ancient Tea Set","Kunai","Bag of Marbles","Bottled Tornado"],"potions_floor_usage":[],"damage_taken":[{"damage":16.0,"enemies":"Small Slimes","floor":1.0,"turns":4.0},{"damage":0.0,"enemies":"2 Louse","floor":4.0,"turns":2.0},{"damage":12.0,"enemies":"Jaw Worm","floor":5.0,"turns":2.0},{"damage":42.0,"enemies":"Lagavulin","floor":6.0,"turns":10.0},{"damage":17.0,"enemies":"Large Slime","floor":7.0,"turns":6.0},{"damage":19.0,"enemies":"3 Sentries","floor":10.0,"turns":8.0},{"damage":22.0,"enemies":"Lagavulin","floor":13.0,"turns":7.0},{"damage":0.0,"enemies":"Exordium Wildlife","floor":14.0,"turns":1.0},{"damage":28.0,"enemies":"Slime Boss","floor":16.0,"turns":10.0},{"damage":14.0,"enemies":"Shell Parasite","floor":18.0,"turns":5.0},{"damage":19.0,"enemies":"2 Thieves","floor":20.0,"turns":5.0},{"damage":22.0,"enemies":"Centurion and Healer","floor":22.0,"turns":9.0},{"damage":22.0,"enemies":"Book of Stabbing","floor":23.0,"turns":7.0},{"damage":28.0,"enemies":"Cultist and Chosen","floor":24.0,"turns":8.0},{"damage":28.0,"enemies":"Champ","floor":33.0,"turns":12.0},{"damage":2.0,"enemies":"3 Shapes","floor":35.0,"turns":5.0},{"damage":5.0,"enemies":"Orb Walker","floor":38.0,"turns":3.0},{"damage":27.0,"enemies":"Maw","floor":41.0,"turns":6.0},{"damage":28.0,"enemies":"Nemesis","floor":42.0,"turns":6.0},{"damage":18.0,"enemies":"Transient","floor":46.0,"turns":6.0},{"damage":0.0,"enemies":"3 Darklings","floor":47.0,"turns":2.0},{"damage":18.0,"enemies":"Giant Head","floor":48.0,"turns":5.0},{"damage":85.0,"enemies":"Time Eater","floor":50.0,"turns":10.0},{"damage":84.0,"enemies":"Shield and Spear","floor":54.0,"turns":6.0},{"damage":110,"enemies":"The Heart","floor":55,"turns":8}],"seed_played":"5143020005593839458","potions_obtained":[{"floor":4.0,"key":"Explosive Potion"},{"floor":5.0,"key":"FairyPotion"},{"floor":7.0,"key":"Poison Potion"},{"floor":16.0,"key":"Swift Potion"},{"floor":17.0,"key":"Fruit Juice"},{"floor":20.0,"key":"EssenceOfSteel"},{"floor":23.0,"key":"Poison Potion"},{"floor":24.0,"key":"SkillPotion"},{"floor":35.0,"key":"Poison Potion"},{"floor":38.0,"key":"Strength Potion"},{"floor":42.0,"key":"GamblersBrew"},{"floor":47.0,"key":"Ancient Potion"},{"floor":48.0,"key":"Swift Potion"}],"is_trial":false,"path_per_floor":["M","?","$","M","M","E","M","R","T","E","R","$","E","M","R","B",null,"M","?","M","$","M","E","M","R","T","R","?","?","R","$","R","B",null,"M","?","?","M","$","R","M","E","T","R","$","M","M","E","R","B",null,"R","$","E","B",null],"character_chosen":"IRONCLAD","items_purchased":["Lee\u0027s Waffle","True Grit","Immolate+1","Feel No Pain","Ghostly Armor","Bag of Marbles"],"campfire_rested":2,"item_purchase_floors":[3,3,12,21,45,53],"current_hp_per_floor":[58,35,82,82,76,40,29,53,53,43,43,43,30,39,39,20,72,75,75,65,65,52,46,27,56,56,56,50,50,50,50,50,76,93,99,99,99,99,99,99,99,99,99,99,99,96,99,90,90,65,91,91,91,99,57],"gold":46,"neow_bonus":"TWO_FIFTY_GOLD","is_prod":false,"is_daily":false,"chose_seed":false,"campfire_upgraded":8,"win_rate":0,"timestamp":1559942228,"path_taken":["M","?","$","M","M","E","M","R","T","E","R","$","E","M","R","BOSS","M","?","M","$","M","E","M","R","T","R","?","?","R","$","R","BOSS","M","?","?","M","$","R","M","E","T","R","?","M","?","E","R","BOSS","R","$","E","BOSS"],"build_version":"2019-01-23","purchased_purges":3,"victory":true,"max_hp_per_floor":[75,75,82,82,82,82,82,82,82,82,82,82,82,82,82,82,87,92,92,92,92,92,99,99,99,99,99,99,99,99,99,99,99,99,99,99,99,99,99,99,99,99,99,99,99,99,99,99,99,99,99,99,99,99,99],"card_choices":[{"not_picked":["Searing Blow","Anger"],"picked":"Perfected Strike","floor":1.0},{"not_picked":["Body Slam","Anger"],"picked":"Feel No Pain","floor":4.0},{"not_picked":["Sword Boomerang","Perfected Strike"],"picked":"Inflame","floor":5.0},{"not_picked":["Brutality","Wild Strike"],"picked":"Inflame","floor":6.0},{"not_picked":["Iron Wave+1","Headbutt+1"],"picked":"Body Slam+1","floor":7.0},{"not_picked":["Rampage+1","Spot Weakness"],"picked":"Disarm","floor":10.0},{"not_picked":["Rampage+1","True Grit"],"picked":"Seeing Red","floor":13.0},{"not_picked":["Dual Wield","Sentinel"],"picked":"Ghostly Armor","floor":14.0},{"not_picked":["Immolate+1","Berserk"],"picked":"Demon Form","floor":16.0},{"not_picked":["Flex","Clothesline+1"],"picked":"Uppercut+1","floor":17.0},{"not_picked":["Clothesline+1","Armaments+1"],"picked":"Shrug It Off","floor":18.0},{"not_picked":["Armaments","Sword Boomerang+1"],"picked":"Body Slam+1","floor":20.0},{"not_picked":["Bloodletting","Entrench","Headbutt+1"],"picked":"SKIP","floor":22.0},{"not_picked":["Thunderclap+1","Armaments"],"picked":"Reaper+1","floor":23.0},{"not_picked":["Rupture","Clothesline+1"],"picked":"Thunderclap+1","floor":24.0},{"not_picked":["Immolate+1","Brutality"],"picked":"Reaper+1","floor":33.0},{"not_picked":["Power Through","Havoc"],"picked":"Heavy Blade+1","floor":35.0},{"not_picked":["Ghostly Armor","Armaments"],"picked":"Shockwave","floor":38.0},{"not_picked":["Second Wind+1","Clothesline+1"],"picked":"Heavy Blade+1","floor":41.0},{"not_picked":["Seeing Red","Uppercut+1"],"picked":"Limit Break","floor":42.0},{"not_picked":["Fire Breathing","Spot Weakness+1","Iron Wave+1"],"picked":"SKIP","floor":46.0},{"not_picked":["Cleave+1","Twin Strike+1","Iron Wave+1"],"picked":"SKIP","floor":47.0},{"not_picked":["Metallicize","Bloodletting"],"picked":"Whirlwind+1","floor":48.0},{"not_picked":["Clothesline+1","Infernal Blade+1"],"picked":"Dark Embrace","floor":54.0}],"player_experience":830365,"relics_obtained":[{"floor":6.0,"key":"Molten Egg 2"},{"floor":9.0,"key":"Magic Flower"},{"floor":10.0,"key":"Champion Belt"},{"floor":13.0,"key":"Orichalcum"},{"floor":23.0,"key":"Strawberry"},{"floor":26.0,"key":"Vajra"},{"floor":42.0,"key":"Ancient Tea Set"},{"floor":48.0,"key":"Kunai"},{"floor":54.0,"key":"Bottled Tornado"}],"event_choices":[{"damage_healed":0.0,"max_hp_gain":0.0,"max_hp_loss":0.0,"gold_gain":0.0,"event_name":"Shining Light","player_choice":"Entered Light","floor":2.0,"gold_loss":0.0,"damage_taken":23.0,"cards_upgraded":["Defend_R","Defend_R"]},{"damage_healed":0.0,"max_hp_gain":0.0,"max_hp_loss":0.0,"gold_gain":0.0,"event_name":"Addict","player_choice":"Obtained Relic","floor":19.0,"gold_loss":85.0,"damage_taken":0.0,"relics_obtained":["Happy Flower"]},{"damage_healed":0.0,"max_hp_gain":0.0,"max_hp_loss":0.0,"gold_gain":0.0,"event_name":"Nest","player_choice":"Joined the Cult","floor":28.0,"gold_loss":0.0,"damage_taken":6.0,"cards_obtained":["RitualDagger"]},{"damage_healed":0.0,"max_hp_gain":0.0,"max_hp_loss":0.0,"gold_gain":0.0,"event_name":"Vampires","player_choice":"Ignored","floor":29.0,"gold_loss":0.0,"damage_taken":0.0},{"cards_removed":["Strike_R"],"damage_healed":0.0,"max_hp_gain":0.0,"max_hp_loss":0.0,"gold_gain":0.0,"event_name":"Falling","player_choice":"Removed Attack","floor":36.0,"gold_loss":0.0,"damage_taken":0.0},{"damage_healed":0.0,"max_hp_gain":0.0,"max_hp_loss":0.0,"gold_gain":0.0,"event_name":"Tomb of Lord Red Mask","player_choice":"Ignored","floor":37.0,"gold_loss":0.0,"damage_taken":0.0}],"is_beta":false,"boss_relics":[{"not_picked":["Astrolabe","Lizard Tail"],"picked":"Tiny House"},{"not_picked":["Philosopher\u0027s Stone","Empty Cage"],"picked":"Snecko Eye"}],"items_purged_floors":[3,31,39],"is_endless":false,"potions_floor_spawned":[4,5,7,16,20,23,24,35,38,42,47,48],"ascension_level":19}