{"gold_per_floor":[109,128,147,162,179,179,213,213,213,223,223,223,256,277,277,370,370,370,370,310,310,310,310,310],"floor_reached":24,"playtime":1524,"items_purged":[],"score":389,"play_id":"201c993c-3c09-492c-a6ae-aa8f5c9ae4df","local_time":"20190605105631","is_ascension_mode":true,"campfire_choices":[{"data":"Armaments","floor":6.0,"key":"SMITH"},{"data":"Metallicize","floor":11.0,"key":"SMITH"},{"data":"Bash","floor":15.0,"key":"SMITH"},{"data":"Disarm","floor":23.0,"key":"SMITH"}],"neow_cost":"PERCENT_DAMAGE","seed_source_timestamp":1184655295406179,"circlet_count":0,"master_deck":["AscendersBane","Strike_R","Strike_R","Strike_R","Defend_R","Defend_R","Defend_R","Defend_R","Bash+1","Metallicize+1","Disarm+1","Armaments+1","Warcry","Havoc","Immolate","Feed","Sever Soul","RitualDagger","Demon Form","Shrug It Off+1"],"special_seed":0,"relics":["Burning Blood","Bottled Tornado","Meat on the Bone","Golden Idol","Bottled Flame","Ectoplasm"],"potions_floor_usage":[24],"damage_taken":[{"damage":15.0,"enemies":"Small Slimes","floor":1.0,"turns":4.0},{"damage":4.0,"enemies":"Jaw Worm","floor":2.0,"turns":5.0},{"damage":3.0,"enemies":"2 Louse","floor":3.0,"turns":4.0},{"damage":14.0,"enemies":"Lots of Slimes","floor":4.0,"turns":12.0},{"damage":1.0,"enemies":"Blue Slaver","floor":5.0,"turns":7.0},{"damage":17.0,"enemies":"Lagavulin","floor":7.0,"turns":11.0},{"damage":0.0,"enemies":"2 Fungi Beasts","floor":10.0,"turns":6.0},{"damage":11.0,"enemies":"3 Sentries","floor":13.0,"turns":5.0},{"damage":9.0,"enemies":"Exordium Thugs","floor":14.0,"turns":5.0},{"damage":18.0,"enemies":"The Guardian","floor":16.0,"turns":11.0},{"damage":0.0,"enemies":"Chosen","floor":18.0,"turns":5.0},{"damage":23.0,"enemies":"2 Thieves","floor":20.0,"turns":3.0},{"damage":22.0,"enemies":"Snake Plant","floor":22.0,"turns":5.0},{"damage":55,"enemies":"Book of Stabbing","floor":24,"turns":6}],"seed_played":"4193022038540715796","potions_obtained":[{"floor":1.0,"key":"SkillPotion"},{"floor":5.0,"key":"Fire Potion"},{"floor":7.0,"key":"Fire Potion"},{"floor":13.0,"key":"GamblersBrew"},{"floor":20.0,"key":"Ancient Potion"}],"is_trial":false,"path_per_floor":["M","M","M","M","M","R","E","?","T","M","R","?","E","M","R","B",null,"M","?","M","?","M","R","E"],"character_chosen":"IRONCLAD","items_purchased":[],"campfire_rested":0,"item_purchase_floors":[],"current_hp_per_floor":[41,43,46,38,43,43,32,32,32,50,50,24,31,40,40,40,66,72,66,49,49,45,45,0],"gold":310,"neow_bonus":"REMOVE_TWO","is_prod":false,"is_daily":false,"chose_seed":false,"campfire_upgraded":4,"win_rate":0,"timestamp":1559757391,"path_taken":["M","M","M","M","M","R","E","?","T","M","R","?","E","M","R","BOSS","M","?","M","?","M","R","E"],"build_version":"2019-01-23","purchased_purges":0,"victory":false,"max_hp_per_floor":[75,75,75,75,75,75,75,75,75,75,75,75,75,75,75,75,75,75,75,75,75,75,75,75],"card_choices":[{"not_picked":["Flex","Cleave"],"picked":"Metallicize","floor":1.0},{"not_picked":["Armaments","Feel No Pain"],"picked":"Disarm","floor":2.0},{"not_picked":["Sword Boomerang","Fire Breathing"],"picked":"Armaments","floor":3.0},{"not_picked":["Iron Wave","Heavy Blade"],"picked":"Warcry","floor":4.0},{"not_picked":["Anger","Rage","Sword Boomerang"],"picked":"SKIP","floor":5.0},{"not_picked":["Iron Wave","Infernal Blade"],"picked":"Havoc","floor":7.0},{"not_picked":["Combust","Armaments"],"picked":"Immolate","floor":10.0},{"not_picked":["Blood for Blood","Perfected Strike","Rampage"],"picked":"SKIP","floor":13.0},{"not_picked":["Warcry","Anger","Second Wind"],"picked":"SKIP","floor":14.0},{"not_picked":["Exhume","Brutality"],"picked":"Feed","floor":16.0},{"not_picked":["Blood for Blood+1","Thunderclap"],"picked":"Sever Soul","floor":18.0},{"not_picked":["Thunderclap","Flex","Combust"],"picked":"SKIP","floor":20.0},{"not_picked":["Warcry","Rampage"],"picked":"Shrug It Off+1","floor":22.0}],"player_experience":801325,"relics_obtained":[{"floor":7.0,"key":"Bottled Tornado"},{"floor":9.0,"key":"Meat on the Bone"},{"floor":13.0,"key":"Bottled Flame"}],"event_choices":[{"damage_healed":0.0,"max_hp_gain":0.0,"max_hp_loss":0.0,"gold_gain":0.0,"event_name":"Scrap Ooze","player_choice":"Fled","floor":8.0,"gold_loss":0.0,"damage_taken":0.0},{"damage_healed":0.0,"max_hp_gain":0.0,"max_hp_loss":0.0,"gold_gain":0.0,"event_name":"Golden Idol","player_choice":"Take Damage","floor":12.0,"gold_loss":0.0,"damage_taken":26.0,"relics_obtained":["Golden Idol"]},{"damage_healed":0.0,"max_hp_gain":0.0,"max_hp_loss":0.0,"gold_gain":0.0,"event_name":"Nest","player_choice":"Joined the Cult","floor":19.0,"gold_loss":0.0,"damage_taken":6.0,"cards_obtained":["RitualDagger"]},{"damage_healed":0.0,"max_hp_gain":0.0,"max_hp_loss":0.0,"gold_gain":0.0,"event_name":"The Library","player_choice":"Read","floor":21.0,"gold_loss":0.0,"damage_taken":0.0,"cards_obtained":["Demon Form"]}],"is_beta":false,"boss_relics":[{"not_picked":["Orrery","Eternal Feather"],"picked":"Ectoplasm"}],"items_purged_floors":[],"is_endless":false,"potions_floor_spawned":[1,5,7,13,20],"killed_by":"Book of Stabbing","ascension_level":17}