{"gold_per_floor":[116,129,129,129,54,54,93,168,191,191,42,42,217,232,232,360,360,392,60,60,84,102,102,120,136,184,184,184,199,220,21,21,21],"floor_reached":33,"playtime":1173,"items_purged":["Injury","Regret","Shame"],"score":338,"play_id":"d3cbacee-9528-44d7-8f79-71e2b7489ae6","local_time":"20190530191511","is_ascension_mode":true,"campfire_choices":[{"data":"Bouncing Flask","floor":6.0,"key":"SMITH"},{"data":"Deflect","floor":10.0,"key":"SMITH"},{"data":"Survivor","floor":12.0,"key":"SMITH"},{"data":"Noxious Fumes","floor":15.0,"key":"SMITH"},{"data":"Crippling Poison","floor":23.0,"key":"SMITH"},{"data":"Defend_G","floor":27.0,"key":"SMITH"},{"floor":32.0,"key":"REST"}],"neow_cost":"NONE","seed_source_timestamp":123843267748000,"circlet_count":0,"master_deck":["Defend_G","Defend_G","Defend_G","Defend_G","Defend_G+1","Strike_G+1","Strike_G","Strike_G","Strike_G","Strike_G","Survivor+1","Neutralize+1","Flying Knee","Bouncing Flask+1","Deflect+1","Doubt","Noxious Fumes+1","Bullet Time","Injury","Dodge and Roll+1","PiercingWail","Crippling Poison+1","Catalyst+1","Deadly Poison+1","Burst","Footwork"],"special_seed":0,"relics":["Ring of the Snake","NeowsBlessing","Golden Idol","Letter Opener","Shuriken","Pen Nib","Calling Bell","MawBank","Darkstone Periapt","Tingsha","Meat on the Bone","Nloth\u0027s Gift","Boot"],"potions_floor_usage":[33,33],"damage_taken":[{"damage":0.0,"enemies":"2 Louse","floor":1.0,"turns":1.0},{"damage":0.0,"enemies":"Small Slimes","floor":2.0,"turns":1.0},{"damage":0.0,"enemies":"Gremlin Nob","floor":7.0,"turns":1.0},{"damage":0.0,"enemies":"Cultist","floor":14.0,"turns":2.0},{"damage":12.0,"enemies":"Hexaghost","floor":16.0,"turns":10.0},{"damage":27.0,"enemies":"Spheric Guardian","floor":18.0,"turns":5.0},{"damage":15.0,"enemies":"3 Byrds","floor":21.0,"turns":4.0},{"damage":9.0,"enemies":"Snake Plant","floor":22.0,"turns":4.0},{"damage":4.0,"enemies":"Centurion and Healer","floor":24.0,"turns":6.0},{"damage":21.0,"enemies":"Snecko","floor":25.0,"turns":5.0},{"damage":14.0,"enemies":"Snake Plant","floor":29.0,"turns":2.0},{"damage":1.0,"enemies":"Shelled Parasite and Fungi","floor":30.0,"turns":4.0},{"damage":64,"enemies":"Collector","floor":33,"turns":3}],"seed_played":"-5869966744773895795","potions_obtained":[{"floor":1.0,"key":"SteroidPotion"},{"floor":2.0,"key":"Dexterity Potion"},{"floor":7.0,"key":"SkillPotion"},{"floor":18.0,"key":"Weak Potion"},{"floor":28.0,"key":"Energy Potion"},{"floor":28.0,"key":"Fire Potion"},{"floor":28.0,"key":"Swift Potion"},{"floor":30.0,"key":"Strength Potion"}],"is_trial":false,"path_per_floor":["M","M","?","?","$","R","E","?","T","R","$","R","?","M","R","B",null,"M","$","?","M","M","R","M","M","T","R","?","M","M","$","R","B"],"character_chosen":"THE_SILENT","items_purchased":["Pen Nib","Meat on the Bone","Footwork"],"campfire_rested":1,"item_purchase_floors":[11,19,31],"current_hp_per_floor":[70,70,70,58,58,58,58,47,47,47,47,47,47,47,47,35,61,34,34,34,31,34,34,42,33,33,33,33,31,42,42,63,0],"gold":21,"neow_bonus":"THREE_ENEMY_KILL","is_prod":false,"is_daily":false,"chose_seed":false,"campfire_upgraded":6,"win_rate":0,"timestamp":1559268911,"path_taken":["M","M","?","?","$","R","E","?","T","R","$","R","?","M","R","BOSS","M","$","?","?","M","R","M","?","T","R","?","?","M","?","R","BOSS"],"build_version":"2019-01-23","purchased_purges":3,"victory":false,"max_hp_per_floor":[70,70,70,70,70,70,70,70,70,70,70,70,70,70,70,70,70,70,70,70,70,70,70,70,70,70,70,70,70,70,70,70,70],"card_choices":[{"not_picked":["Tactician","Bane"],"picked":"Flying Knee","floor":1.0},{"not_picked":["Slice","Setup"],"picked":"Bouncing Flask","floor":2.0},{"not_picked":["Riddle With Holes","Glass Knife"],"picked":"Deflect","floor":7.0},{"not_picked":["Slice","Infinite Blades"],"picked":"Noxious Fumes","floor":14.0},{"not_picked":["Malaise","Venomology"],"picked":"Bullet Time","floor":16.0},{"not_picked":["Deflect","Flying Knee"],"picked":"Dodge and Roll+1","floor":18.0},{"not_picked":["Outmaneuver","Accuracy+1"],"picked":"PiercingWail","floor":21.0},{"not_picked":["PiercingWail","Acrobatics"],"picked":"Crippling Poison","floor":22.0},{"not_picked":["Flying Knee","Phantasmal Killer","Flechettes"],"picked":"SKIP","floor":24.0},{"not_picked":["Noxious Fumes","Acrobatics+1"],"picked":"Catalyst+1","floor":25.0},{"not_picked":["Acrobatics","Escape Plan"],"picked":"Deadly Poison+1","floor":29.0},{"not_picked":["Choke","Distraction"],"picked":"Burst","floor":30.0}],"player_experience":155449,"relics_obtained":[{"floor":7.0,"key":"Shuriken"},{"floor":9.0,"key":"Whetstone"},{"floor":17.0,"key":"MawBank"},{"floor":17.0,"key":"Darkstone Periapt"},{"floor":17.0,"key":"Tingsha"},{"floor":26.0,"key":"Boot"}],"event_choices":[{"damage_healed":0.0,"max_hp_gain":0.0,"max_hp_loss":0.0,"gold_gain":0.0,"event_name":"Golden Idol","player_choice":"Take Wound","floor":3.0,"gold_loss":0.0,"damage_taken":0.0,"relics_obtained":["Golden Idol"],"cards_obtained":["Injury"]},{"damage_healed":0.0,"max_hp_gain":0.0,"max_hp_loss":0.0,"gold_gain":0.0,"event_name":"Scrap Ooze","player_choice":"Success","floor":4.0,"gold_loss":0.0,"damage_taken":12.0,"relics_obtained":["Letter Opener"]},{"damage_healed":0.0,"max_hp_gain":0.0,"max_hp_loss":0.0,"gold_gain":75.0,"event_name":"World of Goop","player_choice":"Gather Gold","floor":8.0,"gold_loss":0.0,"damage_taken":11.0},{"damage_healed":0.0,"max_hp_gain":0.0,"max_hp_loss":0.0,"gold_gain":175.0,"event_name":"Liars Game","player_choice":"AGREE","floor":13.0,"gold_loss":0.0,"damage_taken":0.0,"cards_obtained":["Doubt"]},{"damage_healed":0.0,"max_hp_gain":0.0,"max_hp_loss":0.0,"gold_gain":0.0,"event_name":"N\u0027loth","player_choice":"Traded Relic","floor":20.0,"relics_lost":["Whetstone"],"gold_loss":0.0,"damage_taken":0.0,"relics_obtained":["Nloth\u0027s Gift"]},{"damage_healed":0.0,"max_hp_gain":0.0,"max_hp_loss":0.0,"gold_gain":0.0,"event_name":"Lab","player_choice":"Got Potions","floor":28.0,"gold_loss":0.0,"damage_taken":0.0}],"is_beta":false,"boss_relics":[{"not_picked":["Eternal Feather","Fusion Hammer"],"picked":"Calling Bell"}],"items_purged_floors":[5,19,31],"is_endless":false,"potions_floor_spawned":[1,2,7,18,30],"killed_by":"Collector","ascension_level":5}