{"gold_per_floor":[116,168,343,360,374,374,394,411,488,488,506,535,535,535,535,638,688,702,702,690,127,42,42,56,56,56,72,404,404,419,389,389,389],"floor_reached":33,"playtime":5972,"items_purged":["Doubt"],"score":290,"play_id":"7e8409ec-26ba-4a6d-8c75-f7db68e2fe91","local_time":"20180823140521","is_ascension_mode":false,"campfire_choices":[{"data":"Clothesline","floor":6,"key":"SMITH"},{"data":"Combust","floor":10,"key":"SMITH"},{"data":"Armaments","floor":13,"key":"SMITH"},{"data":"Flex","floor":15,"key":"SMITH"},{"data":"Feed","floor":23,"key":"SMITH"},{"data":"Bloodletting","floor":25,"key":"SMITH"},{"floor":29,"key":"REST"},{"floor":32,"key":"REST"}],"neow_cost":"","seed_source_timestamp":13747716709184,"circlet_count":0,"master_deck":["Strike_R+1","Strike_R+1","Strike_R","Strike_R+1","Strike_R","Defend_R","Defend_R","Defend_R+1","Defend_R+1","Bash","Clothesline+1","Sword Boomerang","Combust+1","Flex+1","Dual Wield","Armaments+1","Impervious","Feed+1","Battle Trance","Burning Pact+1","True Grit","Forethought","Metallicize","Bloodletting+1","Dropkick+1","Anger+1","Intimidate+1"],"relics":["Burning Blood","Boot","Odd Mushroom","Dodecahedron","Thread and Needle","Tiny House","War Paint","Whetstone","Gremlin Horn","Meat on the Bone","Old Coin"],"potions_floor_usage":[12,27,28,33,33,33],"damage_taken":[{"damage":1,"enemies":"Cultist","floor":1,"turns":3},{"damage":3,"enemies":"Jaw Worm","floor":4,"turns":5},{"damage":4,"enemies":"Small Slimes","floor":5,"turns":4},{"damage":16,"floor":7,"turns":4},{"damage":9,"enemies":"2 Fungi Beasts","floor":8,"turns":4},{"damage":18,"enemies":"Large Slime","floor":11,"turns":6},{"damage":14,"enemies":"Gremlin Nob","floor":12,"turns":4},{"damage":61,"enemies":"The Guardian","floor":16,"turns":10},{"damage":5,"enemies":"3 Byrds","floor":18,"turns":3},{"damage":15,"enemies":"2 Thieves","floor":20,"turns":4},{"damage":33,"enemies":"Chosen and Byrds","floor":24,"turns":7},{"damage":11,"enemies":"Snake Plant","floor":27,"turns":5},{"damage":61,"enemies":"Book of Stabbing","floor":28,"turns":8},{"damage":27,"enemies":"Cultist and Chosen","floor":30,"turns":8},{"damage":93,"enemies":"Champ","floor":33,"turns":12}],"seed_played":"-3405072101615363366","potions_obtained":[{"floor":5,"key":"FearPotion"},{"floor":12,"key":"Dexterity Potion"},{"floor":17,"key":"SpeedPotion"},{"floor":18,"key":"SteroidPotion"},{"floor":24,"key":"Regen Potion"},{"floor":31,"key":"Fruit Juice"},{"floor":31,"key":"SneckoOil"}],"is_trial":false,"path_per_floor":["M","T","?","M","M","R","?","M","T","R","M","E","R","?","R","B",null,"M","?","M","$","?","R","M","R","T","M","E","R","M","?","R"],"character_chosen":"IRONCLAD","items_purchased":["Forethought","Metallicize","War Paint","Whetstone"],"campfire_rested":2,"item_purchase_floors":[21,21,21,21],"current_hp_per_floor":[80,80,80,80,80,80,70,67,67,67,55,47,47,73,73,18,85,88,88,79,79,79,79,52,52,52,59,28,54,45,45,71,0],"gold":389,"neow_bonus":"","is_prod":false,"is_daily":false,"chose_seed":false,"campfire_upgraded":6,"win_rate":0.0,"timestamp":1535025921,"path_taken":["M","?","?","M","M","R","?","M","T","R","M","E","R","?","R","BOSS","M","?","?","$","?","R","M","R","T","M","E","R","M","?","R","BOSS"],"build_version":"2018-08-16","purchased_purges":1,"victory":false,"max_hp_per_floor":[80,80,80,80,80,80,80,80,80,80,80,80,80,80,80,80,85,88,88,88,88,88,88,88,88,88,88,88,88,88,88,88,93],"card_choices":[{"not_picked":["Perfected Strike","Corruption"],"picked":"Clothesline","floor":1},{"not_picked":["Shrug It Off","Body Slam"],"picked":"Sword Boomerang","floor":4},{"not_picked":["Corruption","Ghostly Armor"],"picked":"Combust","floor":5},{"not_picked":["Iron Wave","Perfected Strike"],"picked":"Flex","floor":7},{"not_picked":["True Grit","Flame Barrier"],"picked":"Dual Wield","floor":8},{"not_picked":["Warcry","Iron Wave"],"picked":"Armaments","floor":11},{"not_picked":["Body Slam","Flex"],"picked":"Impervious","floor":12},{"not_picked":["Reaper","Double Tap"],"picked":"Feed","floor":16},{"not_picked":["Uppercut","Shrug It Off"],"picked":"Battle Trance","floor":17},{"not_picked":["Sword Boomerang","Flex"],"picked":"Burning Pact+1","floor":18},{"not_picked":["Pommel Strike","Sword Boomerang"],"picked":"True Grit","floor":20},{"not_picked":["Armaments","Cleave"],"picked":"Bloodletting","floor":24},{"not_picked":["Thunderclap+1","Iron Wave"],"picked":"Dropkick+1","floor":27},{"not_picked":["Body Slam","Bloodletting"],"picked":"Anger+1","floor":28},{"not_picked":["Double Tap","Shrug It Off"],"picked":"Intimidate+1","floor":30}],"player_experience":0,"relics_obtained":[{"floor":2,"key":"Boot"},{"floor":7,"key":"Odd Mushroom"},{"floor":9,"key":"Dodecahedron"},{"floor":12,"key":"Thread and Needle"},{"floor":26,"key":"Meat on the Bone"},{"floor":28,"key":"Old Coin"}],"event_choices":[{"event_name":"Liars Game","player_choice":"agreed","floor":3,"damage_taken":0},{"event_name":"Mushrooms","player_choice":"Fought Mushrooms","floor":7,"damage_taken":0},{"event_name":"Big Fish","player_choice":"Banana","floor":14,"damage_taken":0},{"event_name":"N\u0027loth","player_choice":"Ignored","floor":19,"damage_taken":0},{"event_name":"Addict","player_choice":"Obtained Relic","floor":22,"damage_taken":0},{"event_name":"The Woman in Blue","player_choice":"Bought 2 Potions","floor":31,"damage_taken":0}],"is_beta":false,"boss_relics":[{"not_picked":["Calling Bell","Snecko Eye"],"picked":"Tiny House"}],"items_purged_floors":[21],"is_endless":false,"potions_floor_spawned":[5,12,18,24],"killed_by":"Champ","ascension_level":0}