{"gold_per_floor":[111,127,146,159,37,37,72,72,72,72,147,147,158,12,12,111,111,128,128,128,145,145,173,173,189,271,271,291,291,21,41,41,141,141,161,126,141,141,241,241,267,267,267,267,298,298,7,25,25,25,25,25,25,57,57],"floor_reached":55,"playtime":6164,"items_purged":[],"score":992,"play_id":"377b2454-9aff-4b68-97d0-1d6bf176d0c8","local_time":"20190429061904","is_ascension_mode":true,"campfire_choices":[{"floor":6.0,"key":"REST"},{"data":"Zap","floor":8.0,"key":"SMITH"},{"floor":12.0,"key":"REST"},{"data":"Dualcast","floor":15.0,"key":"SMITH"},{"data":"Biased Cognition","floor":24.0,"key":"SMITH"},{"data":"Coolheaded","floor":29.0,"key":"SMITH"},{"data":"Glacier","floor":32.0,"key":"SMITH"},{"data":"Defragment","floor":40.0,"key":"SMITH"},{"data":"Capacitor","floor":42.0,"key":"SMITH"},{"floor":44.0,"key":"RECALL"},{"floor":46.0,"key":"REST"},{"data":"Capacitor","floor":49.0,"key":"SMITH"},{"data":"Secret Technique","floor":52.0,"key":"SMITH"}],"neow_cost":"NONE","seed_source_timestamp":0,"circlet_count":0,"master_deck":["Strike_B","Strike_B","Strike_B","Strike_B","Defend_B","Defend_B","Defend_B","Defend_B","Zap+1","Dualcast+1","Genetic Algorithm","Coolheaded+1","Genetic Algorithm","Coolheaded","Reinforced Body","Ball Lightning","Hello World","Sweeping Beam","Conserve Battery","Biased Cognition+1","Core Surge","Ball Lightning","Genetic Algorithm","Ball Lightning","Multi-Cast","RitualDagger","Glacier+1","Multi-Cast","Capacitor+1","Go for the Eyes+1","Secret Technique+1","Defragment+1","Capacitor+1","Ball Lightning+1"],"special_seed":0,"relics":["FrozenCore","Vajra","Kunai","Torii","Eternal Feather","Gremlin Horn","Cables","Chemical X","Ice Cream","Centennial Puzzle","Bronze Scales","Lee\u0027s Waffle","Shuriken"],"potions_floor_usage":[55],"damage_taken":[{"damage":8.0,"enemies":"Small Slimes","floor":1.0,"turns":4.0},{"damage":3.0,"enemies":"2 Louse","floor":2.0,"turns":3.0},{"damage":0.0,"enemies":"Cultist","floor":3.0,"turns":4.0},{"damage":28.0,"enemies":"Large Slime","floor":4.0,"turns":10.0},{"damage":16.0,"enemies":"Lagavulin","floor":7.0,"turns":8.0},{"damage":9.0,"enemies":"Looter","floor":13.0,"turns":2.0},{"damage":1.0,"enemies":"The Guardian","floor":16.0,"turns":13.0},{"damage":18.0,"enemies":"2 Thieves","floor":18.0,"turns":4.0},{"damage":16.0,"enemies":"Colosseum Slavers","floor":19.0,"turns":4.0},{"damage":0.0,"enemies":"Spheric Guardian","floor":21.0,"turns":2.0},{"damage":24.0,"enemies":"Book of Stabbing","floor":23.0,"turns":5.0},{"damage":1.0,"enemies":"Centurion and Healer","floor":25.0,"turns":6.0},{"damage":1.0,"enemies":"Snake Plant","floor":28.0,"turns":4.0},{"damage":1.0,"enemies":"Cultist and Chosen","floor":31.0,"turns":5.0},{"damage":39.0,"enemies":"Automaton","floor":33.0,"turns":15.0},{"damage":17.0,"enemies":"3 Shapes","floor":35.0,"turns":6.0},{"damage":9.0,"enemies":"3 Darklings","floor":37.0,"turns":8.0},{"damage":0.0,"enemies":"Mind Bloom Boss Battle","floor":39.0,"turns":10.0},{"damage":13.0,"enemies":"Reptomancer","floor":41.0,"turns":6.0},{"damage":64.0,"enemies":"Giant Head","floor":45.0,"turns":11.0},{"damage":0.0,"enemies":"Spire Growth","floor":48.0,"turns":6.0},{"damage":17.0,"enemies":"Donu and Deca","floor":50.0,"turns":12.0},{"damage":80,"enemies":"Shield and Spear","floor":54,"turns":13},{"damage":7,"enemies":"The Heart","floor":55,"turns":6}],"seed_played":"1096401388688485938","potions_obtained":[{"floor":2.0,"key":"Energy Potion"},{"floor":4.0,"key":"Regen Potion"},{"floor":13.0,"key":"EssenceOfSteel"},{"floor":16.0,"key":"Energy Potion"},{"floor":21.0,"key":"GamblersBrew"},{"floor":23.0,"key":"Poison Potion"},{"floor":28.0,"key":"Weak Potion"},{"floor":31.0,"key":"Swift Potion"},{"floor":35.0,"key":"GamblersBrew"},{"floor":39.0,"key":"FearPotion"},{"floor":41.0,"key":"AttackPotion"},{"floor":48.0,"key":"AttackPotion"},{"floor":54,"key":"SkillPotion"}],"is_trial":false,"path_per_floor":["M","M","M","M","$","R","E","R","T","?","?","R","M","$","R","B",null,"M","?","?","M","?","E","R","M","T","?","M","R","$","M","R","B",null,"M","$","M","?","?","R","E","R","T","R","E","R","$","M","R","B",null,"R","$","E","B"],"character_chosen":"DEFECT","items_purchased":["Ball Lightning","Hello World","Biased Cognition","Glacier","Chemical X","Capacitor","Lee\u0027s Waffle","Fruit Juice"],"campfire_rested":3,"item_purchase_floors":[5,5,14,30,30,36,47,47],"current_hp_per_floor":[60,57,57,29,29,51,50,50,50,38,27,49,40,40,40,39,66,48,32,32,32,32,8,23,22,22,16,15,30,30,29,44,5,58,41,41,32,32,32,50,37,55,55,73,9,49,82,87,87,70,83,87,87,7,0],"gold":57,"neow_bonus":"THREE_CARDS","is_prod":false,"is_daily":false,"chose_seed":false,"campfire_upgraded":9,"win_rate":0,"timestamp":1556543944,"path_taken":["M","M","M","M","$","R","E","R","T","?","?","R","M","$","R","BOSS","M","?","?","?","?","E","R","M","T","?","M","R","$","M","R","BOSS","M","$","M","?","?","R","E","R","T","R","E","R","?","M","R","BOSS","R","$","E","BOSS"],"build_version":"2019-01-23","purchased_purges":0,"victory":false,"max_hp_per_floor":[75,75,75,75,75,75,75,75,75,75,75,75,75,75,75,75,75,75,75,75,75,75,75,75,75,75,75,75,75,75,75,75,75,75,75,75,75,75,75,75,75,75,75,75,75,75,82,87,87,87,87,87,87,87,87],"card_choices":[{"not_picked":["Coolheaded","Cold Snap"],"picked":"Genetic Algorithm","floor":0.0},{"not_picked":["Ball Lightning","Sweeping Beam"],"picked":"Coolheaded","floor":1.0},{"not_picked":["Steam","Streamline"],"picked":"Genetic Algorithm","floor":2.0},{"not_picked":["Gash","Skim"],"picked":"Coolheaded","floor":3.0},{"not_picked":["Genetic Algorithm","Reprogram"],"picked":"Reinforced Body","floor":4.0},{"not_picked":["Aggregate","Turbo"],"picked":"Sweeping Beam","floor":7.0},{"not_picked":["Barrage","Thunder Strike"],"picked":"Conserve Battery","floor":13.0},{"not_picked":["Fission","Hyperbeam"],"picked":"Core Surge","floor":16.0},{"not_picked":["Beam Cell","Recycle+1"],"picked":"Ball Lightning","floor":18.0},{"not_picked":["Hologram","Blizzard"],"picked":"Ball Lightning","floor":21.0},{"not_picked":["Redo","Sweeping Beam"],"picked":"Multi-Cast","floor":23.0},{"not_picked":["Rebound","Barrage+1","Redo"],"picked":"SKIP","floor":25.0},{"not_picked":["Streamline+1","Stack","Beam Cell"],"picked":"SKIP","floor":28.0},{"not_picked":["Amplify","Skim+1","Beam Cell"],"picked":"SKIP","floor":31.0},{"not_picked":["Meteor Strike","Amplify"],"picked":"Multi-Cast","floor":33.0},{"not_picked":["Hologram+1","Stack","Gash+1"],"picked":"SKIP","floor":35.0},{"not_picked":["Compile Driver","Cold Snap"],"picked":"Go for the Eyes+1","floor":37.0},{"not_picked":["Master of Strategy","Mind Blast"],"picked":"Secret Technique","floor":38.0},{"not_picked":["Steam+1","Hologram+1"],"picked":"Defragment","floor":39.0},{"not_picked":["Sweeping Beam","Rebound+1","Beam Cell+1"],"picked":"SKIP","floor":41.0},{"not_picked":["Beam Cell+1","Aggregate+1"],"picked":"Capacitor","floor":45.0},{"not_picked":["Beam Cell+1","Compile Driver"],"picked":"Ball Lightning+1","floor":48.0},{"not_picked":["Auto Shields","Compile Driver+1","Storm"],"picked":"SKIP","floor":54}],"player_experience":574751,"relics_obtained":[{"floor":7.0,"key":"Vajra"},{"floor":9.0,"key":"Kunai"},{"floor":23.0,"key":"Gremlin Horn"},{"floor":26.0,"key":"Cables"},{"floor":39.0,"key":"Ice Cream"},{"floor":41.0,"key":"Centennial Puzzle"},{"floor":45.0,"key":"Bronze Scales"},{"floor":54,"key":"Shuriken"}],"event_choices":[{"damage_healed":0.0,"max_hp_gain":0.0,"max_hp_loss":0.0,"gold_gain":0.0,"event_name":"Scrap Ooze","player_choice":"Success","floor":10.0,"gold_loss":0.0,"damage_taken":12.0,"relics_obtained":["Torii"]},{"damage_healed":0.0,"max_hp_gain":0.0,"max_hp_loss":0.0,"gold_gain":75.0,"event_name":"World of Goop","player_choice":"Gather Gold","floor":11.0,"gold_loss":0.0,"damage_taken":11.0},{"damage_healed":0.0,"max_hp_gain":0.0,"max_hp_loss":0.0,"gold_gain":0.0,"event_name":"Colosseum","player_choice":"Fight","floor":19.0,"gold_loss":0.0,"damage_taken":0.0},{"damage_healed":0.0,"max_hp_gain":0.0,"max_hp_loss":0.0,"gold_gain":0.0,"event_name":"Colosseum","player_choice":"Fled From Nobs","floor":19.0,"gold_loss":0.0,"damage_taken":0.0},{"damage_healed":0.0,"max_hp_gain":0.0,"max_hp_loss":0.0,"gold_gain":0.0,"event_name":"Duplicator","player_choice":"Copied","floor":20.0,"gold_loss":0.0,"damage_taken":0.0,"cards_obtained":["Genetic Algorithm"]},{"damage_healed":0.0,"max_hp_gain":0.0,"max_hp_loss":0.0,"gold_gain":0.0,"event_name":"Ghosts","player_choice":"Ignored","floor":22.0,"gold_loss":0.0,"damage_taken":0.0},{"damage_healed":0.0,"max_hp_gain":0.0,"max_hp_loss":0.0,"gold_gain":0.0,"event_name":"Nest","player_choice":"Joined the Cult","floor":27.0,"gold_loss":0.0,"damage_taken":6.0,"cards_obtained":["RitualDagger"]},{"damage_healed":0.0,"max_hp_gain":0.0,"max_hp_loss":0.0,"gold_gain":0.0,"event_name":"SensoryStone","player_choice":"Memory 1","floor":38.0,"gold_loss":0.0,"damage_taken":0.0},{"damage_healed":0.0,"max_hp_gain":0.0,"max_hp_loss":0.0,"gold_gain":0.0,"event_name":"MindBloom","player_choice":"Fight","floor":39.0,"gold_loss":0.0,"damage_taken":0.0}],"is_beta":false,"boss_relics":[{"not_picked":["Empty Cage","Velvet Choker"],"picked":"Eternal Feather"},{"not_picked":["Philosopher\u0027s Stone","Runic Dome"],"picked":"FrozenCore"}],"items_purged_floors":[],"is_endless":false,"potions_floor_spawned":[2,4,13,16,21,23,28,31,35,39,41,48,54],"killed_by":"The Heart","ascension_level":8}