{"gold_per_floor":[110,130,130,148,168,199,199,229,301,301,301,321,332,351,351,449,449,461,461,477,77,77],"floor_reached":22,"playtime":2294,"items_purged":["Strike_R"],"score":226,"play_id":"ddaad9d8-8c6b-4688-9394-d93fe36859df","local_time":"20190602171213","is_ascension_mode":true,"campfire_choices":[{"floor":7,"key":"RECALL"},{"floor":10,"key":"REST"},{"floor":15,"key":"REST"}],"neow_cost":"NONE","seed_source_timestamp":85565555581500,"circlet_count":0,"master_deck":["Strike_R","Strike_R","Strike_R","Defend_R","Defend_R","Defend_R","Defend_R","Bash","True Grit","Power Through","Feed","Disarm","Carnage","Anger","Flame Barrier","Immolate","True Grit","Shockwave","Barricade","Flame Barrier","Spot Weakness","Heavy Blade"],"relics":["Burning Blood","Champion Belt","Mark of Pain"],"potions_floor_usage":[2,4,6,16,18,20],"damage_taken":[{"damage":5,"enemies":"2 Louse","floor":1,"turns":4},{"damage":3,"enemies":"Small Slimes","floor":2,"turns":5},{"damage":12,"enemies":"Jaw Worm","floor":4,"turns":6},{"damage":25,"enemies":"Exordium Thugs","floor":5,"turns":8},{"damage":46,"enemies":"Gremlin Nob","floor":6,"turns":5},{"damage":18,"enemies":"Exordium Wildlife","floor":12,"turns":6},{"damage":5,"enemies":"Looter","floor":13,"turns":4},{"damage":23,"enemies":"Lots of Slimes","floor":14,"turns":5},{"damage":26,"enemies":"The Guardian","floor":16,"turns":22},{"damage":19,"enemies":"Spheric Guardian","floor":18,"turns":6},{"damage":9,"enemies":"Chosen","floor":20,"turns":5},{"damage":58,"enemies":"Sentry and Sphere","floor":22,"turns":9}],"seed_played":"5822829103149090745","potions_obtained":[{"floor":0,"key":"Block Potion"},{"floor":0,"key":"FearPotion"},{"floor":0,"key":"SmokeBomb"},{"floor":1,"key":"Block Potion"},{"floor":12,"key":"GamblersBrew"},{"floor":14,"key":"PowerPotion"},{"floor":16,"key":"Strength Potion"},{"floor":18,"key":"GamblersBrew"}],"is_trial":false,"path_per_floor":["M","M","?","M","M","E","R","?","T","R","?","M","M","M","R","B",null,"M","?","M","$","M"],"character_chosen":"IRONCLAD","items_purchased":["Barricade","Flame Barrier","Spot Weakness","Heavy Blade"],"campfire_rested":2,"item_purchase_floors":[21,21,21,21],"current_hp_per_floor":[80,80,73,67,48,8,8,8,8,32,58,49,50,36,61,41,86,73,56,53,53,0],"gold":77,"neow_bonus":"THREE_SMALL_POTIONS","is_prod":false,"is_daily":false,"chose_seed":false,"campfire_upgraded":0,"win_rate":0,"timestamp":1559488333,"path_taken":["M","M","?","M","M","E","R","?","T","R","?","M","M","M","R","BOSS","M","?","M","$","M"],"build_version":"2019-01-23","purchased_purges":1,"victory":false,"max_hp_per_floor":[80,80,80,80,80,80,80,80,80,80,80,83,83,86,86,86,86,86,91,91,91,91],"card_choices":[{"not_picked":["Flex","Twin Strike"],"picked":"True Grit","floor":1},{"not_picked":["Bloodletting","Intimidate"],"picked":"Power Through","floor":2},{"not_picked":["Spot Weakness","Reckless Charge"],"picked":"Feed","floor":4},{"not_picked":["Flex","Dropkick"],"picked":"Disarm","floor":5},{"not_picked":["Anger","Heavy Blade"],"picked":"Carnage","floor":6},{"not_picked":["Thunderclap","Havoc","Sever Soul"],"picked":"SKIP","floor":12},{"not_picked":["Feed","Perfected Strike"],"picked":"Anger","floor":13},{"not_picked":["Wild Strike","Metallicize"],"picked":"Flame Barrier","floor":14},{"not_picked":["Berserk","Double Tap"],"picked":"Immolate","floor":16},{"not_picked":["Havoc","Perfected Strike"],"picked":"True Grit","floor":18},{"not_picked":["Second Wind","Anger"],"picked":"Shockwave","floor":20}],"player_experience":345512,"relics_obtained":[{"floor":6,"key":"Champion Belt"}],"event_choices":[{"cards_removed":["Strike_R"],"damage_healed":0,"gold_gain":0,"player_choice":"Card Removal","damage_taken":7,"max_hp_gain":0,"max_hp_loss":0,"event_name":"Golden Wing","floor":3,"gold_loss":0},{"damage_healed":0,"gold_gain":30,"player_choice":"Searched \u00271\u0027 times","damage_taken":0,"max_hp_gain":0,"max_hp_loss":0,"event_name":"Dead Adventurer","floor":8,"gold_loss":0},{"damage_healed":26,"gold_gain":0,"player_choice":"Banana","damage_taken":0,"max_hp_gain":0,"max_hp_loss":0,"event_name":"Big Fish","floor":11,"gold_loss":0},{"damage_healed":0,"gold_gain":0,"player_choice":"Shed Blood","damage_taken":22,"max_hp_gain":5,"max_hp_loss":0,"event_name":"Forgotten Altar","floor":19,"gold_loss":0}],"is_beta":false,"boss_relics":[{"not_picked":["Black Star","Runic Pyramid"],"picked":"Mark of Pain"}],"items_purged_floors":[21],"is_endless":false,"potions_floor_spawned":[1,12,14,16,18],"killed_by":"Sentry and Sphere","ascension_level":4}