{"gold_per_floor":[12,31,41,57,57,57,8,41,121,135,161,177,187,201,201,296,296,311,26,26,26,26,57,57,57,110,120,151,165,165,191,191,289,289,305,305,305,315,23,23,42,68,68,87,87,117,117,60,60,60,60,60,2,34,34],"floor_reached":56,"playtime":4407,"items_purged":["Shame"],"score":1825,"play_id":"c5c9f23d-b1b2-4433-ba32-1369030cb5c0","local_time":"20190517035752","is_ascension_mode":true,"campfire_choices":[{"data":"Capacitor","floor":6.0,"key":"SMITH"},{"floor":15.0,"key":"REST"},{"floor":24.0,"key":"REST"},{"data":"Apotheosis","floor":30.0,"key":"SMITH"},{"data":"Consume","floor":32.0,"key":"SMITH"},{"floor":40.0,"key":"RECALL"},{"data":"Enlightenment","floor":45.0,"key":"SMITH"},{"data":"Chill","floor":49.0,"key":"SMITH"},{"data":"Echo Form","floor":52.0,"key":"SMITH"}],"neow_cost":"NO_GOLD","seed_source_timestamp":3124247848479710,"circlet_count":0,"master_deck":["AscendersBane","Defend_B","Defend_B","Defend_B","Zap+1","Dualcast","Glacier","Capacitor+1","Consume+1","Go for the Eyes","Go for the Eyes","Sunder+1","Glacier","Coolheaded","Ball Lightning","Buffer","Melter+1","Apotheosis+1","White Noise","All For One+1","Steam Power","Self Repair+1","Coolheaded+1","Echo Form+1","Metamorphosis","Dark Shackles","Enlightenment+1","Glacier","Chill+1","Capacitor","Loop+1","Reinforced Body+1","Double Energy+1","Defragment"],"special_seed":0,"relics":["Cracked Core","WingedGreaves","Mercury Hourglass","Boot","Calling Bell","Blood Vial","Gremlin Horn","FossilizedHelix","The Courier","Nunchaku","Oddly Smooth Stone","Cursed Key","PreservedInsect","Omamori","Letter Opener","Toxic Egg 2","Art of War","Whetstone"],"potions_floor_usage":[55,55],"damage_taken":[{"damage":1.0,"enemies":"2 Louse","floor":1.0,"turns":3.0},{"damage":0.0,"enemies":"Jaw Worm","floor":2.0,"turns":7.0},{"damage":0.0,"enemies":"Small Slimes","floor":3.0,"turns":4.0},{"damage":3.0,"enemies":"Blue Slaver","floor":4.0,"turns":5.0},{"damage":9.0,"enemies":"3 Sentries","floor":8.0,"turns":7.0},{"damage":0.0,"enemies":"2 Fungi Beasts","floor":10.0,"turns":2.0},{"damage":29.0,"enemies":"Gremlin Nob","floor":11.0,"turns":5.0},{"damage":1.0,"enemies":"Gremlin Gang","floor":12.0,"turns":4.0},{"damage":4.0,"enemies":"Blue Slaver","floor":13.0,"turns":3.0},{"damage":0.0,"enemies":"3 Louse","floor":14.0,"turns":2.0},{"damage":8.0,"enemies":"Hexaghost","floor":16.0,"turns":12.0},{"damage":0.0,"enemies":"3 Byrds","floor":18.0,"turns":4.0},{"damage":23.0,"enemies":"Book of Stabbing","floor":23.0,"turns":7.0},{"damage":0.0,"enemies":"Spheric Guardian","floor":27.0,"turns":3.0},{"damage":0.0,"enemies":"Slavers","floor":28.0,"turns":4.0},{"damage":31.0,"enemies":"Shelled Parasite and Fungi","floor":29.0,"turns":6.0},{"damage":0.0,"enemies":"Gremlin Leader","floor":31.0,"turns":7.0},{"damage":11.0,"enemies":"Automaton","floor":33.0,"turns":17.0},{"damage":18.0,"enemies":"3 Darklings","floor":35.0,"turns":7.0},{"damage":0.0,"enemies":"Orb Walker","floor":38.0,"turns":4.0},{"damage":25.0,"enemies":"3 Darklings","floor":41.0,"turns":6.0},{"damage":11.0,"enemies":"Nemesis","floor":42.0,"turns":7.0},{"damage":14.0,"enemies":"Writhing Mass","floor":44.0,"turns":8.0},{"damage":0.0,"enemies":"Reptomancer","floor":46.0,"turns":6.0},{"damage":37.0,"enemies":"Awakened One","floor":50.0,"turns":11.0},{"damage":29.0,"enemies":"Shield and Spear","floor":54.0,"turns":8.0},{"damage":41,"enemies":"The Heart","floor":55,"turns":9}],"seed_played":"8171814065947063344","potions_obtained":[{"floor":3.0,"key":"Fire Potion"},{"floor":4.0,"key":"Swift Potion"},{"floor":8.0,"key":"SpeedPotion"},{"floor":11.0,"key":"FocusPotion"},{"floor":12.0,"key":"Fire Potion"},{"floor":23.0,"key":"Energy Potion"},{"floor":28.0,"key":"Explosive Potion"},{"floor":29.0,"key":"Fire Potion"},{"floor":31.0,"key":"EssenceOfSteel"},{"floor":33.0,"key":"SkillPotion"},{"floor":35.0,"key":"FocusPotion"},{"floor":42.0,"key":"Poison Potion"},{"floor":54.0,"key":"FearPotion"}],"is_trial":false,"path_per_floor":["M","M","M","M","?","R","$","E","T","M","E","M","M","M","R","B",null,"M","$","?","?","$","E","R","?","T","M","E","M","R","E","R","B",null,"M","?","?","M","$","R","M","E","T","M","R","E","?","$","R","B",null,"R","$","E","B",null],"character_chosen":"DEFECT","items_purchased":["Go for the Eyes","Apotheosis","White Noise","Capacitor","PreservedInsect","Omamori","Reinforced Body+1","Double Energy+1"],"campfire_rested":2,"item_purchase_floors":[7,19,19,39,39,39,48,53],"current_hp_per_floor":[67,67,67,64,64,64,64,55,55,55,26,25,21,21,43,35,65,67,67,53,53,53,32,56,56,56,58,60,41,41,53,53,54,74,68,58,58,70,70,70,57,58,58,56,56,68,68,68,68,43,71,71,71,54,15],"gold":34,"neow_bonus":"REMOVE_TWO","is_prod":false,"is_daily":false,"chose_seed":false,"campfire_upgraded":6,"win_rate":0,"timestamp":1558090672,"path_taken":["M","M","M","M","?","R","$","E","T","M","E","M","M","M","R","BOSS","M","$","?","?","?","E","R","?","T","?","E","M","R","E","R","BOSS","M","?","?","?","$","R","M","E","T","M","R","E","?","?","R","BOSS","R","$","E","BOSS"],"build_version":"2019-01-23","purchased_purges":1,"victory":true,"max_hp_per_floor":[75,75,75,75,75,75,75,75,75,75,75,75,75,75,75,75,75,75,75,80,80,80,80,80,80,80,80,80,80,80,80,80,80,80,80,80,80,80,80,80,80,80,80,80,80,80,80,80,80,80,80,80,80,80,80],"card_choices":[{"not_picked":["Compile Driver","Double Energy"],"picked":"Glacier","floor":1.0},{"not_picked":["Double Energy","Steam"],"picked":"Capacitor","floor":2.0},{"not_picked":["Darkness","Redo"],"picked":"Consume","floor":3.0},{"not_picked":["Gash","Fusion"],"picked":"Go for the Eyes","floor":4.0},{"not_picked":["Compile Driver","Barrage"],"picked":"Sunder","floor":8.0},{"not_picked":["Lockon","Chaos","Rip and Tear"],"picked":"SKIP","floor":10.0},{"not_picked":["Leap","Streamline"],"picked":"Glacier","floor":11.0},{"not_picked":["Heatsinks","Darkness","Chaos"],"picked":"SKIP","floor":12.0},{"not_picked":["Beam Cell","Redo"],"picked":"Coolheaded","floor":13.0},{"not_picked":["Leap","Coolheaded"],"picked":"Ball Lightning","floor":14.0},{"not_picked":["Thunder Strike","Biased Cognition"],"picked":"Buffer","floor":16.0},{"not_picked":["Beam Cell","Turbo"],"picked":"Melter+1","floor":18.0},{"not_picked":["Leap","Rebound","Ball Lightning"],"picked":"SKIP","floor":23.0},{"not_picked":["Gash","Ball Lightning","Compile Driver+1"],"picked":"SKIP","floor":27.0},{"not_picked":["Buffer","Force Field"],"picked":"Self Repair+1","floor":28.0},{"not_picked":["Force Field","FTL"],"picked":"Coolheaded+1","floor":29.0},{"not_picked":["Cold Snap","Compile Driver","Auto Shields+1"],"picked":"SKIP","floor":31.0},{"not_picked":["Fission","Biased Cognition"],"picked":"Echo Form","floor":33.0},{"not_picked":["Melter+1","Steam Power","Sweeping Beam+1"],"picked":"SKIP","floor":35.0},{"not_picked":["Jack Of All Trades","Deep Breath"],"picked":"Metamorphosis","floor":36.0},{"not_picked":["Purity","Dramatic Entrance"],"picked":"Dark Shackles","floor":36.0},{"not_picked":["Mind Blast","Impatience"],"picked":"Enlightenment","floor":36.0},{"not_picked":["Stack","Redo"],"picked":"Chill","floor":38.0},{"not_picked":["Streamline","Gash","Barrage"],"picked":"SKIP","floor":41.0},{"not_picked":["Cold Snap","Compile Driver","Ball Lightning"],"picked":"SKIP","floor":42.0},{"not_picked":["Cold Snap+1","Sweeping Beam"],"picked":"Loop+1","floor":44.0},{"not_picked":["Skim+1","Conserve Battery+1","Sweeping Beam"],"picked":"SKIP","floor":46.0},{"not_picked":["Lockon+1","Hologram+1"],"picked":"Defragment","floor":54.0}],"player_experience":608386,"relics_obtained":[{"floor":8.0,"key":"WingedGreaves"},{"floor":9.0,"key":"Mercury Hourglass"},{"floor":11.0,"key":"Boot"},{"floor":17.0,"key":"Blood Vial"},{"floor":17.0,"key":"Gremlin Horn"},{"floor":17.0,"key":"FossilizedHelix"},{"floor":23.0,"key":"The Courier"},{"floor":28.0,"key":"Nunchaku"},{"floor":31.0,"key":"Oddly Smooth Stone"},{"floor":42.0,"key":"Letter Opener"},{"floor":43.0,"key":"Toxic Egg 2"},{"floor":46.0,"key":"Art of War"},{"floor":54.0,"key":"Whetstone"}],"event_choices":[{"damage_healed":0.0,"max_hp_gain":0.0,"max_hp_loss":0.0,"gold_gain":0.0,"event_name":"Living Wall","player_choice":"Grow","floor":5.0,"gold_loss":0.0,"damage_taken":0.0,"cards_upgraded":["Zap"]},{"damage_healed":0.0,"max_hp_gain":5.0,"max_hp_loss":0.0,"gold_gain":0.0,"event_name":"Forgotten Altar","player_choice":"Shed Blood","floor":20.0,"gold_loss":0.0,"damage_taken":19.0},{"damage_healed":0.0,"max_hp_gain":0.0,"max_hp_loss":0.0,"gold_gain":0.0,"cards_transformed":["Strike_B","Defend_B"],"event_name":"Drug Dealer","player_choice":"Became Test Subject","floor":21.0,"gold_loss":0.0,"damage_taken":0.0,"cards_obtained":["All For One","Steam Power"]},{"cards_removed":["Injury","Doubt"],"damage_healed":0.0,"max_hp_gain":0.0,"max_hp_loss":0.0,"gold_gain":0.0,"event_name":"Fountain of Cleansing","player_choice":"Removed Curses","floor":25.0,"gold_loss":0.0,"damage_taken":0.0},{"damage_healed":0.0,"max_hp_gain":0.0,"max_hp_loss":0.0,"gold_gain":0.0,"event_name":"SensoryStone","player_choice":"Memory 3","floor":36.0,"gold_loss":0.0,"damage_taken":10.0},{"damage_healed":0.0,"max_hp_gain":0.0,"max_hp_loss":0.0,"gold_gain":0.0,"event_name":"Duplicator","player_choice":"Copied","floor":37.0,"gold_loss":0.0,"damage_taken":0.0,"cards_obtained":["Glacier"]},{"cards_removed":["Strike_B"],"damage_healed":0.0,"max_hp_gain":0.0,"max_hp_loss":0.0,"gold_gain":0.0,"event_name":"Bonfire Elementals","player_choice":"Offered Basic","floor":47.0,"gold_loss":0.0,"damage_taken":0.0}],"is_beta":false,"boss_relics":[{"not_picked":["Velvet Choker","Philosopher\u0027s Stone"],"picked":"Calling Bell"},{"not_picked":["Snecko Eye","White Beast Statue"],"picked":"Cursed Key"}],"items_purged_floors":[19],"is_endless":false,"potions_floor_spawned":[3,4,8,11,12,23,28,29,31,33,35,42,54],"ascension_level":10}