{"gold_per_floor":[18,33,33,43,61,61,61,61,61,61,80,110,110,126,126,221,221,233,253,253,253,267,267,267,267,267,301,301,81,81,116,116,212,262,282,301,313,168,268,268,296,296,296,311,311,324,352,371,371,371],"floor_reached":51,"playtime":1950,"items_purged":[],"score":1192,"play_id":"81da10cf-1a4c-43ff-a7f8-a6880e1a13d1","local_time":"20190603063007","is_ascension_mode":true,"campfire_choices":[{"data":"Footwork","floor":6.0,"key":"SMITH"},{"data":"Corpse Explosion","floor":8.0,"key":"SMITH"},{"data":"Dodge and Roll","floor":10.0,"key":"SMITH"},{"data":"Deadly Poison","floor":13.0,"key":"SMITH"},{"data":"Crippling Poison","floor":15.0,"key":"SMITH"},{"data":"Noxious Fumes","floor":23,"key":"SMITH"},{"data":"Survivor","floor":25,"key":"SMITH"},{"floor":30,"key":"REST"},{"floor":32,"key":"REST"},{"data":"Catalyst","floor":40,"key":"SMITH"},{"data":"Well Laid Plans","floor":42,"key":"SMITH"},{"data":"Blur","floor":49,"key":"SMITH"}],"neow_cost":"NO_GOLD","seed_source_timestamp":84868474569000,"circlet_count":0,"master_deck":["Defend_G+1","Defend_G+1","Defend_G+1","Defend_G+1","Strike_G+1","Strike_G+1","Strike_G+1","Strike_G+1","Survivor+1","Neutralize+1","Corpse Explosion+1","Dodge and Roll+1","Footwork+1","Crippling Poison+1","PiercingWail+1","Deadly Poison+1","Bouncing Flask+1","Noxious Fumes+1","Bullet Time+1","Well Laid Plans+1","Bouncing Flask","Blur+1","Catalyst+1","Blur","Bane+1","Bouncing Flask+1","Catalyst+1"],"special_seed":0,"relics":["Ring of the Snake","Singing Bowl","Meat on the Bone","Bottled Tornado","Sozu","Enchiridion","Shuriken","Oddly Smooth Stone","War Paint","Mummified Hand","Tiny House","Turnip","Dream Catcher","Snake Skull","Anchor"],"potions_floor_usage":[],"damage_taken":[{"damage":0.0,"enemies":"2 Louse","floor":1.0,"turns":2.0},{"damage":10.0,"enemies":"Small Slimes","floor":2.0,"turns":3.0},{"damage":0.0,"enemies":"Cultist","floor":4.0,"turns":4.0},{"damage":6.0,"enemies":"Blue Slaver","floor":5.0,"turns":6.0},{"damage":0.0,"enemies":"Looter","floor":11.0,"turns":4.0},{"damage":5.0,"enemies":"3 Sentries","floor":12.0,"turns":4.0},{"damage":7.0,"enemies":"Large Slime","floor":14.0,"turns":9.0},{"damage":0.0,"enemies":"The Guardian","floor":16.0,"turns":10.0},{"damage":11.0,"enemies":"Spheric Guardian","floor":18.0,"turns":3.0},{"damage":0.0,"enemies":"Shell Parasite","floor":19.0,"turns":4.0},{"damage":1,"enemies":"3 Cultists","floor":22,"turns":3},{"damage":25,"enemies":"Slavers","floor":27,"turns":3},{"damage":19,"enemies":"Gremlin Leader","floor":31,"turns":5},{"damage":23,"enemies":"Automaton","floor":33,"turns":9},{"damage":0,"enemies":"Orb Walker","floor":35,"turns":4},{"damage":0,"enemies":"3 Darklings","floor":36,"turns":3},{"damage":15,"enemies":"Sphere and 2 Shapes","floor":37,"turns":5},{"damage":0,"enemies":"Mind Bloom Boss Battle","floor":39,"turns":6},{"damage":31,"enemies":"Reptomancer","floor":41,"turns":5},{"damage":0,"enemies":"4 Shapes","floor":44,"turns":5},{"damage":0,"enemies":"Writhing Mass","floor":46,"turns":4},{"damage":9,"enemies":"Giant Head","floor":47,"turns":5},{"damage":0,"enemies":"Jaw Worm Horde","floor":48,"turns":2},{"damage":10,"enemies":"Donu and Deca","floor":50,"turns":4}],"seed_played":"-6050157908030524798","potions_obtained":[{"floor":1.0,"key":"GamblersBrew"},{"floor":4.0,"key":"AttackPotion"},{"floor":5.0,"key":"EssenceOfSteel"},{"floor":12.0,"key":"LiquidBronze"},{"floor":16.0,"key":"SteroidPotion"}],"is_trial":false,"path_per_floor":["M","M","?","M","M","R","?","R","T","R","M","E","R","M","R","B",null,"M","M","$","?","M","R","?","R","T","E","?","$","R","E","R","B",null,"M","M","M","$","?","R","E","R","T","M","?","M","E","M","R","B",null],"character_chosen":"THE_SILENT","items_purchased":["Well Laid Plans","War Paint","Catalyst","Bouncing Flask"],"campfire_rested":2,"item_purchase_floors":[29,29,38,38],"current_hp_per_floor":[63,53,46,46,40,40,40,40,40,40,40,47,47,42,42,44,67,56,58,58,42,41,41,41,41,41,28,28,28,50,43,65,44,77,79,79,66,66,66,66,47,47,47,49,91,91,82,84,84,74],"gold":371,"neow_bonus":"TRANSFORM_TWO_CARDS","is_prod":false,"is_daily":false,"chose_seed":false,"campfire_upgraded":10,"win_rate":0,"timestamp":1559568607,"path_taken":["M","M","?","M","M","R","?","R","T","R","?","E","R","M","R","BOSS","M","M","$","?","M","R","?","R","T","E","?","$","R","E","R","BOSS","M","M","M","$","?","R","E","R","T","M","?","M","E","?","R","BOSS"],"build_version":"2019-01-23","purchased_purges":0,"victory":true,"max_hp_per_floor":[70,70,70,70,70,70,70,70,70,70,70,70,70,72,72,74,74,74,76,76,76,76,76,76,76,76,76,76,76,76,76,76,78,85,87,87,89,89,89,89,89,89,89,91,91,91,91,93,93,93],"card_choices":[{"not_picked":["Choke","Quick Slash"],"picked":"Sucker Punch","floor":1.0},{"not_picked":["Predator","Prepared"],"picked":"Dodge and Roll","floor":2.0},{"not_picked":["Concentrate","Acrobatics"],"picked":"Footwork","floor":4.0},{"not_picked":["Bane","PiercingWail"],"picked":"Crippling Poison","floor":5.0},{"not_picked":["Backflip","Underhanded Strike"],"picked":"PiercingWail","floor":11.0},{"not_picked":["Prepared","Venomology"],"picked":"Deadly Poison","floor":12.0},{"not_picked":["Flying Knee","Cloak And Dagger","Outmaneuver"],"picked":"Singing Bowl","floor":14.0},{"not_picked":["Wraith Form v2","Unload","Die Die Die"],"picked":"Singing Bowl","floor":16.0},{"not_picked":["Footwork","Prepared"],"picked":"Bouncing Flask+1","floor":18.0},{"not_picked":["Prepared","Masterful Stab","Cloak And Dagger"],"picked":"Singing Bowl","floor":19.0},{"not_picked":["Deadly Poison+1","Slice"],"picked":"Noxious Fumes","floor":22},{"not_picked":["Deflect+1","Quick Slash"],"picked":"Bullet Time","floor":27},{"not_picked":["Dodge and Roll","Escape Plan"],"picked":"Bouncing Flask","floor":31},{"not_picked":["After Image","Glass Knife","Phantasmal Killer"],"picked":"Singing Bowl","floor":33},{"not_picked":["PiercingWail","Dodge and Roll","Finisher"],"picked":"Singing Bowl","floor":34},{"not_picked":["Quick Slash","Bane","Acrobatics"],"picked":"Singing Bowl","floor":35},{"not_picked":["Masterful Stab+1","Setup"],"picked":"Blur","floor":36},{"not_picked":["Deflect","Reflex","Deadly Poison"],"picked":"Singing Bowl","floor":37},{"not_picked":["Flying Knee","Bouncing Flask"],"picked":"Blur","floor":39},{"not_picked":["Terror","Quick Slash+1"],"picked":"Bane+1","floor":41},{"not_picked":["Heel Hook","Flechettes+1","Infinite Blades"],"picked":"Singing Bowl","floor":44},{"not_picked":["Concentrate+1","Poisoned Stab"],"picked":"Bouncing Flask+1","floor":46},{"not_picked":["Acrobatics+1","Masterful Stab+1"],"picked":"Catalyst+1","floor":47},{"not_picked":["Sucker Punch+1","Malaise","Escape Plan"],"picked":"Singing Bowl","floor":48}],"player_experience":234064,"relics_obtained":[{"floor":9.0,"key":"Meat on the Bone"},{"floor":12.0,"key":"Bottled Tornado"},{"floor":21,"key":"Enchiridion"},{"floor":26,"key":"Shuriken"},{"floor":27,"key":"Oddly Smooth Stone"},{"floor":31,"key":"Mummified Hand"},{"floor":39,"key":"Turnip"},{"floor":41,"key":"Dream Catcher"},{"floor":43,"key":"Snake Skull"},{"floor":47,"key":"Anchor"}],"event_choices":[{"cards_removed":["Doppelganger"],"damage_healed":0.0,"max_hp_gain":0.0,"max_hp_loss":0.0,"gold_gain":0.0,"event_name":"Golden Wing","player_choice":"Card Removal","floor":3.0,"gold_loss":0.0,"damage_taken":7.0},{"cards_removed":["Sucker Punch"],"damage_healed":0.0,"max_hp_gain":0.0,"max_hp_loss":0.0,"gold_gain":0.0,"event_name":"WeMeetAgain","player_choice":"Gave Card","floor":7.0,"gold_loss":0.0,"damage_taken":0.0,"relics_obtained":["Singing Bowl"]},{"damage_healed":0,"gold_gain":0,"player_choice":"Obtained Book","damage_taken":16,"max_hp_gain":0,"max_hp_loss":0,"event_name":"Cursed Tome","floor":21,"gold_loss":0},{"damage_healed":0,"gold_gain":0,"player_choice":"Simplicity","damage_taken":0,"max_hp_gain":0,"max_hp_loss":0,"event_name":"Back to Basics","floor":24,"gold_loss":0,"cards_upgraded":["Defend_G","Defend_G","Defend_G","Defend_G","Strike_G","Strike_G","Strike_G","Strike_G"]},{"damage_healed":0,"gold_gain":0,"player_choice":"Ignored","damage_taken":0,"max_hp_gain":0,"max_hp_loss":0,"event_name":"Ghosts","floor":28,"gold_loss":0},{"damage_healed":0,"gold_gain":0,"player_choice":"Fight","damage_taken":0,"max_hp_gain":0,"max_hp_loss":0,"event_name":"MindBloom","floor":39,"gold_loss":0},{"cards_removed":["Bouncing Flask"],"damage_healed":42,"gold_gain":0,"player_choice":"Offered Uncommon","damage_taken":0,"max_hp_gain":0,"max_hp_loss":0,"event_name":"Bonfire Elementals","floor":45,"gold_loss":0}],"is_beta":false,"boss_relics":[{"not_picked":["Lizard Tail","Velvet Choker"],"picked":"Sozu"},{"not_picked":["Pandora\u0027s Box","WristBlade"],"picked":"Tiny House"}],"items_purged_floors":[],"is_endless":false,"potions_floor_spawned":[1,4,5,12,16,18,19,33,35,37,39],"ascension_level":9}