{"gold_per_floor":[109,109,122,147,171,171,195,195,219,246,293,305,337,389,401,512,524,561,597,609,646,679,691,766,778,817,170,201,144,169,204,204,298,298,311,329,329,343,343,343,382,403,427,427,467,467,467,481,481,481],"floor_reached":50,"playtime":3851,"items_purged":["Injury"],"score":1378,"play_id":"67500642-9a8f-4883-8bac-2e6aaaf43895","local_time":"20190607094703","is_ascension_mode":true,"campfire_choices":[{"data":"True Grit","floor":6.0,"key":"SMITH"},{"floor":8.0,"key":"REST"},{"floor":12.0,"key":"REST"},{"floor":15.0,"key":"REST"},{"floor":23.0,"key":"REST"},{"floor":25.0,"key":"REST"},{"floor":32.0,"key":"REST"},{"floor":40.0,"key":"RECALL"},{"floor":44.0,"key":"REST"},{"floor":47.0,"key":"REST"},{"floor":49.0,"key":"REST"}],"neow_cost":"NONE","seed_source_timestamp":0,"circlet_count":0,"master_deck":["AscendersBane","Bash","Offering","Cleave","Inflame","Warcry","Blood for Blood","Ghostly Armor","Combust","Battle Trance","Juggernaut","Carnage+1","True Grit+1","Iron Wave","Second Wind","Seeing Red","Feel No Pain","Whirlwind","Power Through","Double Tap","Feel No Pain","Evolve","Carnage","Power Through","Battle Trance","Barricade","Headbutt+1","Immolate","Sadistic Nature","Warcry+1","Bludgeon","Iron Wave","Rupture","Bash","Clothesline","Sever Soul+1"],"special_seed":0,"relics":["Pandora\u0027s Box","Golden Idol","MawBank","Pen Nib","Centennial Puzzle","Busted Crown","Tiny Chest","Bag of Marbles","Mango","Anchor","Peace Pipe","Happy Flower","Runic Pyramid","Mercury Hourglass","Molten Egg 2","Paper Frog"],"potions_floor_usage":[50,50],"damage_taken":[{"damage":10.0,"enemies":"2 Louse","floor":1.0,"turns":2.0},{"damage":10.0,"enemies":"Small Slimes","floor":3.0,"turns":3.0},{"damage":0.0,"enemies":"Cultist","floor":4.0,"turns":2.0},{"damage":20.0,"enemies":"Lots of Slimes","floor":5.0,"turns":3.0},{"damage":14.0,"enemies":"2 Fungi Beasts","floor":7.0,"turns":4.0},{"damage":20.0,"enemies":"Large Slime","floor":10.0,"turns":6.0},{"damage":8.0,"enemies":"3 Sentries","floor":11.0,"turns":4.0},{"damage":6.0,"enemies":"Red Slaver","floor":13.0,"turns":3.0},{"damage":11.0,"enemies":"Lagavulin","floor":14.0,"turns":6.0},{"damage":16.0,"enemies":"The Guardian","floor":16.0,"turns":11.0},{"damage":29.0,"enemies":"2 Thieves","floor":18.0,"turns":4.0},{"damage":7.0,"enemies":"Spheric Guardian","floor":19.0,"turns":3.0},{"damage":15.0,"enemies":"Centurion and Healer","floor":21.0,"turns":4.0},{"damage":6.0,"enemies":"Cultist and Chosen","floor":22.0,"turns":3.0},{"damage":10.0,"enemies":"Gremlin Leader","floor":24.0,"turns":5.0},{"damage":16.0,"enemies":"Slavers","floor":28.0,"turns":7.0},{"damage":0.0,"enemies":"Snecko","floor":30.0,"turns":6.0},{"damage":6.0,"enemies":"Book of Stabbing","floor":31.0,"turns":2.0},{"damage":52.0,"enemies":"Collector","floor":33.0,"turns":8.0},{"damage":7.0,"enemies":"Orb Walker","floor":35.0,"turns":4.0},{"damage":6.0,"enemies":"3 Shapes","floor":36.0,"turns":2.0},{"damage":1.0,"enemies":"Spire Growth","floor":38.0,"turns":4.0},{"damage":39.0,"enemies":"Giant Head","floor":41.0,"turns":7.0},{"damage":7.0,"enemies":"Maw","floor":42.0,"turns":7.0},{"damage":8.0,"enemies":"Nemesis","floor":45.0,"turns":7.0},{"damage":6.0,"enemies":"Transient","floor":48.0,"turns":6.0},{"damage":78,"enemies":"Awakened One","floor":50,"turns":8}],"seed_played":"-3864893952679256653","potions_obtained":[{"floor":1.0,"key":"Dexterity Potion"},{"floor":4.0,"key":"Poison Potion"},{"floor":10.0,"key":"Energy Potion"},{"floor":13.0,"key":"SkillPotion"},{"floor":14.0,"key":"Energy Potion"},{"floor":16.0,"key":"PowerPotion"},{"floor":19.0,"key":"AttackPotion"},{"floor":24.0,"key":"PowerPotion"},{"floor":30.0,"key":"BloodPotion"},{"floor":41.0,"key":"Fire Potion"},{"floor":42.0,"key":"Fire Potion"}],"is_trial":false,"path_per_floor":["M","?","M","M","M","R","M","R","T","M","E","R","M","E","R","B",null,"M","M","?","M","M","R","E","R","T","$","E","$","M","E","R","B",null,"M","M","?","M","?","R","E","M","T","R","E","T","R","M","R","B"],"character_chosen":"IRONCLAD","items_purchased":["Mango","Anchor","Battle Trance","AttackPotion"],"campfire_rested":9,"item_purchase_floors":[27,27,27,29],"current_hp_per_floor":[58,58,48,48,28,28,14,36,36,16,8,30,24,13,35,19,61,32,25,25,10,4,26,16,38,38,52,36,36,36,38,64,12,70,63,57,57,56,56,56,17,10,10,36,28,28,54,48,74,0],"gold":481,"neow_bonus":"BOSS_RELIC","is_prod":false,"is_daily":false,"chose_seed":false,"campfire_upgraded":1,"win_rate":0,"timestamp":1559926023,"path_taken":["M","?","M","M","M","R","M","R","T","M","E","R","M","E","R","BOSS","M","M","?","M","M","R","E","R","T","?","E","$","M","E","R","BOSS","M","?","?","M","?","R","E","?","T","R","E","?","R","M","R","BOSS"],"build_version":"2019-01-23","purchased_purges":1,"victory":false,"max_hp_per_floor":[75,75,75,75,75,75,75,75,75,75,75,75,75,75,75,75,75,75,75,75,75,75,75,75,75,75,89,89,89,89,89,89,89,89,89,89,89,89,89,89,89,89,89,89,89,89,89,89,89,89],"card_choices":[{"not_picked":["Perfected Strike","Thunderclap"],"picked":"Carnage","floor":1.0},{"not_picked":["Warcry","Body Slam","Corruption"],"picked":"SKIP","floor":3.0},{"not_picked":["Offering","Shockwave"],"picked":"True Grit","floor":4.0},{"not_picked":["Disarm","Seeing Red"],"picked":"Iron Wave","floor":5.0},{"not_picked":["Headbutt","Cleave"],"picked":"Second Wind","floor":7.0},{"not_picked":["Flex","Reckless Charge"],"picked":"Seeing Red","floor":10.0},{"not_picked":["Berserk","Twin Strike"],"picked":"Feel No Pain","floor":11.0},{"not_picked":["Thunderclap","Cleave"],"picked":"Whirlwind","floor":13.0},{"not_picked":["Headbutt","Iron Wave"],"picked":"Power Through","floor":14.0},{"not_picked":["Dark Embrace","Brutality"],"picked":"Double Tap","floor":16.0},{"not_picked":[],"picked":"Feel No Pain","floor":18.0},{"not_picked":["Headbutt"],"picked":"SKIP","floor":19.0},{"not_picked":[],"picked":"Evolve","floor":21.0},{"not_picked":[],"picked":"Carnage","floor":22.0},{"not_picked":[],"picked":"Power Through","floor":24.0},{"not_picked":[],"picked":"Barricade","floor":28.0},{"not_picked":["Thunderclap"],"picked":"SKIP","floor":30.0},{"not_picked":[],"picked":"Headbutt+1","floor":31.0},{"not_picked":[],"picked":"Immolate","floor":33.0},{"not_picked":["Dual Wield+1"],"picked":"SKIP","floor":35.0},{"not_picked":["Carnage"],"picked":"SKIP","floor":36.0},{"not_picked":[],"picked":"Sadistic Nature","floor":37.0},{"not_picked":["Warcry+1"],"picked":"SKIP","floor":38.0},{"not_picked":[],"picked":"Warcry+1","floor":38.0},{"not_picked":[],"picked":"Clothesline","floor":41.0},{"not_picked":["Warcry"],"picked":"SKIP","floor":42.0},{"not_picked":["Warcry"],"picked":"SKIP","floor":42.0},{"not_picked":[],"picked":"Sever Soul","floor":45.0},{"not_picked":["Pommel Strike+1"],"picked":"SKIP","floor":48.0}],"player_experience":817497,"relics_obtained":[{"floor":9.0,"key":"MawBank"},{"floor":11.0,"key":"Pen Nib"},{"floor":14.0,"key":"Centennial Puzzle"},{"floor":24.0,"key":"Tiny Chest"},{"floor":26.0,"key":"Bag of Marbles"},{"floor":28.0,"key":"Peace Pipe"},{"floor":31.0,"key":"Happy Flower"},{"floor":41.0,"key":"Mercury Hourglass"},{"floor":45.0,"key":"Molten Egg 2"},{"floor":46.0,"key":"Paper Frog"}],"event_choices":[{"damage_healed":0.0,"max_hp_gain":0.0,"max_hp_loss":0.0,"gold_gain":0.0,"event_name":"Golden Idol","player_choice":"Take Wound","floor":2.0,"gold_loss":0.0,"damage_taken":0.0,"relics_obtained":["Golden Idol"],"cards_obtained":["Injury"]},{"damage_healed":0.0,"max_hp_gain":0.0,"max_hp_loss":0.0,"gold_gain":0.0,"event_name":"Accursed Blacksmith","player_choice":"Forge","floor":20.0,"gold_loss":0.0,"damage_taken":0.0,"cards_upgraded":["Carnage"]},{"damage_healed":0.0,"max_hp_gain":0.0,"max_hp_loss":0.0,"gold_gain":0.0,"event_name":"SensoryStone","player_choice":"Memory 1","floor":37.0,"gold_loss":0.0,"damage_taken":0.0},{"damage_healed":0.0,"max_hp_gain":0.0,"max_hp_loss":0.0,"gold_gain":0.0,"event_name":"Match and Keep!","player_choice":"4 cards matched","floor":39.0,"gold_loss":0.0,"damage_taken":0.0,"cards_obtained":["Bludgeon","Iron Wave","Rupture","Bash"]}],"is_beta":false,"boss_relics":[{"not_picked":["Philosopher\u0027s Stone","Velvet Choker"],"picked":"Busted Crown"},{"not_picked":["Coffee Dripper","Astrolabe"],"picked":"Runic Pyramid"}],"items_purged_floors":[27],"is_endless":false,"potions_floor_spawned":[1,4,10,13,14,16,18,19,24,30,41,42],"killed_by":"Awakened One","ascension_level":18}