{"gold_per_floor":[110,9,9,26,26,26,52,52,82,97,114,142,160,177,177,275,275,275,275,275,275,76,76,76,76,76,76,76,76,76,76,76,76,76,76,76,76,76,76,76,27,27,27,27,27,27,27,27,27,27],"floor_reached":51,"playtime":3274,"items_purged":["Writhe"],"score":904,"play_id":"2d060f49-7ed2-4752-8c9c-e3a42cb06b78","local_time":"20190320174230","is_ascension_mode":true,"campfire_choices":[{"data":"Bash","floor":6.0,"key":"SMITH"},{"data":"Cleave","floor":8.0,"key":"SMITH"},{"data":"Armaments","floor":15.0,"key":"SMITH"},{"data":"Uppercut","floor":25.0,"key":"SMITH"},{"floor":27.0,"key":"REST"},{"data":"Flame Barrier","floor":29.0,"key":"SMITH"},{"floor":32.0,"key":"REST"},{"data":"Burning Pact","floor":42.0,"key":"SMITH"},{"data":"Flame Barrier","floor":44.0,"key":"SMITH"},{"data":"Offering","floor":46.0,"key":"SMITH"},{"floor":49,"key":"REST"}],"neow_cost":"CURSE","seed_source_timestamp":0,"circlet_count":0,"master_deck":["Strike_R","Defend_R","Defend_R","Defend_R","Defend_R","Bash+1","Warcry","Carnage+1","Bloodletting","Headbutt","Cleave+1","Anger","Armaments+1","Feed","Uppercut+1","Offering+1","Flame Barrier+1","Shrug It Off","Shockwave+1","Cleave","Shrug It Off","Corruption+1","Barricade+1","Burning Pact+1","Dropkick+1","Combust+1","Flame Barrier+1","Body Slam+1","Headbutt+1","Shrug It Off+1"],"special_seed":0,"relics":["Burning Blood","Darkstone Periapt","Tiny Chest","Frozen Egg 2","Ectoplasm","Vajra","MawBank","Thread and Needle","Dream Catcher","Velvet Choker","Boot","Matryoshka","Mummified Hand","Bronze Scales","Prayer Wheel","Champion Belt"],"potions_floor_usage":[50,50],"damage_taken":[{"damage":3.0,"enemies":"2 Louse","floor":1.0,"turns":3.0},{"damage":10.0,"enemies":"Small Slimes","floor":4.0,"turns":3.0},{"damage":24.0,"enemies":"Lagavulin","floor":7.0,"turns":6.0},{"damage":0.0,"enemies":"Cultist","floor":10.0,"turns":2.0},{"damage":0.0,"enemies":"2 Fungi Beasts","floor":11.0,"turns":2.0},{"damage":4.0,"enemies":"3 Sentries","floor":12.0,"turns":6.0},{"damage":3.0,"enemies":"Looter","floor":13.0,"turns":1.0},{"damage":1.0,"enemies":"Red Slaver","floor":14.0,"turns":2.0},{"damage":3.0,"enemies":"Slime Boss","floor":16.0,"turns":5.0},{"damage":13.0,"enemies":"Shell Parasite","floor":18.0,"turns":4.0},{"damage":0.0,"enemies":"Chosen","floor":21.0,"turns":3.0},{"damage":42.0,"enemies":"Slavers","floor":23.0,"turns":4.0},{"damage":6.0,"enemies":"Centurion and Healer","floor":28.0,"turns":5.0},{"damage":6.0,"enemies":"Snake Plant","floor":30.0,"turns":3.0},{"damage":9.0,"enemies":"Book of Stabbing","floor":31.0,"turns":3.0},{"damage":57.0,"enemies":"Champ","floor":33.0,"turns":10.0},{"damage":0.0,"enemies":"3 Shapes","floor":35.0,"turns":6.0},{"damage":18.0,"enemies":"3 Darklings","floor":38.0,"turns":7.0},{"damage":12.0,"enemies":"Sphere and 2 Shapes","floor":39.0,"turns":4.0},{"damage":18.0,"enemies":"Giant Head","floor":40.0,"turns":8.0},{"damage":5.0,"enemies":"2 Orb Walkers","floor":45.0,"turns":4.0},{"damage":38,"enemies":"Nemesis","floor":47,"turns":7},{"damage":51,"enemies":"Donu and Deca","floor":50,"turns":10}],"seed_played":"-597160557728348874","potions_obtained":[{"floor":1.0,"key":"Poison Potion"},{"floor":10.0,"key":"Fire Potion"},{"floor":11.0,"key":"Block Potion"},{"floor":18.0,"key":"Fruit Juice"},{"floor":23.0,"key":"BloodPotion"},{"floor":30.0,"key":"BloodPotion"},{"floor":35.0,"key":"Regen Potion"},{"floor":39.0,"key":"SteroidPotion"},{"floor":40.0,"key":"AttackPotion"}],"is_trial":false,"path_per_floor":["M","$","?","M","?","R","E","R","T","M","M","E","M","M","R","B",null,"M","?","?","M","$","E","?","R","T","R","M","R","M","E","R","B",null,"M","T","?","M","M","E","$","R","T","R","?","R","E","$","R","B",null],"character_chosen":"IRONCLAD","items_purchased":["Headbutt","Vajra","Shrug It Off","Strength Potion"],"campfire_rested":3,"item_purchase_floors":[2,22,22,41],"current_hp_per_floor":[80,80,80,76,76,76,58,58,58,64,70,72,75,80,80,83,83,81,81,64,70,70,37,37,37,37,65,65,65,74,71,96,45,96,99,99,99,90,88,86,86,86,86,86,99,99,67,67,98,56],"gold":27,"neow_bonus":"TRANSFORM_TWO_CARDS","is_prod":false,"is_daily":false,"chose_seed":false,"campfire_upgraded":8,"win_rate":0,"timestamp":1553100150,"path_taken":["M","$","?","M","?","R","E","R","T","M","?","E","M","M","R","BOSS","M","?","?","M","$","E","?","R","T","R","M","R","M","E","R","BOSS","M","?","?","M","?","E","$","R","T","R","?","R","E","$","R","BOSS"],"build_version":"2019-01-23","purchased_purges":1,"victory":true,"max_hp_per_floor":[80,80,80,80,80,80,80,80,80,80,80,80,80,80,80,83,83,88,88,93,93,93,96,96,96,96,96,96,96,96,96,96,96,96,99,99,99,102,106,106,106,106,106,106,106,106,106,106,106,109],"card_choices":[{"not_picked":["Wild Strike","Body Slam"],"picked":"Bloodletting","floor":1.0},{"not_picked":["Searing Blow","Fire Breathing"],"picked":"Cleave","floor":4.0},{"not_picked":["Body Slam","Warcry","Clash"],"picked":"SKIP","floor":7.0},{"not_picked":["Rupture","Iron Wave"],"picked":"Anger","floor":10.0},{"not_picked":["Clash","Whirlwind"],"picked":"Armaments","floor":11.0},{"not_picked":["Armaments","Perfected Strike"],"picked":"Feed","floor":12.0},{"not_picked":["Heavy Blade","Infernal Blade"],"picked":"Uppercut","floor":13.0},{"not_picked":["Bloodletting","Cleave","Perfected Strike"],"picked":"SKIP","floor":14.0},{"not_picked":["Juggernaut+1","Dark Embrace+1"],"picked":"Offering","floor":16.0},{"not_picked":["Sword Boomerang","Anger","Warcry"],"picked":"SKIP","floor":18.0},{"not_picked":["Anger+1","Carnage"],"picked":"Flame Barrier","floor":21.0},{"not_picked":["Limit Break","Carnage"],"picked":"Shockwave+1","floor":23.0},{"not_picked":["Thunderclap","Heavy Blade"],"picked":"Shrug It Off","floor":28.0},{"not_picked":["Carnage+1","Body Slam+1","Sword Boomerang"],"picked":"SKIP","floor":30.0},{"not_picked":["Battle Trance","Flex"],"picked":"Corruption+1","floor":31.0},{"not_picked":["Limit Break","Double Tap"],"picked":"Barricade+1","floor":33.0},{"not_picked":["Reckless Charge","Wild Strike+1"],"picked":"Burning Pact","floor":35.0},{"not_picked":["Clash+1","Uppercut+1"],"picked":"Dropkick+1","floor":38.0},{"not_picked":["Clash","Cleave"],"picked":"Combust+1","floor":39.0},{"not_picked":["Warcry","Searing Blow"],"picked":"Flame Barrier","floor":40.0},{"not_picked":["Seeing Red+1","Second Wind+1"],"picked":"Body Slam+1","floor":45.0},{"not_picked":["Shockwave+1","Reckless Charge+1"],"picked":"Headbutt+1","floor":47},{"not_picked":["Anger+1","Ghostly Armor+1"],"picked":"Shrug It Off+1","floor":49}],"player_experience":56223,"relics_obtained":[{"floor":7.0,"key":"Darkstone Periapt"},{"floor":9.0,"key":"Tiny Chest"},{"floor":12.0,"key":"Frozen Egg 2"},{"floor":23.0,"key":"MawBank"},{"floor":26.0,"key":"Thread and Needle"},{"floor":31.0,"key":"Dream Catcher"},{"floor":36.0,"key":"Boot"},{"floor":40.0,"key":"Matryoshka"},{"floor":43.0,"key":"Mummified Hand"},{"floor":43.0,"key":"Bronze Scales"},{"floor":45.0,"key":"Prayer Wheel"},{"floor":47,"key":"Champion Belt"}],"event_choices":[{"damage_healed":0.0,"max_hp_gain":0.0,"max_hp_loss":0.0,"gold_gain":0.0,"event_name":"The Cleric","player_choice":"Leave","floor":3.0,"gold_loss":0.0,"damage_taken":0.0},{"damage_healed":0.0,"max_hp_gain":0.0,"max_hp_loss":0.0,"gold_gain":0.0,"event_name":"Upgrade Shrine","player_choice":"Upgraded","floor":5.0,"gold_loss":0.0,"damage_taken":0.0,"cards_upgraded":["Carnage"]},{"damage_healed":0.0,"max_hp_gain":0.0,"max_hp_loss":0.0,"gold_gain":0.0,"event_name":"Vampires","player_choice":"Ignored","floor":19.0,"gold_loss":0.0,"damage_taken":0.0},{"damage_healed":0.0,"max_hp_gain":5.0,"max_hp_loss":0.0,"gold_gain":0.0,"event_name":"Forgotten Altar","player_choice":"Shed Blood","floor":20.0,"gold_loss":0.0,"damage_taken":22.0},{"damage_healed":0.0,"max_hp_gain":0.0,"max_hp_loss":0.0,"gold_gain":0.0,"cards_transformed":["Strike_R"],"event_name":"Transmorgrifier","player_choice":"Transformed","floor":24.0,"gold_loss":0.0,"damage_taken":0.0,"cards_obtained":["Cleave"]},{"cards_removed":["Strike_R"],"damage_healed":0.0,"max_hp_gain":0.0,"max_hp_loss":0.0,"gold_gain":0.0,"event_name":"Bonfire Elementals","player_choice":"Offered Basic","floor":37.0,"gold_loss":0.0,"damage_taken":0.0},{"damage_healed":0.0,"max_hp_gain":0.0,"max_hp_loss":0.0,"gold_gain":0.0,"event_name":"Mysterious Sphere","player_choice":"Fight","floor":45.0,"gold_loss":0.0,"damage_taken":0.0}],"is_beta":false,"boss_relics":[{"not_picked":["Calling Bell","Philosopher\u0027s Stone"],"picked":"Ectoplasm"},{"not_picked":["Busted Crown","Tiny House"],"picked":"Velvet Choker"}],"items_purged_floors":[2],"is_endless":false,"potions_floor_spawned":[1,10,11,18,23,30,35,39,40],"ascension_level":2}