{"gold_per_floor":[112,162,174,174,174,205,216,244,544,571,571,91,91,105,105,180,180,197,216,266,266],"floor_reached":21,"playtime":792,"items_purged":["Strike_R"],"score":413,"play_id":"6718a869-958a-4393-8ac1-ca2112a9733a","local_time":"20190607132738","is_ascension_mode":true,"campfire_choices":[{"data":"True Grit","floor":11.0,"key":"SMITH"},{"data":"Flame Barrier","floor":13.0,"key":"SMITH"},{"data":"Shrug It Off","floor":15.0,"key":"SMITH"}],"neow_cost":"NONE","seed_source_timestamp":1367190158630919,"circlet_count":0,"master_deck":["AscendersBane","Strike_R","Strike_R","Strike_R","Strike_R","Defend_R","Defend_R","Defend_R","Defend_R","Bash","Pummel","True Grit+1","Pommel Strike","Flame Barrier+1","Metallicize","Ghostly Armor","Shrug It Off+1","Reaper","Feel No Pain+1"],"special_seed":0,"relics":["Burning Blood","NeowsBlessing","Shuriken","Charon\u0027s Ashes","Smiling Mask","Old Coin","Question Card","Mark of Pain"],"potions_floor_usage":[],"damage_taken":[{"damage":0.0,"enemies":"2 Louse","floor":1.0,"turns":1.0},{"damage":0.0,"enemies":"Cultist","floor":3.0,"turns":1.0},{"damage":0.0,"enemies":"Gremlin Nob","floor":6.0,"turns":1.0},{"damage":5.0,"enemies":"Jaw Worm","floor":7.0,"turns":3.0},{"damage":53.0,"enemies":"Lagavulin","floor":8.0,"turns":9.0},{"damage":0.0,"enemies":"3 Louse","floor":14.0,"turns":3.0},{"damage":18.0,"enemies":"The Guardian","floor":16.0,"turns":13.0},{"damage":9.0,"enemies":"Spheric Guardian","floor":18.0,"turns":8.0},{"damage":16.0,"enemies":"Shell Parasite","floor":19.0,"turns":6.0},{"damage":81,"enemies":"3 Cultists","floor":21,"turns":6}],"seed_played":"3328994311913624384","potions_obtained":[{"floor":1.0,"key":"Weak Potion"},{"floor":8.0,"key":"Strength Potion"},{"floor":14.0,"key":"LiquidBronze"},{"floor":18.0,"key":"Poison Potion"}],"is_trial":false,"path_per_floor":["M","?","M","?","?","E","M","E","T","T","R","$","R","M","R","B",null,"M","M","?","M"],"character_chosen":"IRONCLAD","items_purchased":["Metallicize","Ghostly Armor","Question Card"],"campfire_rested":0,"item_purchase_floors":[12,12,12],"current_hp_per_floor":[74,67,73,73,66,72,73,26,26,26,26,26,26,32,32,20,61,62,52,52,0],"gold":266,"neow_bonus":"THREE_ENEMY_KILL","is_prod":false,"is_daily":false,"chose_seed":false,"campfire_upgraded":3,"win_rate":0,"timestamp":1559939258,"path_taken":["M","?","?","?","?","E","M","E","T","?","R","?","R","M","R","BOSS","M","M","?","?"],"build_version":"2019-01-23","purchased_purges":1,"victory":false,"max_hp_per_floor":[75,75,75,75,75,75,75,75,75,75,75,75,75,75,75,75,75,75,75,75,75],"card_choices":[{"not_picked":["Sever Soul","Seeing Red"],"picked":"Pummel","floor":1.0},{"not_picked":["Wild Strike","Havoc","Body Slam"],"picked":"SKIP","floor":3.0},{"not_picked":["Offering","Perfected Strike"],"picked":"True Grit","floor":6.0},{"not_picked":["Armaments","Rupture"],"picked":"Pommel Strike","floor":7.0},{"not_picked":["Shrug It Off","Disarm"],"picked":"Flame Barrier","floor":8.0},{"not_picked":["Flex","Perfected Strike","Rupture"],"picked":"Shrug It Off","floor":14.0},{"not_picked":["Immolate","Bludgeon","Double Tap"],"picked":"Reaper","floor":16.0},{"not_picked":["Heavy Blade","Armaments","Perfected Strike","Corruption"],"picked":"SKIP","floor":18.0},{"not_picked":["Infernal Blade","Thunderclap","Armaments"],"picked":"Feel No Pain+1","floor":19.0}],"player_experience":829573,"relics_obtained":[{"floor":6.0,"key":"Charon\u0027s Ashes"},{"floor":8.0,"key":"Smiling Mask"},{"floor":9.0,"key":"Old Coin"}],"event_choices":[{"damage_healed":0.0,"max_hp_gain":0.0,"max_hp_loss":0.0,"gold_gain":50.0,"event_name":"FaceTrader","player_choice":"Touch","floor":2.0,"gold_loss":0.0,"damage_taken":7.0},{"damage_healed":0.0,"max_hp_gain":0.0,"max_hp_loss":0.0,"gold_gain":0.0,"event_name":"Big Fish","player_choice":"Box","floor":4.0,"gold_loss":0.0,"damage_taken":0.0,"relics_obtained":["Shuriken"],"cards_obtained":["Regret"]},{"cards_removed":["Regret"],"damage_healed":0.0,"max_hp_gain":0.0,"max_hp_loss":0.0,"gold_gain":0.0,"event_name":"Golden Wing","player_choice":"Card Removal","floor":5.0,"gold_loss":0.0,"damage_taken":7.0},{"damage_healed":0,"gold_gain":100,"player_choice":"Bet on Murderer","damage_taken":0,"max_hp_gain":0,"max_hp_loss":0,"event_name":"The Joust","floor":20,"gold_loss":50}],"is_beta":false,"boss_relics":[{"not_picked":["Coffee Dripper","Cursed Key"],"picked":"Mark of Pain"}],"items_purged_floors":[12],"is_endless":false,"potions_floor_spawned":[1,8,14,18],"killed_by":"3 Cultists","ascension_level":19}