{"gold_per_floor":[109,126,126,30,30,30,65,81,81,81,81,81,81,95,95,192,192,205,205,96,114,39,71,84,9,9,22,22,33,33,33,33,129,129,143,143,143,143,162,162,177,188,212,212,224,242,45,57,57,57],"floor_reached":50,"playtime":3058,"items_purged":["Strike_G","Strike_G"],"score":487,"play_id":"09016a66-ad4f-4a3a-a7e8-313b05e6a348","local_time":"20181119162900","is_ascension_mode":false,"campfire_choices":[{"data":"Noxious Fumes","floor":6.0,"key":"SMITH"},{"data":"Dagger Spray","floor":10.0,"key":"SMITH"},{"data":"Caltrops","floor":13.0,"key":"SMITH"},{"data":"Neutralize","floor":15.0,"key":"SMITH"},{"floor":28.0,"key":"REST"},{"floor":30.0,"key":"REST"},{"data":"Catalyst","floor":32.0,"key":"SMITH"},{"floor":40.0,"key":"REST"},{"floor":44.0,"key":"REST"},{"floor":49,"key":"REST"}],"neow_cost":"NONE","seed_source_timestamp":340708636851059,"circlet_count":0,"master_deck":["Defend_G","Defend_G","Defend_G","Defend_G","Strike_G","Strike_G","Neutralize+1","Blur","Backflip","Noxious Fumes+1","Backflip","Dagger Spray+1","Caltrops+1","Underhanded Strike","PiercingWail","Adrenaline","Bane","Caltrops","Catalyst+1","Terror","Poisoned Stab","Bouncing Flask","Poisoned Stab+1","Bouncing Flask+1","Footwork","After Image","Blind","Madness","Madness","Deadly Poison+1","Predator+1","Parasite"],"special_seed":0,"relics":["Velvet Choker","Thread and Needle","Bottled Lightning","Sozu","Boot","Torii","White Beast Statue","Smiling Mask","Bronze Scales"],"potions_floor_usage":[],"damage_taken":[{"damage":1.0,"enemies":"Jaw Worm","floor":1.0,"turns":6.0},{"damage":0.0,"enemies":"Cultist","floor":2.0,"turns":5.0},{"damage":17.0,"enemies":"3 Sentries","floor":7.0,"turns":10.0},{"damage":0.0,"enemies":"2 Louse","floor":8.0,"turns":2.0},{"damage":0.0,"enemies":"Exordium Wildlife","floor":14.0,"turns":2.0},{"damage":28.0,"enemies":"Slime Boss","floor":16.0,"turns":11.0},{"damage":0.0,"enemies":"3 Byrds","floor":18.0,"turns":4.0},{"damage":0.0,"enemies":"Shell Parasite","floor":21.0,"turns":5.0},{"damage":34.0,"enemies":"Slavers","floor":23.0,"turns":4.0},{"damage":17.0,"enemies":"Chosen and Byrds","floor":24.0,"turns":5.0},{"damage":1.0,"enemies":"Snake Plant","floor":27.0,"turns":3.0},{"damage":7.0,"enemies":"Shelled Parasite and Fungi","floor":29.0,"turns":4.0},{"damage":44.0,"enemies":"Collector","floor":33.0,"turns":7.0},{"damage":4.0,"enemies":"3 Shapes","floor":35.0,"turns":6.0},{"damage":38.0,"enemies":"3 Darklings","floor":39.0,"turns":6.0},{"damage":7.0,"enemies":"Sphere and 2 Shapes","floor":41.0,"turns":5.0},{"damage":17.0,"enemies":"Maw","floor":42.0,"turns":6.0},{"damage":19.0,"enemies":"Spire Growth","floor":45.0,"turns":4.0},{"damage":19.0,"enemies":"Writhing Mass","floor":46.0,"turns":5.0},{"damage":3,"enemies":"Sphere and 2 Shapes","floor":48,"turns":6},{"damage":25,"enemies":"Donu and Deca","floor":50,"turns":2}],"seed_played":"36644082","potions_obtained":[{"floor":1.0,"key":"Regen Potion"},{"floor":2.0,"key":"GhostInAJar"},{"floor":16.0,"key":"SpeedPotion"}],"is_trial":false,"path_per_floor":["M","M","?","$","?","R","E","M","T","R","T","?","R","M","R","B",null,"M","?","$","M","?","E","M","$","T","M","R","M","R","?","R","B",null,"M","?","?","?","M","R","M","M","T","R","M","M","$","M","R","B"],"character_chosen":"THE_SILENT","items_purchased":["Noxious Fumes","Backflip","Caltrops","Bouncing Flask","Bronze Scales"],"campfire_rested":5,"item_purchase_floors":[4,4,20,25,47],"current_hp_per_floor":[69,69,74,74,74,74,72,72,72,72,72,72,72,72,72,44,75,75,75,75,75,75,41,24,24,24,23,45,38,60,60,60,16,75,71,71,62,62,24,46,39,22,22,44,25,6,6,3,25,0],"gold":57,"neow_bonus":"BOSS_RELIC","is_prod":false,"is_daily":false,"chose_seed":true,"campfire_upgraded":5,"win_rate":0,"timestamp":1542641340,"path_taken":["M","M","?","$","?","R","E","?","T","R","?","?","R","M","R","BOSS","M","?","$","M","?","E","M","$","T","M","R","?","R","?","R","BOSS","M","?","?","?","M","R","?","M","T","R","M","M","$","M","R","BOSS"],"build_version":"2018-11-15","purchased_purges":2,"victory":false,"max_hp_per_floor":[70,70,75,75,75,75,75,75,75,75,75,75,75,75,75,75,75,75,75,75,75,75,75,75,75,75,75,75,75,75,75,75,75,75,75,75,75,75,75,75,75,75,75,75,75,75,75,75,75,75],"card_choices":[{"not_picked":["PiercingWail","Prepared"],"picked":"Blur","floor":1.0},{"not_picked":["Setup","Sucker Punch"],"picked":"Backflip","floor":2.0},{"not_picked":["Flechettes","Finisher"],"picked":"Dagger Spray","floor":7.0},{"not_picked":["Infinite Blades","Quick Slash"],"picked":"Caltrops","floor":8.0},{"not_picked":["Riddle With Holes","Dodge and Roll"],"picked":"PiercingWail","floor":14.0},{"not_picked":["A Thousand Cuts","Doppelganger"],"picked":"Adrenaline","floor":16.0},{"not_picked":["Backflip+1","Dagger Spray"],"picked":"Bane","floor":18.0},{"not_picked":["Masterful Stab","Concentrate+1"],"picked":"Catalyst","floor":21.0},{"not_picked":["Bane","PiercingWail"],"picked":"Terror","floor":23.0},{"not_picked":["Quick Slash+1","Flying Knee+1"],"picked":"Poisoned Stab","floor":24.0},{"not_picked":["Deadly Poison","Night Terror"],"picked":"Poisoned Stab+1","floor":27.0},{"not_picked":["Dagger Spray","Tactician"],"picked":"Bouncing Flask+1","floor":29.0},{"not_picked":["Bullet Time","Corpse Explosion"],"picked":"After Image","floor":33.0},{"not_picked":["Choke","Sucker Punch","Caltrops"],"picked":"SKIP","floor":35.0},{"not_picked":["PanicButton","Mayhem"],"picked":"Blind","floor":36.0},{"not_picked":["Cloak And Dagger","Outmaneuver+1"],"picked":"Deadly Poison+1","floor":39.0},{"not_picked":["Endless Agony+1","Bane+1"],"picked":"Predator+1","floor":41.0},{"not_picked":["Dash","Quick Slash+1","Cloak And Dagger+1"],"picked":"SKIP","floor":42.0},{"not_picked":["Dagger Throw","PiercingWail+1","Outmaneuver+1"],"picked":"SKIP","floor":45.0},{"not_picked":["Malaise","Choke","Deadly Poison+1"],"picked":"SKIP","floor":46.0},{"not_picked":["PiercingWail","Infinite Blades+1","Sucker Punch"],"picked":"SKIP","floor":48}],"player_experience":231285,"relics_obtained":[{"floor":7.0,"key":"Thread and Needle"},{"floor":11.0,"key":"Bottled Lightning"},{"floor":23.0,"key":"Boot"},{"floor":26.0,"key":"Torii"},{"floor":43.0,"key":"Smiling Mask"}],"event_choices":[{"damage_healed":0.0,"max_hp_gain":5.0,"max_hp_loss":0.0,"gold_gain":0.0,"event_name":"Big Fish","player_choice":"Donut","floor":3.0,"gold_loss":0.0,"damage_taken":0.0},{"damage_healed":0.0,"max_hp_gain":0.0,"max_hp_loss":0.0,"gold_gain":0.0,"event_name":"NoteForYourself","player_choice":"Ignored","floor":5.0,"gold_loss":0.0,"damage_taken":0.0},{"damage_healed":0.0,"max_hp_gain":0.0,"max_hp_loss":0.0,"gold_gain":0.0,"cards_transformed":["Defend_G"],"event_name":"Living Wall","player_choice":"Change","floor":12.0,"gold_loss":0.0,"damage_taken":0.0,"cards_obtained":["Underhanded Strike"]},{"damage_healed":0.0,"max_hp_gain":0.0,"max_hp_loss":0.0,"gold_gain":0.0,"event_name":"Cursed Tome","player_choice":"Ignored","floor":19.0,"gold_loss":0.0,"damage_taken":0.0},{"cards_removed":["Strike_G"],"damage_healed":0.0,"max_hp_gain":0.0,"max_hp_loss":0.0,"gold_gain":0.0,"event_name":"Beggar","player_choice":"Gave Gold","floor":22.0,"gold_loss":75.0,"damage_taken":0.0},{"damage_healed":0.0,"max_hp_gain":0.0,"max_hp_loss":0.0,"gold_gain":0.0,"event_name":"The Library","player_choice":"Read","floor":31.0,"gold_loss":0.0,"damage_taken":0.0,"cards_obtained":["Footwork"]},{"damage_healed":0.0,"max_hp_gain":0.0,"max_hp_loss":0.0,"gold_gain":0.0,"event_name":"SensoryStone","player_choice":"Memory 1","floor":36.0,"gold_loss":0.0,"damage_taken":0.0},{"damage_healed":0.0,"max_hp_gain":0.0,"max_hp_loss":0.0,"gold_gain":0.0,"event_name":"Winding Halls","player_choice":"Embrace Madness","floor":37.0,"gold_loss":0.0,"damage_taken":9.0,"cards_obtained":["Madness","Madness"]},{"cards_removed":["Survivor"],"damage_healed":0.0,"max_hp_gain":0.0,"max_hp_loss":0.0,"gold_gain":0.0,"event_name":"Falling","player_choice":"Removed Skill","floor":38.0,"gold_loss":0.0,"damage_taken":0.0}],"is_beta":true,"boss_relics":[{"not_picked":["Black Star","Philosopher\u0027s Stone"],"picked":"Sozu"},{"not_picked":["Runic Pyramid","WristBlade"],"picked":"White Beast Statue"}],"items_purged_floors":[20,47],"is_endless":false,"potions_floor_spawned":[1,2,16,21,27,29,35,39,41,42,45,46,48],"killed_by":"Donu and Deca","ascension_level":0}