{"gold_per_floor":[359,374,391,175,175,175,203,203,228,247,263,275,23,33,33,136,136,148,162,177,189,189,223,223,255,278,290,290,290,290,300,300,300],"floor_reached":33,"playtime":2143,"items_purged":["Strike_B"],"score":466,"play_id":"a9b44abb-6922-4b7f-8cd1-53dac6f17cb0","local_time":"20190524170808","is_ascension_mode":true,"campfire_choices":[{"data":"Zap","floor":6.0,"key":"SMITH"},{"data":"FTL","floor":8.0,"key":"SMITH"},{"floor":15.0,"key":"REST"},{"data":"Redo","floor":24.0,"key":"SMITH"},{"floor":28.0,"key":"REST"},{"data":"Malaise","floor":30.0,"key":"SMITH"},{"floor":32.0,"key":"REST"}],"neow_cost":"TEN_PERCENT_HP_LOSS","seed_source_timestamp":168792446568563,"circlet_count":0,"master_deck":["AscendersBane","Strike_B","Strike_B","Defend_B","Defend_B","Defend_B","Defend_B","Zap+1","Dualcast+1","FTL+1","Undo","Dark Shackles","Darkness","Double Energy","Glacier","Cold Snap","Conserve Battery","Reinforced Body","Malaise+1","PiercingWail","Redo+1","Crippling Poison+1","Immolate","Self Repair","Noxious Fumes","Coolheaded"],"special_seed":0,"relics":["Cracked Core","PreservedInsect","Bronze Scales","PrismaticShard","Nuclear Battery","Orichalcum","Ornamental Fan"],"potions_floor_usage":[33],"damage_taken":[{"damage":1.0,"enemies":"Cultist","floor":1.0,"turns":3.0},{"damage":0.0,"enemies":"2 Louse","floor":2.0,"turns":3.0},{"damage":2.0,"enemies":"Small Slimes","floor":3.0,"turns":3.0},{"damage":31.0,"enemies":"Lagavulin","floor":7.0,"turns":7.0},{"damage":1.0,"enemies":"Looter","floor":10.0,"turns":2.0},{"damage":13.0,"enemies":"Exordium Wildlife","floor":11.0,"turns":3.0},{"damage":6.0,"enemies":"Blue Slaver","floor":12.0,"turns":3.0},{"damage":0.0,"enemies":"3 Louse","floor":14.0,"turns":3.0},{"damage":5.0,"enemies":"Slime Boss","floor":16.0,"turns":14.0},{"damage":3.0,"enemies":"Chosen","floor":18.0,"turns":7.0},{"damage":4.0,"enemies":"2 Thieves","floor":19.0,"turns":5.0},{"damage":5.0,"enemies":"Cultist and Chosen","floor":20.0,"turns":8.0},{"damage":0.0,"enemies":"Snake Plant","floor":21.0,"turns":6.0},{"damage":6.0,"enemies":"Gremlin Leader","floor":23.0,"turns":8.0},{"damage":17.0,"enemies":"Slavers","floor":25.0,"turns":4.0},{"damage":16.0,"enemies":"Sentry and Sphere","floor":27.0,"turns":8.0},{"damage":1.0,"enemies":"Centurion and Healer","floor":31.0,"turns":7.0},{"damage":54,"enemies":"Collector","floor":33,"turns":12}],"seed_played":"-5606458540925426641","potions_obtained":[{"floor":7.0,"key":"SteroidPotion"},{"floor":12.0,"key":"PowerPotion"},{"floor":14.0,"key":"SneckoOil"},{"floor":16.0,"key":"Swift Potion"},{"floor":18.0,"key":"Energy Potion"},{"floor":19.0,"key":"Block Potion"},{"floor":25.0,"key":"LiquidBronze"}],"is_trial":false,"path_per_floor":["M","M","M","$","?","R","E","R","T","M","M","M","$","M","R","B",null,"M","M","M","M","?","E","R","E","T","M","R","?","R","M","R","B"],"character_chosen":"DEFECT","items_purchased":["Dark Shackles","SkillPotion","PrismaticShard","Conserve Battery"],"campfire_rested":3,"item_purchase_floors":[4,4,13,13],"current_hp_per_floor":[67,67,65,65,65,65,34,34,34,33,20,14,14,14,34,29,58,55,51,46,46,46,40,40,23,23,14,34,22,22,28,49,0],"gold":300,"neow_bonus":"TWO_FIFTY_GOLD","is_prod":false,"is_daily":false,"chose_seed":false,"campfire_upgraded":4,"win_rate":0,"timestamp":1558742888,"path_taken":["M","M","M","$","?","R","E","R","T","?","M","M","?","M","R","BOSS","M","M","M","M","?","E","R","E","T","?","R","?","R","M","R","BOSS"],"build_version":"2019-01-23","purchased_purges":1,"victory":false,"max_hp_per_floor":[68,68,68,68,68,68,68,68,68,68,68,68,68,68,68,68,68,68,68,68,68,68,68,68,68,68,68,68,73,73,73,73,73],"card_choices":[{"not_picked":["Sweeping Beam","Compile Driver","Storm"],"picked":"SKIP","floor":1.0},{"not_picked":["Gash","Beam Cell"],"picked":"FTL","floor":2.0},{"not_picked":["Darkness","Hologram"],"picked":"Undo","floor":3.0},{"not_picked":["BootSequence","Skim"],"picked":"Darkness","floor":7.0},{"not_picked":["Gash","Sweeping Beam"],"picked":"Double Energy","floor":10.0},{"not_picked":["Aggregate","Hologram"],"picked":"Glacier","floor":11.0},{"not_picked":["Streamline","Doom and Gloom"],"picked":"Cold Snap","floor":12.0},{"not_picked":["Hemokinesis","Outmaneuver"],"picked":"Reinforced Body","floor":14.0},{"not_picked":["A Thousand Cuts","Envenom"],"picked":"Malaise","floor":16.0},{"not_picked":["Reflex","True Grit","Blade Dance"],"picked":"SKIP","floor":18.0},{"not_picked":["Cold Snap","Quick Slash"],"picked":"PiercingWail","floor":19.0},{"not_picked":["Slice","Sever Soul"],"picked":"Redo","floor":20.0},{"not_picked":["Endless Agony","Discovery"],"picked":"Crippling Poison+1","floor":21.0},{"not_picked":["Terror","Searing Blow"],"picked":"Immolate","floor":23.0},{"not_picked":["Bane","Evolve+1"],"picked":"Self Repair","floor":25.0},{"not_picked":["Clothesline","Whirlwind"],"picked":"Noxious Fumes","floor":27.0},{"not_picked":["Chaos","Purity"],"picked":"Coolheaded","floor":31.0}],"player_experience":705200,"relics_obtained":[{"floor":7.0,"key":"PreservedInsect"},{"floor":9.0,"key":"Bronze Scales"},{"floor":23.0,"key":"Orichalcum"},{"floor":25.0,"key":"Ornamental Fan"}],"event_choices":[{"damage_healed":0.0,"max_hp_gain":0.0,"max_hp_loss":0.0,"gold_gain":0.0,"event_name":"Upgrade Shrine","player_choice":"Upgraded","floor":5.0,"gold_loss":0.0,"damage_taken":0.0,"cards_upgraded":["Dualcast"]},{"cards_removed":["Strike_B"],"damage_healed":0.0,"max_hp_gain":0.0,"max_hp_loss":0.0,"gold_gain":0.0,"event_name":"Purifier","player_choice":"Purged","floor":22.0,"gold_loss":0.0,"damage_taken":0.0},{"damage_healed":0.0,"max_hp_gain":5.0,"max_hp_loss":0.0,"gold_gain":0.0,"event_name":"Forgotten Altar","player_choice":"Shed Blood","floor":29.0,"gold_loss":0.0,"damage_taken":17.0}],"is_beta":false,"boss_relics":[{"not_picked":["Busted Crown","Velvet Choker"],"picked":"Nuclear Battery"}],"items_purged_floors":[4],"is_endless":false,"potions_floor_spawned":[7,12,14,16,18,19,25],"killed_by":"Collector","ascension_level":12}