{"gold_per_floor":[112,127,146,146,146,146,181,53,53,3,14,14],"floor_reached":12,"playtime":398,"items_purged":["Shame","Strike_R"],"score":148,"play_id":"5d26c9a6-c8d4-4bfb-a48e-05609d873192","local_time":"20190605165134","is_ascension_mode":true,"campfire_choices":[{"data":"Searing Blow","floor":6.0,"key":"SMITH"}],"neow_cost":"CURSE","seed_source_timestamp":1206959439635819,"circlet_count":0,"master_deck":["AscendersBane","Strike_R","Strike_R","Defend_R","Defend_R","Defend_R","Defend_R","Bash","Fire Breathing","Power Through","Searing Blow+1","Corruption","Evolve","Headbutt","Inflame"],"special_seed":0,"relics":["Burning Blood","Anchor","Smiling Mask","Ornamental Fan"],"potions_floor_usage":[11,11],"damage_taken":[{"damage":3.0,"enemies":"2 Louse","floor":1.0,"turns":4.0},{"damage":2.0,"enemies":"Small Slimes","floor":2.0,"turns":5.0},{"damage":14.0,"enemies":"Jaw Worm","floor":3.0,"turns":5.0},{"damage":57.0,"enemies":"Gremlin Nob","floor":7.0,"turns":6.0},{"damage":8,"enemies":"Exordium Thugs","floor":11,"turns":4},{"damage":14,"enemies":"Exordium Wildlife","floor":12,"turns":3}],"seed_played":"-8443011722528772707","potions_obtained":[{"floor":1.0,"key":"Explosive Potion"},{"floor":7.0,"key":"SkillPotion"}],"is_trial":false,"path_per_floor":["M","M","M","?","?","R","E","$","T","$","M","M"],"character_chosen":"IRONCLAD","items_purchased":["Inflame"],"campfire_rested":0,"item_purchase_floors":[8],"current_hp_per_floor":[71,75,67,67,60,60,9,9,9,9,7,0],"gold":14,"neow_bonus":"TRANSFORM_TWO_CARDS","is_prod":false,"is_daily":false,"chose_seed":false,"campfire_upgraded":1,"win_rate":0,"timestamp":1559778694,"path_taken":["M","M","M","?","?","R","E","$","T","$","M","M"],"build_version":"2019-01-23","purchased_purges":2,"victory":false,"max_hp_per_floor":[75,75,75,75,75,75,75,75,75,75,75,75],"card_choices":[{"not_picked":["Seeing Red","Cleave"],"picked":"Searing Blow","floor":1.0},{"not_picked":["Entrench","Heavy Blade"],"picked":"Corruption","floor":2.0},{"not_picked":["Pummel","Pommel Strike"],"picked":"Evolve","floor":3.0},{"not_picked":["Anger","Cleave"],"picked":"Headbutt","floor":7.0},{"not_picked":["Pommel Strike","Iron Wave","Thunderclap"],"picked":"SKIP","floor":11}],"player_experience":816642,"relics_obtained":[{"floor":7.0,"key":"Smiling Mask"},{"floor":9.0,"key":"Ornamental Fan"}],"event_choices":[{"damage_healed":0.0,"max_hp_gain":0.0,"max_hp_loss":0.0,"gold_gain":0.0,"event_name":"Big Fish","player_choice":"Box","floor":4.0,"gold_loss":0.0,"damage_taken":0.0,"relics_obtained":["Anchor"],"cards_obtained":["Regret"]},{"cards_removed":["Regret"],"damage_healed":0.0,"max_hp_gain":0.0,"max_hp_loss":0.0,"gold_gain":0.0,"event_name":"Golden Wing","player_choice":"Card Removal","floor":5.0,"gold_loss":0.0,"damage_taken":7.0}],"is_beta":false,"boss_relics":[],"items_purged_floors":[8,10],"is_endless":false,"potions_floor_spawned":[1,7],"killed_by":"Exordium Wildlife","ascension_level":18}