{"gold_per_floor":[114,127,146,159,159,159,186,186,186,197,197,197,122,157,157,232,232,248,116,126,144,144,172,189,289,289,320,320,320,330,346,346,421,471,490,590,590,412,429,429,458,458,485,503,519,126,138,149,149,149,149,149,69,98,98],"floor_reached":55,"playtime":3435,"items_purged":["Pain","Strike_B"],"score":1478,"play_id":"4c3db90b-674b-493c-9fad-9d2a23f6ae00","local_time":"20190526185449","is_ascension_mode":true,"campfire_choices":[{"data":"Tempest","floor":6.0,"key":"SMITH"},{"data":"Self Repair","floor":8.0,"key":"SMITH"},{"floor":11.0,"key":"RECALL"},{"data":"Buffer","floor":15.0,"key":"SMITH"},{"data":"Buffer","floor":28.0,"key":"SMITH"},{"data":"Defend_B","floor":32.0,"key":"SMITH"},{"data":"Defragment","floor":40.0,"key":"SMITH"},{"data":"Consume","floor":42.0,"key":"SMITH"},{"data":"Amplify","floor":49.0,"key":"SMITH"},{"data":"Undo","floor":52.0,"key":"SMITH"}],"neow_cost":"NONE","seed_source_timestamp":347275848186475,"circlet_count":0,"master_deck":["AscendersBane","Strike_B","Defend_B+1","Defend_B+1","Defend_B","Defend_B","Zap","Dualcast","Self Repair+1","Tempest+1","White Noise","Creative AI","Doom and Gloom+1","Buffer+1","Meteor Strike+1","Streamline+1","Undo+1","Defragment+1","Compile Driver+1","Core Surge+1","Buffer+1","Amplify+1","Undo+1","Consume+1","Electrodynamics","Leap","Defragment+1","Conserve Battery+1","Sunder+1","Defragment","Dark Shackles","Streamline+1","Capacitor"],"special_seed":0,"relics":["Snecko Eye","Happy Flower","Molten Egg 2","WarpedTongs","Bird Faced Urn","Empty Cage","Kunai","Ice Cream","Symbiotic Virus","Mummified Hand","Pen Nib","Tiny House","Du-Vu Doll","Turnip","DataDisk","Boot"],"potions_floor_usage":[55],"damage_taken":[{"damage":0.0,"enemies":"2 Louse","floor":1.0,"turns":3.0},{"damage":6.0,"enemies":"Cultist","floor":2.0,"turns":4.0},{"damage":2.0,"enemies":"Jaw Worm","floor":3.0,"turns":4.0},{"damage":24.0,"enemies":"2 Fungi Beasts","floor":4.0,"turns":4.0},{"damage":18.0,"enemies":"Gremlin Nob","floor":7.0,"turns":4.0},{"damage":23.0,"enemies":"Exordium Thugs","floor":10.0,"turns":5.0},{"damage":10.0,"enemies":"Lagavulin","floor":14.0,"turns":7.0},{"damage":15.0,"enemies":"The Guardian","floor":16.0,"turns":10.0},{"damage":0.0,"enemies":"Chosen","floor":18.0,"turns":3.0},{"damage":6.0,"enemies":"3 Byrds","floor":20.0,"turns":3.0},{"damage":0.0,"enemies":"Centurion and Healer","floor":21.0,"turns":3.0},{"damage":18.0,"enemies":"Slavers","floor":23.0,"turns":3.0},{"damage":0.0,"enemies":"Chosen and Byrds","floor":24.0,"turns":4.0},{"damage":0.0,"enemies":"Colosseum Slavers","floor":25.0,"turns":1.0},{"damage":0.0,"enemies":"Colosseum Nobs","floor":25.0,"turns":3.0},{"damage":0.0,"enemies":"Book of Stabbing","floor":27.0,"turns":4.0},{"damage":0.0,"enemies":"Snecko","floor":30.0,"turns":3.0},{"damage":8.0,"enemies":"Snake Plant","floor":31.0,"turns":3.0},{"damage":0.0,"enemies":"Automaton","floor":33.0,"turns":6.0},{"damage":16.0,"enemies":"Orb Walker","floor":35.0,"turns":3.0},{"damage":0.0,"enemies":"Mind Bloom Boss Battle","floor":36.0,"turns":3.0},{"damage":0.0,"enemies":"3 Darklings","floor":39.0,"turns":4.0},{"damage":0.0,"enemies":"Reptomancer","floor":41.0,"turns":5.0},{"damage":0.0,"enemies":"4 Shapes","floor":44.0,"turns":3.0},{"damage":0.0,"enemies":"Spire Growth","floor":45.0,"turns":3.0},{"damage":19.0,"enemies":"Writhing Mass","floor":47.0,"turns":4.0},{"damage":0.0,"enemies":"4 Shapes","floor":48.0,"turns":3.0},{"damage":32.0,"enemies":"Awakened One","floor":50.0,"turns":10.0},{"damage":19.0,"enemies":"Shield and Spear","floor":54.0,"turns":6.0},{"damage":96,"enemies":"The Heart","floor":55,"turns":6}],"seed_played":"4448976895756180426","potions_obtained":[{"floor":1.0,"key":"Regen Potion"},{"floor":4.0,"key":"SmokeBomb"},{"floor":10.0,"key":"Swift Potion"},{"floor":16.0,"key":"PowerPotion"},{"floor":23.0,"key":"Swift Potion"},{"floor":27.0,"key":"Poison Potion"},{"floor":30.0,"key":"Fire Potion"},{"floor":31.0,"key":"Ancient Potion"},{"floor":34.0,"key":"GamblersBrew"},{"floor":39.0,"key":"Fire Potion"},{"floor":45.0,"key":"FearPotion"},{"floor":47.0,"key":"Block Potion"}],"is_trial":false,"path_per_floor":["M","M","M","M","?","R","E","R","T","M","R","?","$","E","R","B",null,"M","$","M","M","?","E","M","?","T","E","R","?","M","M","R","B",null,"M","?","?","$","M","R","E","R","T","M","M","$","M","M","R","B",null,"R","$","E","B"],"character_chosen":"DEFECT","items_purchased":["Streamline+1","Undo","Defragment","DataDisk","Sunder+1","Defragment","Dark Shackles","Capacitor"],"campfire_rested":0,"item_purchase_floors":[19,19,38,46,46,46,46,53],"current_hp_per_floor":[64,65,63,46,69,69,51,51,51,50,50,50,50,50,50,69,71,71,71,71,71,71,67,71,71,71,71,71,71,71,63,63,71,76,76,76,76,76,76,76,76,76,76,76,76,76,76,76,76,68,74,74,74,76,0],"gold":98,"neow_bonus":"BOSS_RELIC","is_prod":false,"is_daily":false,"chose_seed":false,"campfire_upgraded":9,"win_rate":0,"timestamp":1558922089,"path_taken":["M","M","M","M","?","R","E","R","T","M","R","?","$","E","R","BOSS","M","$","M","M","?","E","?","?","T","E","R","?","M","M","R","BOSS","M","?","?","$","M","R","E","R","T","?","M","?","M","M","R","BOSS","R","$","E","BOSS"],"build_version":"2019-01-23","purchased_purges":2,"victory":false,"max_hp_per_floor":[71,71,71,71,71,71,71,71,71,71,71,71,71,71,71,71,71,71,71,71,71,71,71,71,71,71,71,71,71,71,71,71,71,76,76,76,76,76,76,76,76,76,76,76,76,76,76,76,76,76,76,76,76,76,76],"card_choices":[{"not_picked":["Stack","Cold Snap"],"picked":"Self Repair","floor":1.0},{"not_picked":["Stack","FTL","Beam Cell"],"picked":"SKIP","floor":2.0},{"not_picked":["Hello World","Rebound"],"picked":"Tempest","floor":3.0},{"not_picked":["Multi-Cast","Scrape"],"picked":"White Noise","floor":4.0},{"not_picked":["Storm","Steam"],"picked":"Creative AI","floor":7.0},{"not_picked":["Stack","Chaos"],"picked":"Doom and Gloom+1","floor":10.0},{"not_picked":["Steam Power","Redo"],"picked":"Buffer","floor":14.0},{"not_picked":["All For One+1","Amplify"],"picked":"Meteor Strike+1","floor":16.0},{"not_picked":["Barrage+1","Double Energy","Hologram"],"picked":"SKIP","floor":18.0},{"not_picked":["Steam","Loop"],"picked":"Defragment+1","floor":20.0},{"not_picked":["Go for the Eyes+1","Double Energy","Storm"],"picked":"SKIP","floor":21.0},{"not_picked":["Sweeping Beam+1","Steam Power"],"picked":"Compile Driver+1","floor":23.0},{"not_picked":["Cold Snap+1","Compile Driver+1"],"picked":"Core Surge+1","floor":24.0},{"not_picked":["Compile Driver+1","Leap"],"picked":"Buffer","floor":27.0},{"not_picked":["Ball Lightning+1","Static Discharge","Beam Cell+1"],"picked":"SKIP","floor":30.0},{"not_picked":["Leap","Auto Shields","Barrage+1"],"picked":"SKIP","floor":31.0},{"not_picked":["Fission","All For One+1"],"picked":"Amplify","floor":33.0},{"not_picked":["Go for the Eyes+1","Redo"],"picked":"Undo","floor":34.0},{"not_picked":["Beam Cell+1","Fusion"],"picked":"Consume","floor":35.0},{"not_picked":["Redo","Hologram"],"picked":"Conserve Battery+1","floor":39.0},{"not_picked":["Coolheaded","Steam","Stack"],"picked":"SKIP","floor":41.0},{"not_picked":["Conserve Battery","Hologram","All For One+1"],"picked":"SKIP","floor":44.0},{"not_picked":["Coolheaded","Sweeping Beam+1","Rip and Tear+1"],"picked":"SKIP","floor":45.0},{"not_picked":["Self Repair","Stack"],"picked":"Streamline+1","floor":47.0},{"not_picked":["Storm","White Noise+1","Cold Snap+1"],"picked":"SKIP","floor":48.0},{"not_picked":["Leap","Coolheaded+1","Compile Driver+1"],"picked":"SKIP","floor":54.0}],"player_experience":738247,"relics_obtained":[{"floor":7.0,"key":"Happy Flower"},{"floor":9.0,"key":"Molten Egg 2"},{"floor":14.0,"key":"Bird Faced Urn"},{"floor":23.0,"key":"Kunai"},{"floor":25.0,"key":"Ice Cream"},{"floor":25.0,"key":"Symbiotic Virus"},{"floor":26.0,"key":"Mummified Hand"},{"floor":27.0,"key":"Pen Nib"},{"floor":36.0,"key":"Du-Vu Doll"},{"floor":41.0,"key":"Turnip"},{"floor":54.0,"key":"Boot"}],"event_choices":[{"damage_healed":23.0,"max_hp_gain":0.0,"max_hp_loss":0.0,"gold_gain":0.0,"event_name":"Big Fish","player_choice":"Banana","floor":5.0,"gold_loss":0.0,"damage_taken":0.0},{"damage_healed":0.0,"max_hp_gain":0.0,"max_hp_loss":0.0,"gold_gain":0.0,"event_name":"Accursed Blacksmith","player_choice":"Rummage","floor":12.0,"gold_loss":0.0,"damage_taken":0.0,"relics_obtained":["WarpedTongs"],"cards_obtained":["Pain"]},{"damage_healed":0.0,"max_hp_gain":0.0,"max_hp_loss":0.0,"gold_gain":0.0,"event_name":"Upgrade Shrine","player_choice":"Upgraded","floor":22.0,"gold_loss":0.0,"damage_taken":0.0,"cards_upgraded":["Undo"]},{"damage_healed":0.0,"max_hp_gain":0.0,"max_hp_loss":0.0,"gold_gain":0.0,"event_name":"Colosseum","player_choice":"Fight","floor":25.0,"gold_loss":0.0,"damage_taken":0.0},{"damage_healed":0.0,"max_hp_gain":0.0,"max_hp_loss":0.0,"gold_gain":0.0,"event_name":"Colosseum","player_choice":"Fought Nobs","floor":25.0,"gold_loss":0.0,"damage_taken":0.0},{"damage_healed":0.0,"max_hp_gain":0.0,"max_hp_loss":0.0,"gold_gain":0.0,"event_name":"Ghosts","player_choice":"Ignored","floor":29.0,"gold_loss":0.0,"damage_taken":0.0},{"damage_healed":0.0,"max_hp_gain":0.0,"max_hp_loss":0.0,"gold_gain":0.0,"event_name":"MindBloom","player_choice":"Fight","floor":36.0,"gold_loss":0.0,"damage_taken":0.0},{"damage_healed":0.0,"max_hp_gain":0.0,"max_hp_loss":0.0,"gold_gain":0.0,"event_name":"Match and Keep!","player_choice":"2 cards matched","floor":37.0,"gold_loss":0.0,"damage_taken":0.0,"cards_obtained":["Electrodynamics","Leap"]}],"is_beta":false,"boss_relics":[{"not_picked":["Black Star","Sozu"],"picked":"Empty Cage"},{"not_picked":["Coffee Dripper","Pandora\u0027s Box"],"picked":"Tiny House"}],"items_purged_floors":[13,38],"is_endless":false,"potions_floor_spawned":[1,4,10,16,18,20,23,27,30,31,39,45,47],"killed_by":"The Heart","ascension_level":17}