{"gold_per_floor":[117,117,129,140,158,158,186,206,231,262,275,294,294,7,7,112,112,130,147,158,171,21,21,56,56,79,105,118,33,44,63,63,162,162,181,181,197,72,85,415,415,415],"floor_reached":42,"playtime":11311,"items_purged":["Strike_R","Strike_R","Strike_R"],"score":656,"play_id":"9ae1448b-742d-4d66-b9e0-aae8f3fbb500","local_time":"20190520230248","is_ascension_mode":true,"campfire_choices":[{"floor":6.0,"key":"RECALL"},{"data":"True Grit","floor":13.0,"key":"SMITH"},{"data":"True Grit","floor":15.0,"key":"SMITH"},{"data":"Armaments","floor":23.0,"key":"SMITH"},{"data":"Shockwave","floor":25.0,"key":"SMITH"},{"floor":32.0,"key":"REST"},{"data":"Flame Barrier","floor":41,"key":"SMITH"}],"neow_cost":"NONE","seed_source_timestamp":0,"circlet_count":0,"master_deck":["Strike_R","Defend_R","Defend_R+1","Defend_R+1","Bash","True Grit+1","Cleave","Iron Wave","Shockwave+1","True Grit+1","Clothesline","Body Slam","Flame Barrier+1","Armaments+1","Feed","Body Slam","Shrug It Off","Feel No Pain+1","Shrug It Off","Pommel Strike","Reaper","Offering","Evolve"],"special_seed":0,"relics":["Burning Blood","Oddly Smooth Stone","Happy Flower","Snecko Eye","War Paint","Regal Pillow","Bird Faced Urn","Red Skull","Orrery","Old Coin"],"potions_floor_usage":[],"damage_taken":[{"damage":0.0,"enemies":"Small Slimes","floor":1.0,"turns":3.0},{"damage":0.0,"enemies":"Cultist","floor":3.0,"turns":3.0},{"damage":4.0,"enemies":"2 Louse","floor":4.0,"turns":2.0},{"damage":4.0,"enemies":"Blue Slaver","floor":5.0,"turns":6.0},{"damage":12.0,"enemies":"Gremlin Nob","floor":7.0,"turns":4.0},{"damage":2.0,"enemies":"Looter","floor":8.0,"turns":4.0},{"damage":54.0,"enemies":"Lagavulin","floor":10.0,"turns":13.0},{"damage":10.0,"enemies":"Red Slaver","floor":11.0,"turns":4.0},{"damage":0.0,"enemies":"Exordium Wildlife","floor":12.0,"turns":3.0},{"damage":30.0,"enemies":"The Guardian","floor":16.0,"turns":21.0},{"damage":0.0,"enemies":"Shell Parasite","floor":18.0,"turns":4.0},{"damage":10.0,"enemies":"2 Thieves","floor":19.0,"turns":4.0},{"damage":6.0,"enemies":"Snake Plant","floor":20.0,"turns":4.0},{"damage":15.0,"enemies":"Centurion and Healer","floor":21.0,"turns":5.0},{"damage":21.0,"enemies":"Slavers","floor":24.0,"turns":8.0},{"damage":36.0,"enemies":"Gremlin Leader","floor":27.0,"turns":7.0},{"damage":12.0,"enemies":"Sentry and Sphere","floor":28.0,"turns":6.0},{"damage":6.0,"enemies":"Snecko","floor":30.0,"turns":4.0},{"damage":0.0,"enemies":"Centurion and Healer","floor":31.0,"turns":4.0},{"damage":57.0,"enemies":"Collector","floor":33.0,"turns":15.0},{"damage":7.0,"enemies":"3 Shapes","floor":35.0,"turns":8.0},{"damage":8.0,"enemies":"3 Darklings","floor":37.0,"turns":6.0},{"damage":25.0,"enemies":"Maw","floor":39.0,"turns":11.0},{"damage":53,"enemies":"Reptomancer","floor":40,"turns":10},{"damage":107,"enemies":"2 Orb Walkers","floor":42,"turns":6}],"seed_played":"3302957521679910849","potions_obtained":[{"floor":1.0,"key":"EssenceOfSteel"},{"floor":4.0,"key":"LiquidBronze"},{"floor":7.0,"key":"LiquidBronze"},{"floor":11.0,"key":"SkillPotion"},{"floor":20.0,"key":"Explosive Potion"},{"floor":27.0,"key":"LiquidBronze"},{"floor":31.0,"key":"GamblersBrew"},{"floor":33.0,"key":"Swift Potion"},{"floor":35.0,"key":"Block Potion"},{"floor":40,"key":"FearPotion"}],"is_trial":false,"path_per_floor":["M","?","M","M","M","R","E","M","T","E","M","M","R","$","R","B",null,"M","M","M","M","$","R","E","R","T","E","M","?","M","M","R","B",null,"M","?","M","$","M","E","R","?"],"character_chosen":"IRONCLAD","items_purchased":["Flame Barrier","Armaments","Feed","Shrug It Off"],"campfire_rested":1,"item_purchase_floors":[14,14,14,22],"current_hp_per_floor":[88,88,88,88,88,88,82,86,86,38,34,40,40,40,40,19,91,91,87,90,84,84,84,73,73,73,46,45,45,48,56,104,55,110,110,110,110,110,100,77,77,0],"gold":415,"neow_bonus":"TEN_PERCENT_HP_BONUS","is_prod":false,"is_daily":false,"chose_seed":false,"campfire_upgraded":5,"win_rate":0,"timestamp":1558386168,"path_taken":["M","?","M","M","M","R","E","M","T","E","M","?","R","$","R","BOSS","M","M","M","M","$","R","E","R","T","E","M","?","M","M","R","BOSS","M","?","M","$","M","E","R","?"],"build_version":"2019-01-23","purchased_purges":3,"victory":false,"max_hp_per_floor":[88,88,88,88,88,88,88,88,88,88,88,88,88,88,88,91,91,91,91,94,97,97,97,101,101,101,104,107,107,110,110,110,110,110,110,110,110,110,110,114,114,117],"card_choices":[{"not_picked":["Dropkick","Havoc"],"picked":"True Grit","floor":1.0},{"not_picked":["Flex","Second Wind"],"picked":"Cleave","floor":3.0},{"not_picked":["Sentinel","Sever Soul"],"picked":"Iron Wave","floor":4.0},{"not_picked":["Metallicize","Limit Break"],"picked":"Shockwave","floor":5.0},{"not_picked":["Sword Boomerang","Shockwave","Thunderclap"],"picked":"SKIP","floor":7.0},{"not_picked":["Feel No Pain","Shrug It Off"],"picked":"True Grit","floor":8.0},{"not_picked":["Fire Breathing","True Grit"],"picked":"Clothesline","floor":10.0},{"not_picked":["True Grit","Sword Boomerang","Reaper"],"picked":"SKIP","floor":11.0},{"not_picked":["Perfected Strike","Wild Strike"],"picked":"Body Slam","floor":12.0},{"not_picked":["Combust+1","Evolve+1","Anger"],"picked":"SKIP","floor":18.0},{"not_picked":["Pummel+1","Clothesline+1"],"picked":"Body Slam","floor":19.0},{"not_picked":["Wild Strike","Juggernaut","Cleave"],"picked":"SKIP","floor":20.0},{"not_picked":["Iron Wave","Flex","Dropkick"],"picked":"SKIP","floor":21.0},{"not_picked":["Metallicize","Sentinel+1"],"picked":"Feel No Pain+1","floor":24.0},{"not_picked":["Juggernaut","Reckless Charge+1"],"picked":"Shrug It Off","floor":27.0},{"not_picked":["Carnage","Heavy Blade"],"picked":"Pommel Strike","floor":28.0},{"not_picked":["Dual Wield","Shockwave+1","Perfected Strike"],"picked":"SKIP","floor":30.0},{"not_picked":["Flex","Headbutt","Blood for Blood+1"],"picked":"SKIP","floor":31.0},{"not_picked":["Feed","Offering"],"picked":"Reaper","floor":33.0},{"not_picked":["Sword Boomerang","Searing Blow"],"picked":"Offering","floor":34.0},{"not_picked":["Seeing Red+1","Armaments"],"picked":"Evolve","floor":34.0},{"not_picked":["Fire Breathing+1","Clothesline","Evolve"],"picked":"SKIP","floor":35.0},{"not_picked":["Offering","Headbutt","Wild Strike"],"picked":"SKIP","floor":37.0},{"not_picked":["Infernal Blade+1","Evolve+1","Sever Soul+1"],"picked":"SKIP","floor":39.0},{"not_picked":["Anger","Twin Strike+1","Thunderclap+1"],"picked":"SKIP","floor":40}],"player_experience":313506,"relics_obtained":[{"floor":7.0,"key":"Oddly Smooth Stone"},{"floor":10.0,"key":"Happy Flower"},{"floor":24.0,"key":"War Paint"},{"floor":26.0,"key":"Regal Pillow"},{"floor":27.0,"key":"Bird Faced Urn"},{"floor":40,"key":"Old Coin"}],"event_choices":[{"cards_removed":["Strike_R"],"damage_healed":0.0,"max_hp_gain":0.0,"max_hp_loss":0.0,"gold_gain":0.0,"event_name":"Purifier","player_choice":"Purged","floor":2.0,"gold_loss":0.0,"damage_taken":0.0},{"damage_healed":0.0,"max_hp_gain":0.0,"max_hp_loss":0.0,"gold_gain":0.0,"event_name":"Addict","player_choice":"Obtained Relic","floor":29.0,"gold_loss":85.0,"damage_taken":0.0,"relics_obtained":["Red Skull"]},{"cards_removed":["Defend_R"],"damage_healed":0.0,"max_hp_gain":0.0,"max_hp_loss":0.0,"gold_gain":0.0,"event_name":"Falling","player_choice":"Removed Skill","floor":36.0,"gold_loss":0.0,"damage_taken":0.0},{"damage_healed":0,"gold_gain":0,"player_choice":"Fight","damage_taken":0,"max_hp_gain":0,"max_hp_loss":0,"event_name":"Mysterious Sphere","floor":42,"gold_loss":0}],"is_beta":false,"boss_relics":[{"not_picked":["Coffee Dripper","Mark of Pain"],"picked":"Snecko Eye"},{"not_picked":["Tiny House","Runic Dome"],"picked":"Orrery"}],"items_purged_floors":[14,22,38],"is_endless":false,"potions_floor_spawned":[1,4,7,11,20,27,31,33,35,40],"killed_by":"2 Orb Walkers","ascension_level":4}