{"gold_per_floor":[109,109,119,131,147,147,163,182,208,208,226,240,240,165,165,165],"floor_reached":16,"playtime":1291,"items_purged":["Strike_G"],"score":96,"play_id":"b174b7f2-7c5f-4455-a3fc-fdc1c80f277f","local_time":"20190602161135","is_ascension_mode":false,"campfire_choices":[{"data":"Storm of Steel","floor":6,"key":"SMITH"},{"floor":10,"key":"REST"},{"data":"Slice","floor":13,"key":"SMITH"},{"data":"Quick Slash","floor":15,"key":"SMITH"}],"neow_cost":"NONE","seed_source_timestamp":51017022037173,"circlet_count":0,"master_deck":["Defend_G","Defend_G","Defend_G","Defend_G","Defend_G","Strike_G","Strike_G","Strike_G","Survivor","Neutralize+1","All Out Attack","Flechettes","Acrobatics","Quick Slash+1","Storm of Steel+1","Blade Dance","Calculated Gamble","Backflip","Slice+1"],"relics":["Ring of the Snake","Strawberry"],"potions_floor_usage":[],"damage_taken":[{"damage":0,"enemies":"2 Louse","floor":1,"turns":3},{"damage":0,"enemies":"Small Slimes","floor":3,"turns":3},{"damage":0,"enemies":"Jaw Worm","floor":4,"turns":2},{"damage":2,"enemies":"Blue Slaver","floor":5,"turns":8},{"damage":11,"enemies":"Exordium Wildlife","floor":7,"turns":3},{"damage":14,"enemies":"3 Louse","floor":8,"turns":2},{"damage":0,"enemies":"Exordium Thugs","floor":11,"turns":4},{"damage":2,"enemies":"Looter","floor":12,"turns":2},{"damage":73,"enemies":"Hexaghost","floor":16,"turns":16}],"seed_played":"5641304615587535633","potions_obtained":[{"floor":4,"key":"SteroidPotion"},{"floor":5,"key":"PowerPotion"},{"floor":11,"key":"PowerPotion"},{"floor":12,"key":"Regen Potion"}],"is_trial":false,"path_per_floor":["M","?","M","M","M","R","M","M","T","R","M","M","R","$","R","B"],"character_chosen":"THE_SILENT","items_purchased":[],"campfire_rested":1,"item_purchase_floors":[],"current_hp_per_floor":[70,70,70,70,68,68,57,43,50,73,73,71,71,71,71,0],"gold":165,"neow_bonus":"TRANSFORM_CARD","is_prod":false,"is_daily":false,"chose_seed":false,"campfire_upgraded":3,"win_rate":0,"timestamp":1559506295,"path_taken":["M","?","M","M","M","R","M","M","T","R","M","M","R","$","R","BOSS"],"build_version":"2019-01-23","purchased_purges":1,"victory":false,"max_hp_per_floor":[70,70,70,70,70,70,70,70,77,77,77,77,77,77,77,77],"card_choices":[{"not_picked":["Poisoned Stab","Reflex"],"picked":"Flechettes","floor":1},{"not_picked":["Calculated Gamble","Quick Slash"],"picked":"Acrobatics","floor":3},{"not_picked":["Heel Hook","Deadly Poison"],"picked":"Quick Slash","floor":4},{"not_picked":["Prepared","Slice"],"picked":"Storm of Steel","floor":5},{"not_picked":["Dagger Throw","Distraction"],"picked":"Blade Dance","floor":7},{"not_picked":["Skewer","Expertise"],"picked":"Calculated Gamble","floor":8},{"not_picked":["Sucker Punch","Poisoned Stab"],"picked":"Backflip","floor":11},{"not_picked":["Bane","Distraction"],"picked":"Slice","floor":12}],"player_experience":39488,"relics_obtained":[{"floor":9,"key":"Strawberry"}],"event_choices":[{"damage_healed":0,"gold_gain":0,"player_choice":"Grow","damage_taken":0,"max_hp_gain":0,"max_hp_loss":0,"event_name":"Living Wall","floor":2,"gold_loss":0,"cards_upgraded":["Neutralize"]}],"is_beta":false,"boss_relics":[],"items_purged_floors":[14],"is_endless":false,"potions_floor_spawned":[4,5,11,12],"killed_by":"Hexaghost","ascension_level":0}