{"gold_per_floor":[116,41,41,51,70,70,99,99,99,174,185,185,185,199,199,295,295],"floor_reached":17,"playtime":662,"items_purged":["Strike_R"],"score":194,"play_id":"99976495-fb1a-4cec-984a-51fb4c705df4","local_time":"20190521215338","is_ascension_mode":true,"campfire_choices":[{"data":"Combust","floor":6,"key":"SMITH"},{"floor":8,"key":"REST"},{"data":"Shrug It Off","floor":15,"key":"SMITH"}],"neow_cost":"TEN_PERCENT_HP_LOSS","seed_source_timestamp":254021785922800,"circlet_count":0,"master_deck":["Strike_R","Defend_R","Defend_R","Defend_R","Defend_R","Bash","Flex","Combust+1","Shrug It Off+1","Combust+1","Dropkick","Battle Trance","Fiend Fire","Combust"],"relics":["Burning Blood","The Courier","Letter Opener","Orrery"],"potions_floor_usage":[16,16,16],"damage_taken":[{"damage":14,"enemies":"Jaw Worm","floor":1,"turns":4},{"damage":7,"enemies":"2 Louse","floor":4,"turns":3},{"damage":3,"enemies":"Small Slimes","floor":5,"turns":3},{"damage":36,"enemies":"Lagavulin","floor":7,"turns":6},{"damage":13,"enemies":"Gremlin Gang","floor":11,"turns":2},{"damage":3,"enemies":"2 Fungi Beasts","floor":14,"turns":3},{"damage":30,"enemies":"The Guardian","floor":16,"turns":11}],"seed_played":"6955440402182692629","potions_obtained":[{"floor":4,"key":"FearPotion"},{"floor":7,"key":"Dexterity Potion"},{"floor":14,"key":"Ancient Potion"}],"is_trial":false,"path_per_floor":["M","$","?","M","M","R","E","R","T","?","M","?","?","M","R","B",null],"character_chosen":"IRONCLAD","items_purchased":[],"campfire_rested":1,"item_purchase_floors":[],"current_hp_per_floor":[64,64,64,63,66,66,36,57,57,46,39,39,39,42,42,18,59],"gold":295,"neow_bonus":"TRANSFORM_TWO_CARDS","is_prod":false,"is_daily":false,"chose_seed":false,"campfire_upgraded":2,"win_rate":0,"timestamp":1558468418,"path_taken":["M","$","?","M","M","R","E","R","T","?","M","?","?","?","R","BOSS"],"build_version":"2019-05-07","purchased_purges":1,"victory":false,"max_hp_per_floor":[72,72,72,72,72,72,72,72,72,72,72,72,72,72,72,72,72],"card_choices":[{"not_picked":["True Grit","Reckless Charge","Twin Strike"],"picked":"SKIP","floor":1},{"not_picked":["Dual Wield","Pommel Strike"],"picked":"Shrug It Off","floor":4},{"not_picked":["Pommel Strike","Heavy Blade"],"picked":"Combust","floor":5},{"not_picked":["Flex","Metallicize"],"picked":"Dropkick","floor":7},{"not_picked":["Cleave","Thunderclap"],"picked":"Battle Trance","floor":11},{"not_picked":["Twin Strike","Anger","Reckless Charge"],"picked":"SKIP","floor":14},{"not_picked":["Exhume","Brutality"],"picked":"Fiend Fire","floor":16},{"not_picked":["Anger","Wild Strike"],"picked":"Combust","floor":17}],"player_experience":314412,"relics_obtained":[{"floor":7,"key":"The Courier"},{"floor":9,"key":"Letter Opener"}],"event_choices":[{"damage_healed":0,"gold_gain":0,"player_choice":"Grow","damage_taken":0,"max_hp_gain":0,"max_hp_loss":0,"event_name":"Living Wall","floor":3,"gold_loss":0,"cards_upgraded":["Combust"]},{"damage_healed":0,"gold_gain":75,"player_choice":"Gather Gold","damage_taken":11,"max_hp_gain":0,"max_hp_loss":0,"event_name":"World of Goop","floor":10,"gold_loss":0},{"damage_healed":0,"gold_gain":0,"player_choice":"Ignored","damage_taken":0,"max_hp_gain":0,"max_hp_loss":0,"event_name":"Golden Idol","floor":12,"gold_loss":0},{"cards_removed":["Strike_R"],"damage_healed":0,"gold_gain":0,"player_choice":"Purged","damage_taken":0,"max_hp_gain":0,"max_hp_loss":0,"event_name":"Purifier","floor":13,"gold_loss":0}],"is_beta":true,"boss_relics":[{"not_picked":["Busted Crown","Sozu"],"picked":"Orrery"}],"items_purged_floors":[2],"is_endless":false,"potions_floor_spawned":[4,7,14],"ascension_level":5}