{"gold_per_floor":[363,382,3,3,21,53,53,88,114,126,145,159,179,198,198,275,275,295,295,210,5,23,23,37,37,61,73,95,107,154,186,198,284,296,325,337,349,415,427,439,478,507,519,531,543,583,43,78,78,78,78,78,7,33,33],"floor_reached":55,"playtime":3170,"items_purged":[],"score":1380,"play_id":"20453f5f-7302-4972-b104-df3c145969aa","local_time":"20190526105558","is_ascension_mode":true,"campfire_choices":[{"data":"Creative AI","floor":7.0,"key":"SMITH"},{"data":"Go for the Eyes","floor":15,"key":"SMITH"},{"data":"Sunder","floor":23,"key":"SMITH"},{"data":"Hyperbeam","floor":29,"key":"SMITH"},{"data":"Hyperbeam","floor":32,"key":"SMITH"},{"floor":40,"key":"RECALL"},{"data":"Coolheaded","floor":44,"key":"SMITH"},{"floor":49,"key":"REST"},{"data":"Juggernaut","floor":52,"key":"SMITH"}],"neow_cost":"CURSE","seed_source_timestamp":318958846399604,"circlet_count":0,"master_deck":["AscendersBane","Zap","Dualcast","Beam Cell+1","Self Repair","Go for the Eyes+1","Coolheaded+1","Creative AI+1","Ball Lightning+1","Glacier","Hyperbeam+1","Chill","Melter","Sunder+1","Compile Driver","Chaos","Chill","BootSequence","Hyperbeam+1","Cold Snap+1","Necronomicurse","Escape Plan","Outmaneuver+1","Crippling Poison+1","Juggernaut+1","Intimidate+1","Dark Shackles+1","Beam Cell+1","Prepared+1","Biased Cognition","Leap","Dark Shackles+1","Compile Driver+1","Capacitor","Backflip"],"special_seed":0,"relics":["Cracked Core","DataDisk","ClockworkSouvenir","Pen Nib","Orichalcum","Vajra","Pandora\u0027s Box","Matryoshka","PrismaticShard","Necronomicon","MawBank","Art of War","Pear","Nuclear Battery","StoneCalendar","War Paint","Gremlin Horn","Darkstone Periapt","Whetstone","Du-Vu Doll","DollysMirror","Blood Vial","Strawberry"],"potions_floor_usage":[14,14,41,48,48],"damage_taken":[{"damage":1.0,"enemies":"Small Slimes","floor":1.0,"turns":3.0},{"damage":1.0,"enemies":"2 Louse","floor":2.0,"turns":2.0},{"damage":0.0,"enemies":"Jaw Worm","floor":5.0,"turns":2.0},{"damage":12.0,"enemies":"Lagavulin","floor":6.0,"turns":8.0},{"damage":20.0,"enemies":"3 Sentries","floor":8.0,"turns":8.0},{"damage":10.0,"enemies":"Large Slime","floor":10.0,"turns":8.0},{"damage":3.0,"enemies":"Looter","floor":11.0,"turns":3.0},{"damage":5.0,"enemies":"Blue Slaver","floor":12.0,"turns":4.0},{"damage":4.0,"enemies":"2 Fungi Beasts","floor":13.0,"turns":4.0},{"damage":8,"enemies":"Exordium Wildlife","floor":14,"turns":6},{"damage":25,"enemies":"The Guardian","floor":16,"turns":12},{"damage":0,"enemies":"Spheric Guardian","floor":18,"turns":3},{"damage":6,"enemies":"2 Thieves","floor":22,"turns":4},{"damage":12,"enemies":"Snake Plant","floor":24,"turns":5},{"damage":0,"enemies":"3 Cultists","floor":28,"turns":3},{"damage":0,"enemies":"Slavers","floor":30,"turns":1},{"damage":2,"enemies":"Cultist and Chosen","floor":31,"turns":5},{"damage":19,"enemies":"Collector","floor":33,"turns":11},{"damage":0,"enemies":"3 Darklings","floor":35,"turns":2},{"damage":6,"enemies":"2 Orb Walkers","floor":38,"turns":2},{"damage":3,"enemies":"Reptomancer","floor":41,"turns":3},{"damage":0,"enemies":"Orb Walker","floor":42,"turns":1},{"damage":2,"enemies":"Nemesis","floor":46,"turns":8},{"damage":15,"enemies":"Reptomancer","floor":48,"turns":3},{"damage":44,"enemies":"Awakened One","floor":50,"turns":15},{"damage":65,"enemies":"Shield and Spear","floor":54,"turns":7},{"damage":29,"enemies":"The Heart","floor":55,"turns":3}],"seed_played":"8772063782959154493","potions_obtained":[{"floor":2.0,"key":"Block Potion"},{"floor":5.0,"key":"Fire Potion"},{"floor":11.0,"key":"AttackPotion"},{"floor":18,"key":"GamblersBrew"},{"floor":28,"key":"SkillPotion"},{"floor":46,"key":"GamblersBrew"}],"is_trial":false,"path_per_floor":["M","M","$","?","M","E","R","E","T","M","M","M","M","M","R","B",null,"M","?","?","$","M","R","M","?","T","?","M","R","E","M","R","B",null,"M","?","?","?","T","R","E","M","T","R","?","E","$","E","R","B",null,"R","$","E","B"],"character_chosen":"DEFECT","items_purchased":["DataDisk","ClockworkSouvenir","Go for the Eyes","PrismaticShard","Du-Vu Doll","Leap","DollysMirror","Capacitor"],"campfire_rested":1,"item_purchase_floors":[3,3,3,21,47,47,47,53],"current_hp_per_floor":[63,62,62,62,62,57,57,44,44,41,45,47,50,49,49,31,61,68,68,68,68,69,69,64,43,43,43,50,50,60,65,65,60,76,76,76,76,70,70,70,74,74,74,74,74,72,72,57,81,37,70,70,70,21,0],"gold":33,"neow_bonus":"TWO_FIFTY_GOLD","is_prod":false,"is_daily":false,"chose_seed":false,"campfire_upgraded":7,"win_rate":0,"timestamp":1558893358,"path_taken":["M","M","$","?","M","E","R","E","T","M","M","M","M","M","R","BOSS","M","?","?","$","M","R","M","?","T","?","M","R","E","M","R","BOSS","M","?","?","?","?","R","E","M","T","R","?","E","$","E","R","BOSS","R","$","E","BOSS"],"build_version":"2019-01-23","purchased_purges":0,"victory":false,"max_hp_per_floor":[71,71,71,71,71,71,71,71,71,71,71,71,71,71,71,71,71,71,71,71,71,71,71,71,71,71,71,71,71,81,81,81,81,81,81,81,81,81,81,81,81,81,81,81,81,81,81,81,81,81,81,81,81,88,88],"card_choices":[{"not_picked":["Turbo","Storm"],"picked":"Beam Cell","floor":1.0},{"not_picked":["Genetic Algorithm","Rebound"],"picked":"Self Repair","floor":2.0},{"not_picked":["Undo","Reprogram"],"picked":"Coolheaded","floor":5.0},{"not_picked":["FTL","Go for the Eyes"],"picked":"Creative AI","floor":6.0},{"not_picked":["Sweeping Beam","Melter","Turbo"],"picked":"SKIP","floor":8.0},{"not_picked":["Darkness","Gash","Fusion"],"picked":"SKIP","floor":10.0},{"not_picked":["Blizzard","Skim"],"picked":"Ball Lightning","floor":11.0},{"not_picked":["Stack","Sweeping Beam","Redo"],"picked":"SKIP","floor":12.0},{"not_picked":["Rip and Tear","Rebound","Beam Cell"],"picked":"SKIP","floor":13.0},{"not_picked":["Cold Snap","Streamline"],"picked":"Glacier","floor":14},{"not_picked":["Thunder Strike","Rainbow"],"picked":"Hyperbeam","floor":16},{"not_picked":["Go for the Eyes","Darkness","Turbo"],"picked":"SKIP","floor":18},{"not_picked":["Acrobatics","Streamline"],"picked":"Cold Snap+1","floor":22},{"not_picked":["Choke+1","Body Slam"],"picked":"Self Repair","floor":24},{"not_picked":["Conserve Battery","Stack"],"picked":"Escape Plan","floor":28},{"not_picked":["Darkness","Deadly Poison"],"picked":"Outmaneuver+1","floor":30},{"not_picked":["True Grit","Blizzard"],"picked":"Crippling Poison","floor":31},{"not_picked":["Amplify","Offering"],"picked":"Juggernaut","floor":33},{"not_picked":["Slice","Dodge and Roll"],"picked":"Intimidate+1","floor":35},{"not_picked":["Panache","Flash of Steel"],"picked":"Dark Shackles","floor":37},{"not_picked":["Flying Knee","Rampage"],"picked":"Beam Cell+1","floor":38},{"not_picked":["Sword Boomerang","Warcry"],"picked":"Prepared+1","floor":41},{"not_picked":["Perfected Strike","Deflect","Bane"],"picked":"SKIP","floor":42},{"not_picked":["Static Discharge","Perfected Strike+1"],"picked":"Biased Cognition","floor":46},{"not_picked":["Carnage","Escape Plan"],"picked":"Compile Driver+1","floor":48},{"not_picked":["Shockwave+1","Poisoned Stab+1"],"picked":"Backflip","floor":54}],"player_experience":723895,"relics_obtained":[{"floor":6.0,"key":"Pen Nib"},{"floor":8.0,"key":"Orichalcum"},{"floor":9.0,"key":"Vajra"},{"floor":25,"key":"Necronomicon"},{"floor":26,"key":"MawBank"},{"floor":26,"key":"Art of War"},{"floor":30,"key":"Pear"},{"floor":38,"key":"StoneCalendar"},{"floor":39,"key":"War Paint"},{"floor":39,"key":"Gremlin Horn"},{"floor":41,"key":"Darkstone Periapt"},{"floor":46,"key":"Whetstone"},{"floor":48,"key":"Blood Vial"},{"floor":54,"key":"Strawberry"}],"event_choices":[{"damage_healed":0.0,"max_hp_gain":0.0,"max_hp_loss":0.0,"gold_gain":0.0,"event_name":"The Cleric","player_choice":"Leave","floor":4.0,"gold_loss":0.0,"damage_taken":0.0},{"cards_removed":["Clumsy"],"damage_healed":0,"gold_gain":0,"player_choice":"Elegance","damage_taken":0,"max_hp_gain":0,"max_hp_loss":0,"event_name":"Back to Basics","floor":19,"gold_loss":0},{"damage_healed":0,"gold_gain":0,"player_choice":"Obtained Relic","damage_taken":0,"relics_obtained":["Matryoshka"],"max_hp_gain":0,"max_hp_loss":0,"event_name":"Addict","floor":20,"gold_loss":85},{"damage_healed":0,"gold_gain":0,"player_choice":"Obtained Book","damage_taken":21,"max_hp_gain":0,"max_hp_loss":0,"event_name":"Cursed Tome","floor":25,"gold_loss":0},{"damage_healed":0,"gold_gain":0,"player_choice":"Ignored","damage_taken":0,"max_hp_gain":0,"max_hp_loss":0,"event_name":"Beggar","floor":27,"gold_loss":0},{"cards_removed":["Self Repair"],"damage_healed":0,"gold_gain":0,"player_choice":"Removed Power","damage_taken":0,"max_hp_gain":0,"max_hp_loss":0,"event_name":"Falling","floor":36,"gold_loss":0},{"damage_healed":0,"gold_gain":0,"player_choice":"Memory 1","damage_taken":0,"max_hp_gain":0,"max_hp_loss":0,"event_name":"SensoryStone","floor":37,"gold_loss":0},{"damage_healed":0,"gold_gain":0,"player_choice":"Fight","damage_taken":0,"max_hp_gain":0,"max_hp_loss":0,"event_name":"Mysterious Sphere","floor":38,"gold_loss":0},{"damage_healed":0,"gold_gain":0,"player_choice":"Ignored","damage_taken":0,"max_hp_gain":0,"max_hp_loss":0,"event_name":"Tomb of Lord Red Mask","floor":45,"gold_loss":0}],"is_beta":false,"boss_relics":[{"not_picked":["Coffee Dripper","Orrery"],"picked":"Pandora\u0027s Box"},{"not_picked":["Sozu","Astrolabe"],"picked":"Nuclear Battery"}],"items_purged_floors":[],"is_endless":false,"potions_floor_spawned":[2,5,6,11,18,28,30,31,35,38,46],"killed_by":"The Heart","ascension_level":15}