{"gold_per_floor":[112,13,13,113,131,131,165,165,190,218,68,85,85,101,101,202,202,216,74,74,74,89,89,102,102,102,117,133,143,143],"floor_reached":30,"playtime":1331,"items_purged":["Writhe"],"score":300,"play_id":"7ada3958-047c-4e80-8f4f-0a696474fe22","local_time":"20190530184056","is_ascension_mode":true,"campfire_choices":[{"data":"Deadly Poison","floor":6.0,"key":"SMITH"},{"floor":8.0,"key":"REST"},{"floor":15.0,"key":"REST"},{"data":"Catalyst","floor":23.0,"key":"SMITH"},{"data":"Crippling Poison","floor":25.0,"key":"SMITH"}],"neow_cost":"CURSE","seed_source_timestamp":122192531143100,"circlet_count":0,"master_deck":["Defend_G","Defend_G+1","Defend_G","Defend_G","Defend_G","Strike_G","Strike_G","Strike_G+1","Strike_G","Survivor","Neutralize","Deadly Poison+1","Bane","Flying Knee","Backflip","PiercingWail","Bullet Time","Outmaneuver","Catalyst+1","After Image","Setup+1","Crippling Poison+1","Dash","Backstab","Footwork","Deadly Poison+1","Outmaneuver+1"],"special_seed":0,"relics":["Ring of the Snake","Matryoshka","Bag of Preparation","Omamori","Bag of Marbles","Black Star","Oddly Smooth Stone","Dodecahedron"],"potions_floor_usage":[],"damage_taken":[{"damage":12.0,"enemies":"Jaw Worm","floor":1.0,"turns":6.0},{"damage":0.0,"enemies":"Cultist","floor":5.0,"turns":4.0},{"damage":17.0,"enemies":"Lagavulin","floor":7.0,"turns":5.0},{"damage":21.0,"enemies":"3 Sentries","floor":10.0,"turns":10.0},{"damage":0.0,"enemies":"Small Slimes","floor":12.0,"turns":2.0},{"damage":0.0,"enemies":"Gremlin Gang","floor":14.0,"turns":4.0},{"damage":24.0,"enemies":"Hexaghost","floor":16.0,"turns":7.0},{"damage":5.0,"enemies":"Shell Parasite","floor":18.0,"turns":9.0},{"damage":13.0,"enemies":"Spheric Guardian","floor":22.0,"turns":4.0},{"damage":0.0,"enemies":"Snecko","floor":24.0,"turns":4.0},{"damage":0.0,"enemies":"Chosen and Byrds","floor":27.0,"turns":4.0},{"damage":15.0,"enemies":"Cultist and Chosen","floor":28.0,"turns":5.0},{"damage":20.0,"enemies":"Centurion and Healer","floor":29.0,"turns":8.0},{"damage":21,"enemies":"Snecko","floor":30,"turns":3}],"seed_played":"4969737610361187538","potions_obtained":[{"floor":5.0,"key":"GamblersBrew"},{"floor":10.0,"key":"Dexterity Potion"},{"floor":14.0,"key":"SteroidPotion"},{"floor":16.0,"key":"EssenceOfSteel"},{"floor":22.0,"key":"SteroidPotion"}],"is_trial":false,"path_per_floor":["M","$","?","?","M","R","E","R","T","E","$","M","?","M","R","B",null,"M","$","?","?","M","R","M","R","T","M","M","M","M"],"character_chosen":"THE_SILENT","items_purchased":["Bane","Bullet Time","Crippling Poison","Dash"],"campfire_rested":2,"item_purchase_floors":[2,11,19,19],"current_hp_per_floor":[72,72,55,55,55,55,38,63,63,42,42,42,35,35,60,36,72,67,67,67,67,54,54,54,54,54,54,39,19,0],"gold":143,"neow_bonus":"TWENTY_PERCENT_HP_BONUS","is_prod":false,"is_daily":false,"chose_seed":false,"campfire_upgraded":3,"win_rate":0,"timestamp":1559266856,"path_taken":["M","$","?","?","M","R","E","R","T","E","$","?","?","M","R","BOSS","M","$","?","?","M","R","M","R","T","M","M","M","M"],"build_version":"2019-01-23","purchased_purges":1,"victory":false,"max_hp_per_floor":[84,84,84,84,84,84,84,84,84,84,84,84,84,84,84,84,84,84,84,84,84,84,84,84,84,84,84,84,84,84],"card_choices":[{"not_picked":["Reflex","Heel Hook"],"picked":"Deadly Poison","floor":1.0},{"not_picked":["Dagger Throw","Terror"],"picked":"Flying Knee","floor":5.0},{"not_picked":["Deadly Poison","Acrobatics"],"picked":"Backflip","floor":7.0},{"not_picked":["Escape Plan","Predator"],"picked":"PiercingWail","floor":10.0},{"not_picked":["Terror","Sucker Punch"],"picked":"Outmaneuver","floor":12.0},{"not_picked":["Dodge and Roll","Bane"],"picked":"Catalyst","floor":14.0},{"not_picked":["Phantasmal Killer","Night Terror"],"picked":"After Image","floor":16.0},{"not_picked":["Deflect","Expertise"],"picked":"Setup+1","floor":18.0},{"not_picked":["Cloak And Dagger","Acrobatics"],"picked":"Backstab","floor":22.0},{"not_picked":["Riddle With Holes","Cloak And Dagger"],"picked":"Footwork","floor":24.0},{"not_picked":["Slice","Flying Knee"],"picked":"Deadly Poison+1","floor":27.0},{"not_picked":["Unload","Dagger Throw","Distraction"],"picked":"SKIP","floor":28.0},{"not_picked":["Dagger Throw","Blade Dance"],"picked":"Outmaneuver+1","floor":29.0}],"player_experience":154118,"relics_obtained":[{"floor":7.0,"key":"Matryoshka"},{"floor":9.0,"key":"Bag of Preparation"},{"floor":9.0,"key":"Omamori"},{"floor":10.0,"key":"Bag of Marbles"},{"floor":26.0,"key":"Oddly Smooth Stone"},{"floor":26.0,"key":"Dodecahedron"}],"event_choices":[{"damage_healed":0.0,"max_hp_gain":0.0,"max_hp_loss":0.0,"gold_gain":0.0,"event_name":"Shining Light","player_choice":"Entered Light","floor":3.0,"gold_loss":0.0,"damage_taken":17.0,"cards_upgraded":["Defend_G","Strike_G"]},{"damage_healed":0.0,"max_hp_gain":0.0,"max_hp_loss":0.0,"gold_gain":100.0,"event_name":"Golden Shrine","player_choice":"Pray","floor":4.0,"gold_loss":0.0,"damage_taken":0.0},{"cards_removed":["Strike_G"],"damage_healed":0.0,"max_hp_gain":0.0,"max_hp_loss":0.0,"gold_gain":0.0,"event_name":"Golden Wing","player_choice":"Card Removal","floor":13.0,"gold_loss":0.0,"damage_taken":7.0},{"damage_healed":0.0,"max_hp_gain":0.0,"max_hp_loss":0.0,"gold_gain":0.0,"event_name":"Beggar","player_choice":"Ignored","floor":20.0,"gold_loss":0.0,"damage_taken":0.0},{"damage_healed":0.0,"max_hp_gain":0.0,"max_hp_loss":0.0,"gold_gain":0.0,"event_name":"Cursed Tome","player_choice":"Ignored","floor":21.0,"gold_loss":0.0,"damage_taken":0.0}],"is_beta":false,"boss_relics":[{"not_picked":["Snecko Eye","Fusion Hammer"],"picked":"Black Star"}],"items_purged_floors":[2],"is_endless":false,"potions_floor_spawned":[5,10,14,16,22],"killed_by":"Snecko","ascension_level":5}