{"gold_per_floor":[109,109,121,39,51,51,86,86,86,86,101,101,155,155,155,260,560,575,589,589],"floor_reached":20,"playtime":559,"items_purged":[],"score":275,"play_id":"d6fa1056-cbea-42d5-b820-50d17f991213","local_time":"20190606064932","is_ascension_mode":true,"campfire_choices":[{"data":"Noxious Fumes","floor":6.0,"key":"SMITH"},{"floor":10.0,"key":"REST"},{"data":"1","floor":12.0,"key":"LIFT"},{"floor":15.0,"key":"REST"}],"neow_cost":"NONE","seed_source_timestamp":179762158598600,"circlet_count":0,"master_deck":["AscendersBane","Defend_G","Defend_G","Defend_G","Defend_G","Defend_G","Strike_G","Strike_G","Strike_G","Strike_G","Strike_G","Survivor","Neutralize","Blur","After Image","Noxious Fumes+1","Terror+1","Predator","Poisoned Stab","Corpse Explosion+1","Clumsy","Pain","Parasite","Outmaneuver+1","Bouncing Flask+1"],"special_seed":0,"relics":["Ring of the Snake","NeowsBlessing","Girya","Toxic Egg 2","CultistMask","Calling Bell","Old Coin","Gremlin Horn","Vajra"],"potions_floor_usage":[],"damage_taken":[{"damage":0.0,"enemies":"2 Louse","floor":1.0,"turns":1.0},{"damage":0.0,"enemies":"Cultist","floor":3.0,"turns":1.0},{"damage":0.0,"enemies":"Jaw Worm","floor":5.0,"turns":1.0},{"damage":48.0,"enemies":"Gremlin Nob","floor":7.0,"turns":7.0},{"damage":4.0,"enemies":"2 Fungi Beasts","floor":11.0,"turns":4.0},{"damage":34.0,"enemies":"Hexaghost","floor":16.0,"turns":11.0},{"damage":46.0,"enemies":"Shell Parasite","floor":18.0,"turns":6.0},{"damage":8,"enemies":"3 Byrds","floor":19,"turns":2},{"damage":3,"enemies":"Sentry and Sphere","floor":20,"turns":2}],"seed_played":"1509168651926325933","potions_obtained":[{"floor":3.0,"key":"EssenceOfSteel"},{"floor":11.0,"key":"Weak Potion"}],"is_trial":false,"path_per_floor":["M","?","M","$","M","R","E","?","T","R","M","R","?","?","R","B",null,"M","M","M"],"character_chosen":"THE_SILENT","items_purchased":["Noxious Fumes"],"campfire_rested":2,"item_purchase_floors":[4],"current_hp_per_floor":[63,63,63,63,63,63,15,15,15,36,32,32,32,32,53,19,57,11,3,0],"gold":589,"neow_bonus":"THREE_ENEMY_KILL","is_prod":false,"is_daily":false,"chose_seed":false,"campfire_upgraded":1,"win_rate":0,"timestamp":1559828972,"path_taken":["M","?","M","$","?","R","E","?","T","R","M","R","?","?","R","BOSS","M","M","M"],"build_version":"2019-01-23","purchased_purges":0,"victory":false,"max_hp_per_floor":[70,70,70,70,70,70,70,70,70,70,70,70,70,70,70,70,70,70,70,70],"card_choices":[{"not_picked":["Dagger Throw","Quick Slash"],"picked":"Blur","floor":1.0},{"not_picked":["Concentrate","Blade Dance","Expertise"],"picked":"SKIP","floor":3.0},{"not_picked":["Choke","Eviscerate"],"picked":"Terror","floor":5.0},{"not_picked":["Blade Dance","Malaise"],"picked":"Predator","floor":7.0},{"not_picked":["Underhanded Strike","Quick Slash"],"picked":"Poisoned Stab","floor":11.0},{"not_picked":["Tools of the Trade","Night Terror+1"],"picked":"Corpse Explosion+1","floor":16.0},{"not_picked":["Flying Knee","Underhanded Strike"],"picked":"Outmaneuver+1","floor":18.0},{"not_picked":["Deflect+1","Flying Knee"],"picked":"Bouncing Flask+1","floor":19}],"player_experience":339985,"relics_obtained":[{"floor":7.0,"key":"Girya"},{"floor":9.0,"key":"Toxic Egg 2"},{"floor":17.0,"key":"Old Coin"},{"floor":17.0,"key":"Gremlin Horn"},{"floor":17.0,"key":"Vajra"}],"event_choices":[{"damage_healed":0.0,"max_hp_gain":0.0,"max_hp_loss":0.0,"gold_gain":0.0,"event_name":"Match and Keep!","player_choice":"1 cards matched","floor":2.0,"gold_loss":0.0,"damage_taken":0.0,"cards_obtained":["After Image"]},{"damage_healed":0.0,"max_hp_gain":0.0,"max_hp_loss":0.0,"gold_gain":0.0,"event_name":"Living Wall","player_choice":"Grow","floor":8.0,"gold_loss":0.0,"damage_taken":0.0,"cards_upgraded":["Terror"]},{"damage_healed":0.0,"max_hp_gain":0.0,"max_hp_loss":0.0,"gold_gain":54.0,"event_name":"Golden Wing","player_choice":"Gained Gold","floor":13.0,"gold_loss":0.0,"damage_taken":0.0},{"damage_healed":0.0,"max_hp_gain":0.0,"max_hp_loss":0.0,"gold_gain":0.0,"event_name":"FaceTrader","player_choice":"Trade","floor":14.0,"gold_loss":0.0,"damage_taken":0.0,"relics_obtained":["CultistMask"]}],"is_beta":false,"boss_relics":[{"not_picked":["Busted Crown","Tiny House"],"picked":"Calling Bell"}],"items_purged_floors":[],"is_endless":false,"potions_floor_spawned":[3,11],"killed_by":"Sentry and Sphere","ascension_level":12}