{"gold_per_floor":[114,126,137,154,20,20,52,52,107,107,107,124,124,89,89,192,192,206,206,121,166,184,184,198,198,244,258,12,27,44,44,44,149,149,168,168,183,193,193,193,193,193,273,35,51,51,69,69,69,69],"floor_reached":50,"playtime":3225,"items_purged":[],"score":580,"play_id":"f2fc8480-d9d4-4911-a134-3928ad6bcf95","local_time":"20190530203004","is_ascension_mode":true,"campfire_choices":[{"data":"Infinite Blades","floor":6.0,"key":"SMITH"},{"data":"Skewer","floor":8.0,"key":"SMITH"},{"data":"Survivor","floor":10.0,"key":"SMITH"},{"floor":15.0,"key":"REST"},{"data":"Accuracy","floor":23.0,"key":"SMITH"},{"floor":25.0,"key":"REST"},{"floor":32.0,"key":"REST"},{"data":"Storm of Steel","floor":40.0,"key":"SMITH"},{"data":"Backflip","floor":42.0,"key":"SMITH"},{"floor":46.0,"key":"REST"},{"floor":49.0,"key":"REST"}],"neow_cost":"CURSE","seed_source_timestamp":125914883346500,"circlet_count":0,"master_deck":["Defend_G","Defend_G","Defend_G","Strike_G","Strike_G","Survivor+1","Neutralize","Infinite Blades+1","Skewer+1","Outmaneuver","Cloak And Dagger","Sucker Punch","Poisoned Stab","Backflip+1","Dagger Spray","PiercingWail","Flying Knee","After Image","Accuracy+1","Dodge and Roll+1","Finisher+1","Blade Dance+1","Escape Plan","Dodge and Roll+1","Storm of Steel+1","Concentrate+1","Bullet Time+1","Burst+1","Backstab","Deep Breath","Quick Slash+1","Expertise+1","Footwork","Deadly Poison+1","Cloak And Dagger+1"],"special_seed":0,"relics":["Ring of the Snake","Blue Candle","Pen Nib","Torii","WristBlade","Strawberry","Regal Pillow","PreservedInsect","Ornamental Fan","MutagenicStrength","Astrolabe","Molten Egg 2","Strange Spoon"],"potions_floor_usage":[],"damage_taken":[{"damage":0.0,"enemies":"Cultist","floor":1.0,"turns":4.0},{"damage":0.0,"enemies":"Jaw Worm","floor":2.0,"turns":3.0},{"damage":9.0,"enemies":"2 Louse","floor":3.0,"turns":3.0},{"damage":6.0,"enemies":"2 Fungi Beasts","floor":4.0,"turns":3.0},{"damage":32.0,"enemies":"Gremlin Nob","floor":7.0,"turns":5.0},{"damage":11.0,"enemies":"Looter","floor":12.0,"turns":3.0},{"damage":22.0,"enemies":"The Guardian","floor":16.0,"turns":14.0},{"damage":7.0,"enemies":"Chosen","floor":18.0,"turns":4.0},{"damage":10.0,"enemies":"Spheric Guardian","floor":22.0,"turns":4.0},{"damage":18.0,"enemies":"3 Cultists","floor":24.0,"turns":6.0},{"damage":28.0,"enemies":"Shelled Parasite and Fungi","floor":27.0,"turns":6.0},{"damage":23.0,"enemies":"Centurion and Healer","floor":29.0,"turns":5.0},{"damage":7.0,"enemies":"Snake Plant","floor":30.0,"turns":3.0},{"damage":18.0,"enemies":"Collector","floor":33.0,"turns":12.0},{"damage":2.0,"enemies":"3 Darklings","floor":35.0,"turns":4.0},{"damage":2.0,"enemies":"3 Shapes","floor":37.0,"turns":7.0},{"damage":17.0,"enemies":"3 Darklings","floor":38.0,"turns":5.0},{"damage":0.0,"enemies":"Writhing Mass","floor":41.0,"turns":1.0},{"damage":18.0,"enemies":"4 Shapes","floor":45.0,"turns":9.0},{"damage":41.0,"enemies":"3 Darklings","floor":47.0,"turns":7.0},{"damage":68,"enemies":"Awakened One","floor":50,"turns":12}],"seed_played":"4947927102774530276","potions_obtained":[{"floor":2.0,"key":"SteroidPotion"},{"floor":7.0,"key":"SpeedPotion"},{"floor":12.0,"key":"LiquidBronze"},{"floor":22.0,"key":"Strength Potion"},{"floor":24.0,"key":"Weak Potion"},{"floor":27.0,"key":"SmokeBomb"}],"is_trial":false,"path_per_floor":["M","M","M","M","$","R","E","R","T","R","T","M","?","?","R","B",null,"M","?","?","T","M","R","M","R","T","M","$","M","M","?","R","B",null,"M","?","M","M","?","R","M","R","T","$","M","R","M","?","R","B"],"character_chosen":"THE_SILENT","items_purchased":["Infinite Blades","Backflip","Dagger Spray","Ornamental Fan","Strange Spoon","Footwork"],"campfire_rested":5,"item_purchase_floors":[5,5,5,28,44,44],"current_hp_per_floor":[70,70,61,55,55,55,23,23,23,23,23,12,12,29,50,28,60,53,53,60,60,50,50,32,70,70,42,42,19,12,12,50,32,66,64,64,62,45,45,45,45,45,45,45,27,65,24,24,62,0],"gold":69,"neow_bonus":"TRANSFORM_TWO_CARDS","is_prod":false,"is_daily":false,"chose_seed":false,"campfire_upgraded":6,"win_rate":0,"timestamp":1559273404,"path_taken":["M","M","M","M","$","R","E","R","T","R","?","?","?","?","R","BOSS","M","?","?","?","M","R","M","R","T","M","$","M","M","?","R","BOSS","M","?","M","M","?","R","M","R","T","$","M","R","M","?","R","BOSS"],"build_version":"2019-01-23","purchased_purges":0,"victory":false,"max_hp_per_floor":[70,70,70,70,70,70,70,70,70,70,70,70,70,70,70,70,70,70,70,77,77,77,77,77,77,77,77,77,77,77,77,77,77,77,77,77,77,77,77,77,77,77,77,77,77,77,77,77,77,77],"card_choices":[{"not_picked":["Quick Slash","Flying Knee"],"picked":"Outmaneuver","floor":1.0},{"not_picked":["Underhanded Strike","Flying Knee"],"picked":"Cloak And Dagger","floor":2.0},{"not_picked":["Expertise","Masterful Stab"],"picked":"Sucker Punch","floor":3.0},{"not_picked":["Prepared","Backflip"],"picked":"Poisoned Stab","floor":4.0},{"not_picked":["Quick Slash","Terror"],"picked":"PiercingWail","floor":7.0},{"not_picked":["Dagger Spray","Underhanded Strike"],"picked":"Flying Knee","floor":12.0},{"not_picked":["Venomology","Glass Knife"],"picked":"After Image","floor":16.0},{"not_picked":["Quick Slash+1","Flying Knee"],"picked":"Accuracy","floor":18.0},{"not_picked":["Tactician","Quick Slash+1"],"picked":"Dodge and Roll+1","floor":22.0},{"not_picked":["Outmaneuver","Dash"],"picked":"Finisher+1","floor":24.0},{"not_picked":["Tactician","Expertise"],"picked":"Blade Dance+1","floor":27.0},{"not_picked":["Flying Knee","Dodge and Roll"],"picked":"Escape Plan","floor":29.0},{"not_picked":["Dagger Throw","Dash"],"picked":"Dodge and Roll+1","floor":30.0},{"not_picked":["Unload","Die Die Die"],"picked":"Storm of Steel","floor":33.0},{"not_picked":["Endless Agony","All Out Attack"],"picked":"Backstab","floor":35.0},{"not_picked":["Blind","Bandage Up"],"picked":"Deep Breath","floor":36.0},{"not_picked":["Noxious Fumes","Flying Knee+1"],"picked":"Quick Slash+1","floor":37.0},{"not_picked":["Quick Slash","Noxious Fumes+1"],"picked":"Expertise+1","floor":38.0},{"not_picked":["Reflex","Bane+1"],"picked":"Deadly Poison+1","floor":45.0},{"not_picked":["Dagger Spray+1","Deadly Poison"],"picked":"Cloak And Dagger+1","floor":47.0}],"player_experience":156622,"relics_obtained":[{"floor":7.0,"key":"Blue Candle"},{"floor":9.0,"key":"Pen Nib"},{"floor":11.0,"key":"Torii"},{"floor":21.0,"key":"Regal Pillow"},{"floor":26.0,"key":"PreservedInsect"},{"floor":43.0,"key":"Molten Egg 2"}],"event_choices":[{"cards_removed":["Injury"],"damage_healed":0.0,"max_hp_gain":0.0,"max_hp_loss":0.0,"gold_gain":0.0,"event_name":"Living Wall","player_choice":"Forget","floor":13.0,"gold_loss":0.0,"damage_taken":0.0},{"damage_healed":17.0,"max_hp_gain":0.0,"max_hp_loss":0.0,"gold_gain":0.0,"event_name":"The Cleric","player_choice":"Healed","floor":14.0,"gold_loss":35.0,"damage_taken":0.0},{"damage_healed":0.0,"max_hp_gain":0.0,"max_hp_loss":0.0,"gold_gain":0.0,"event_name":"Ghosts","player_choice":"Ignored","floor":19.0,"gold_loss":0.0,"damage_taken":0.0},{"damage_healed":0.0,"max_hp_gain":0.0,"max_hp_loss":0.0,"gold_gain":0.0,"event_name":"Addict","player_choice":"Obtained Relic","floor":20.0,"gold_loss":85.0,"damage_taken":0.0,"relics_obtained":["Strawberry"]},{"damage_healed":0.0,"max_hp_gain":0.0,"max_hp_loss":0.0,"gold_gain":0.0,"event_name":"Drug Dealer","player_choice":"Inject Mutagens","floor":31.0,"gold_loss":0.0,"damage_taken":0.0,"relics_obtained":["MutagenicStrength"]},{"damage_healed":0.0,"max_hp_gain":0.0,"max_hp_loss":0.0,"gold_gain":0.0,"event_name":"SensoryStone","player_choice":"Memory 1","floor":36.0,"gold_loss":0.0,"damage_taken":0.0},{"cards_removed":["Strike_G"],"damage_healed":0.0,"max_hp_gain":0.0,"max_hp_loss":0.0,"gold_gain":0.0,"event_name":"Falling","player_choice":"Removed Attack","floor":39.0,"gold_loss":0.0,"damage_taken":0.0},{"damage_healed":0.0,"max_hp_gain":0.0,"max_hp_loss":0.0,"gold_gain":0.0,"event_name":"Mysterious Sphere","player_choice":"Ignored","floor":48.0,"gold_loss":0.0,"damage_taken":0.0}],"is_beta":false,"boss_relics":[{"not_picked":["Empty Cage","Cursed Key"],"picked":"WristBlade"},{"not_picked":["Runic Dome","Busted Crown"],"picked":"Astrolabe"}],"items_purged_floors":[],"is_endless":false,"potions_floor_spawned":[2,7,12,22,24,27,41],"killed_by":"Awakened One","ascension_level":5}