{"gold_per_floor":[218,218,234,35,35,35,63,63,63,76,91,102,158,171,171,275,275,275,200,200,140,140,140,140,140,140,140,140,140,140],"floor_reached":30,"playtime":4222,"items_purged":["Defend_G"],"score":234,"play_id":"da4746bf-1034-4b08-9986-f0cc58ebb62f","local_time":"20181018090732","is_ascension_mode":false,"campfire_choices":[{"floor":6,"key":"REST"},{"data":"Leg Sweep","floor":8,"key":"SMITH"},{"floor":15,"key":"REST"},{"floor":23,"key":"REST"},{"floor":25,"key":"REST"},{"floor":28,"key":"REST"}],"neow_cost":"NONE","seed_source_timestamp":4609428777893,"circlet_count":0,"master_deck":["Defend_G","Defend_G+1","Defend_G+1","Strike_G","Strike_G","Strike_G","Strike_G","Survivor","Neutralize","Well Laid Plans","Leg Sweep+1","Noxious Fumes","Bane","Flying Knee","Quick Slash","Blade Dance","Phantasmal Killer","Acrobatics","Tools of the Trade","Underhanded Strike+1","Finisher+1","Expertise"],"relics":["Ring of the Snake","Darkstone Periapt","Pantograph","Kunai","Ectoplasm","Nilry\u0027s Codex","Bottled Lightning"],"potions_floor_usage":[13,13,21,22,24,30,30],"damage_taken":[{"damage":3,"enemies":"Jaw Worm","floor":1,"turns":8},{"damage":4,"enemies":"2 Louse","floor":3,"turns":4},{"damage":8,"enemies":"Lagavulin","floor":7,"turns":8},{"damage":0,"enemies":"Small Slimes","floor":10,"turns":3},{"damage":0,"enemies":"2 Fungi Beasts","floor":11,"turns":3},{"damage":10,"enemies":"Looter","floor":12,"turns":3},{"damage":3,"enemies":"Gremlin Nob","floor":13,"turns":5},{"damage":0,"enemies":"3 Louse","floor":14,"turns":6},{"damage":38,"enemies":"Hexaghost","floor":16,"turns":10},{"damage":1,"enemies":"Shell Parasite","floor":18,"turns":6},{"damage":6,"enemies":"2 Thieves","floor":21,"turns":4},{"damage":10,"enemies":"Centurion and Healer","floor":22,"turns":5},{"damage":25,"enemies":"Snecko","floor":24,"turns":7},{"damage":33,"enemies":"Shelled Parasite and Fungi","floor":27,"turns":7},{"damage":12,"enemies":"Snake Plant","floor":29,"turns":5},{"damage":36,"enemies":"3 Cultists","floor":30,"turns":4}],"seed_played":"2485539162917916392","potions_obtained":[{"floor":1,"key":"Energy Potion"},{"floor":10,"key":"Ancient Potion"},{"floor":13,"key":"Dexterity Potion"},{"floor":16,"key":"SkillPotion"},{"floor":22,"key":"SkillPotion"},{"floor":27,"key":"SpeedPotion"},{"floor":29,"key":"PowerPotion"}],"is_trial":false,"path_per_floor":["M","?","M","$","?","R","E","R","T","M","M","M","?","M","R","B",null,"M","?","?","M","M","R","M","R","T","M","R","M"],"character_chosen":"THE_SILENT","items_purchased":["Noxious Fumes","Bane"],"campfire_rested":5,"item_purchase_floors":[4,4],"current_hp_per_floor":[67,60,56,56,42,63,55,55,55,55,55,45,42,42,63,32,70,69,69,53,47,37,58,33,54,54,21,42,30,0],"gold":140,"neow_bonus":"HUNDRED_GOLD","is_prod":false,"is_daily":false,"chose_seed":false,"campfire_upgraded":1,"win_rate":0.0,"timestamp":1539846452,"path_taken":["M","?","M","$","?","R","E","R","T","M","M","M","?","M","R","BOSS","M","?","?","?","M","R","M","R","T","M","R","M","M"],"build_version":"2018-10-11","purchased_purges":1,"victory":false,"max_hp_per_floor":[70,70,70,70,70,70,70,70,70,70,70,70,70,70,70,70,70,70,70,70,70,70,70,70,70,70,70,70,70,70],"card_choices":[{"not_picked":["Deadly Poison","Slice"],"picked":"Well Laid Plans","floor":1},{"not_picked":["Deadly Poison","Dodge and Roll"],"picked":"Leg Sweep","floor":3},{"not_picked":["Masterful Stab","Deflect"],"picked":"Flying Knee","floor":7},{"not_picked":["Flying Knee","Prepared"],"picked":"Quick Slash","floor":10},{"not_picked":["Quick Slash","Choke"],"picked":"Blade Dance","floor":11},{"not_picked":["Dagger Spray","Expertise"],"picked":"Phantasmal Killer","floor":12},{"not_picked":["Dagger Throw","Riddle With Holes"],"picked":"Acrobatics","floor":13},{"not_picked":["Flechettes","Bane","Acrobatics"],"picked":"SKIP","floor":14},{"not_picked":["Venomology","Wraith Form v2"],"picked":"Tools of the Trade","floor":16},{"not_picked":["Dodge and Roll","Backflip+1"],"picked":"Underhanded Strike+1","floor":18},{"not_picked":["Dagger Throw","Dagger Spray","PiercingWail"],"picked":"SKIP","floor":21},{"not_picked":["Dodge and Roll","PiercingWail","Glass Knife"],"picked":"SKIP","floor":22},{"not_picked":["Footwork","Prepared","Outmaneuver"],"picked":"SKIP","floor":24},{"not_picked":["Predator+1","Bane+1"],"picked":"Finisher+1","floor":27},{"not_picked":["Dash","Dagger Spray"],"picked":"Expertise","floor":29}],"player_experience":39662,"relics_obtained":[{"floor":7,"key":"Darkstone Periapt"},{"floor":9,"key":"Pantograph"},{"floor":13,"key":"Kunai"},{"floor":20,"key":"Nilry\u0027s Codex"},{"floor":26,"key":"Bottled Lightning"}],"event_choices":[{"event_name":"Golden Wing","player_choice":"Card Removal","floor":2,"damage_taken":0},{"event_name":"Shining Light","player_choice":"Entered Light","floor":5,"damage_taken":0},{"event_name":"Dead Adventurer","player_choice":"Searched \u00272\u0027 times","floor":13,"damage_taken":0},{"event_name":"Beggar","player_choice":"Gave Gold","floor":19,"damage_taken":0},{"event_name":"Cursed Tome","player_choice":"Obtained Book","floor":20,"damage_taken":0}],"is_beta":false,"boss_relics":[{"not_picked":["White Beast Statue","Empty Cage"],"picked":"Ectoplasm"}],"items_purged_floors":[4],"is_endless":false,"potions_floor_spawned":[1,10,13,16,22,27,29],"killed_by":"3 Cultists","ascension_level":0}