{"gold_per_floor":[359,359,375,395,54,54,82,82,82,114,114,142,242,258,258,357,357,372,299,299,399,418,418,418,444,471,496,511,48,73,85,85,180,180,199,219,219,0,18,47,47,72,72,72,72,72,98,117,117,117,117,117,46,79,79],"floor_reached":56,"playtime":22144,"items_purged":["Strike_G","Pain"],"score":1801,"play_id":"c37a63de-4f60-4ff4-87ed-28d3e4318f4e","local_time":"20190414172556","is_ascension_mode":true,"campfire_choices":[{"data":"Predator","floor":6.0,"key":"SMITH"},{"data":"Poisoned Stab","floor":8.0,"key":"SMITH"},{"data":"Poisoned Stab","floor":11.0,"key":"SMITH"},{"data":"Dagger Spray","floor":15.0,"key":"SMITH"},{"data":"Catalyst","floor":23.0,"key":"SMITH"},{"floor":32.0,"key":"REST"},{"data":"Catalyst","floor":44,"key":"SMITH"},{"floor":46,"key":"RECALL"},{"data":"Bullet Time","floor":49,"key":"SMITH"},{"data":"Dash","floor":52,"key":"SMITH"}],"neow_cost":"CURSE","seed_source_timestamp":0,"circlet_count":0,"master_deck":["Defend_G+1","Defend_G","Defend_G+1","Defend_G","Defend_G","Strike_G","Strike_G+1","Strike_G","Survivor","Neutralize","Clumsy","Dagger Spray+1","Poisoned Stab+1","Predator+1","Catalyst+1","Catalyst+1","Poisoned Stab+1","Flying Knee+1","Bullet Time+1","Crippling Poison","Deadly Poison+1","PiercingWail","Well Laid Plans","Dash+1","Doppelganger+1","Clumsy","Pain","Skewer+1","Crippling Poison+1","Writhe","Catalyst+1","Poisoned Stab+1","Bullet Time+1","Dash+1","Backflip+1","Riddle With Holes+1"],"special_seed":0,"relics":["Ring of the Snake","Orichalcum","Thread and Needle","FossilizedHelix","Calipers","Boot","Velvet Choker","Du-Vu Doll","Gremlin Horn","Enchiridion","Sundial","Dodecahedron","Strange Spoon","Bag of Marbles","Toxic Egg 2","Calling Bell","Bag of Preparation","Mummified Hand","Turnip","Molten Egg 2","Snake Skull","Whetstone","War Paint","Anchor","Incense Burner"],"potions_floor_usage":[55],"damage_taken":[{"damage":4.0,"enemies":"Jaw Worm","floor":1.0,"turns":6.0},{"damage":0.0,"enemies":"Cultist","floor":3.0,"turns":3.0},{"damage":1.0,"enemies":"2 Louse","floor":4.0,"turns":3.0},{"damage":4.0,"enemies":"3 Sentries","floor":7.0,"turns":6.0},{"damage":0.0,"enemies":"Gremlin Nob","floor":10.0,"turns":3.0},{"damage":3.0,"enemies":"Lagavulin","floor":12.0,"turns":4.0},{"damage":0.0,"enemies":"Red Slaver","floor":14.0,"turns":2.0},{"damage":10.0,"enemies":"Hexaghost","floor":16.0,"turns":7.0},{"damage":0.0,"enemies":"Chosen","floor":18.0,"turns":4.0},{"damage":0.0,"enemies":"Colosseum Slavers","floor":21.0,"turns":3.0},{"damage":0.0,"enemies":"Colosseum Nobs","floor":21.0,"turns":4.0},{"damage":0.0,"enemies":"3 Byrds","floor":22.0,"turns":2.0},{"damage":0.0,"enemies":"Book of Stabbing","floor":25.0,"turns":3.0},{"damage":0.0,"enemies":"Slavers","floor":27.0,"turns":4.0},{"damage":0.0,"enemies":"Snecko","floor":28.0,"turns":3.0},{"damage":6.0,"enemies":"Book of Stabbing","floor":30.0,"turns":3.0},{"damage":0.0,"enemies":"Cultist and Chosen","floor":31.0,"turns":3.0},{"damage":0.0,"enemies":"Collector","floor":33.0,"turns":5.0},{"damage":17.0,"enemies":"3 Darklings","floor":35.0,"turns":3.0},{"damage":0.0,"enemies":"Orb Walker","floor":36.0,"turns":2.0},{"damage":1,"enemies":"3 Darklings","floor":39,"turns":2},{"damage":0,"enemies":"Giant Head","floor":40,"turns":6},{"damage":3,"enemies":"Reptomancer","floor":42,"turns":4},{"damage":5,"enemies":"Nemesis","floor":47,"turns":3},{"damage":0,"enemies":"Jaw Worm Horde","floor":48,"turns":1},{"damage":43,"enemies":"Awakened One","floor":50,"turns":10},{"damage":3,"enemies":"Shield and Spear","floor":54,"turns":4},{"damage":16,"enemies":"The Heart","floor":55,"turns":5}],"seed_played":"-3744225663831496191","potions_obtained":[{"floor":4.0,"key":"Fire Potion"},{"floor":7.0,"key":"Strength Potion"},{"floor":10.0,"key":"Weak Potion"},{"floor":12.0,"key":"Block Potion"},{"floor":16.0,"key":"GamblersBrew"},{"floor":25.0,"key":"Strength Potion"},{"floor":28.0,"key":"Swift Potion"},{"floor":35.0,"key":"SmokeBomb"},{"floor":48,"key":"FearPotion"},{"floor":54,"key":"Weak Potion"}],"is_trial":false,"path_per_floor":["M","?","M","M","$","R","E","R","T","E","R","E","?","M","R","B",null,"M","$","?","?","M","R","?","E","T","E","M","$","E","M","R","B",null,"M","M","?","$","M","E","?","E","T","R","?","R","E","M","R","B",null,"R","$","E","B",null],"character_chosen":"THE_SILENT","items_purchased":["Catalyst","Orichalcum","Strength Potion","Crippling Poison","Well Laid Plans","Strange Spoon","Bag of Marbles","Dash","Catalyst+1","PowerPotion","GhostInAJar"],"campfire_rested":1,"item_purchase_floors":[5,5,5,19,29,29,29,29,38,38,53],"current_hp_per_floor":[66,66,66,65,65,65,61,61,61,61,61,58,58,58,58,48,70,70,70,70,70,70,70,54,54,54,54,54,54,48,48,69,69,70,53,53,70,70,69,69,69,66,66,66,66,66,61,61,61,18,70,70,70,67,51],"gold":79,"neow_bonus":"TWO_FIFTY_GOLD","is_prod":false,"is_daily":false,"chose_seed":false,"campfire_upgraded":8,"win_rate":0,"timestamp":1555255556,"path_taken":["M","?","M","?","$","R","E","R","T","E","R","E","?","M","R","BOSS","M","$","?","?","M","R","?","E","T","E","M","$","E","M","R","BOSS","M","M","?","$","M","E","?","E","T","R","?","R","E","M","R","BOSS","R","$","E","BOSS"],"build_version":"2019-01-23","purchased_purges":2,"victory":true,"max_hp_per_floor":[70,70,70,70,70,70,70,70,70,70,70,70,70,70,70,70,70,70,70,70,70,70,70,70,70,70,70,70,70,70,70,70,70,70,70,70,70,70,70,70,70,70,70,70,70,70,70,70,70,70,70,70,70,70,70],"card_choices":[{"not_picked":["Concentrate","Deflect"],"picked":"Dagger Spray","floor":1.0},{"not_picked":["Prepared","Choke"],"picked":"Poisoned Stab","floor":3.0},{"not_picked":["Cloak And Dagger","Endless Agony"],"picked":"Predator","floor":4.0},{"not_picked":["Setup","Blur"],"picked":"Catalyst","floor":7.0},{"not_picked":["Flying Knee","Deflect"],"picked":"Poisoned Stab","floor":10.0},{"not_picked":["Cloak And Dagger","Eviscerate"],"picked":"Flying Knee","floor":12.0},{"not_picked":["Choke","Prepared","Reflex"],"picked":"SKIP","floor":14.0},{"not_picked":["Glass Knife","Tools of the Trade"],"picked":"Bullet Time","floor":16.0},{"not_picked":["Infinite Blades","Cloak And Dagger","All Out Attack"],"picked":"SKIP","floor":18.0},{"not_picked":["Underhanded Strike","Dagger Throw+1"],"picked":"Predator+1","floor":21.0},{"not_picked":["Sucker Punch+1","Quick Slash"],"picked":"Deadly Poison+1","floor":22.0},{"not_picked":["Setup+1","Choke","Blade Dance"],"picked":"SKIP","floor":25.0},{"not_picked":["Infinite Blades","Flying Knee+1"],"picked":"PiercingWail","floor":27.0},{"not_picked":["Quick Slash","Bouncing Flask","PiercingWail"],"picked":"SKIP","floor":28.0},{"not_picked":["Quick Slash","Bouncing Flask","PiercingWail"],"picked":"SKIP","floor":28.0},{"not_picked":["Calculated Gamble","Quick Slash+1","Cloak And Dagger"],"picked":"SKIP","floor":30.0},{"not_picked":["All Out Attack","Dagger Spray+1","Choke+1"],"picked":"SKIP","floor":31.0},{"not_picked":["All Out Attack","Dagger Spray+1","Choke+1"],"picked":"SKIP","floor":31.0},{"not_picked":["Storm of Steel+1","Tools of the Trade"],"picked":"Doppelganger+1","floor":33.0},{"not_picked":["Poisoned Stab","Endless Agony"],"picked":"Skewer+1","floor":35.0},{"not_picked":["Quick Slash+1","Accuracy+1"],"picked":"Crippling Poison+1","floor":36.0},{"not_picked":["Slice+1","Sucker Punch"],"picked":"Poisoned Stab+1","floor":39},{"not_picked":["Finisher","Quick Slash+1"],"picked":"Bullet Time+1","floor":40},{"not_picked":["Dagger Throw+1","Well Laid Plans+1"],"picked":"Dash+1","floor":42},{"not_picked":["Sucker Punch+1","Blur+1"],"picked":"Backflip+1","floor":47},{"not_picked":["Deadly Poison+1","Backflip+1"],"picked":"Riddle With Holes+1","floor":48},{"not_picked":["Deflect+1","Sucker Punch+1","Blade Dance+1"],"picked":"SKIP","floor":54}],"player_experience":126911,"relics_obtained":[{"floor":7.0,"key":"Thread and Needle"},{"floor":9.0,"key":"FossilizedHelix"},{"floor":10.0,"key":"Calipers"},{"floor":12.0,"key":"Boot"},{"floor":21.0,"key":"Du-Vu Doll"},{"floor":21.0,"key":"Gremlin Horn"},{"floor":24.0,"key":"Enchiridion"},{"floor":25.0,"key":"Sundial"},{"floor":27.0,"key":"Dodecahedron"},{"floor":30.0,"key":"Toxic Egg 2"},{"floor":34.0,"key":"Bag of Preparation"},{"floor":34.0,"key":"Mummified Hand"},{"floor":34.0,"key":"Turnip"},{"floor":40,"key":"Molten Egg 2"},{"floor":42,"key":"Snake Skull"},{"floor":43,"key":"Whetstone"},{"floor":47,"key":"Anchor"},{"floor":54,"key":"Incense Burner"}],"event_choices":[{"cards_removed":["Strike_G"],"damage_healed":0.0,"max_hp_gain":0.0,"max_hp_loss":0.0,"gold_gain":0.0,"event_name":"Wheel of Change","player_choice":"Card Removal","floor":2.0,"gold_loss":0.0,"damage_taken":0.0},{"damage_healed":0.0,"max_hp_gain":0.0,"max_hp_loss":0.0,"gold_gain":100.0,"event_name":"Golden Shrine","player_choice":"Pray","floor":13.0,"gold_loss":0.0,"damage_taken":0.0},{"damage_healed":0.0,"max_hp_gain":0.0,"max_hp_loss":0.0,"gold_gain":0.0,"event_name":"Vampires","player_choice":"Ignored","floor":20.0,"gold_loss":0.0,"damage_taken":0.0},{"damage_healed":0.0,"max_hp_gain":0.0,"max_hp_loss":0.0,"gold_gain":0.0,"event_name":"Colosseum","player_choice":"Fight","floor":21.0,"gold_loss":0.0,"damage_taken":0.0},{"damage_healed":0.0,"max_hp_gain":0.0,"max_hp_loss":0.0,"gold_gain":0.0,"event_name":"Colosseum","player_choice":"Fought Nobs","floor":21.0,"gold_loss":0.0,"damage_taken":0.0},{"damage_healed":0.0,"max_hp_gain":0.0,"max_hp_loss":0.0,"gold_gain":0.0,"event_name":"Cursed Tome","player_choice":"Obtained Book","floor":24.0,"gold_loss":0.0,"damage_taken":16.0},{"damage_healed":18.0,"max_hp_gain":0.0,"max_hp_loss":0.0,"gold_gain":0.0,"event_name":"Winding Halls","player_choice":"Writhe","floor":37.0,"gold_loss":0.0,"damage_taken":0.0,"cards_obtained":["Writhe"]},{"cards_removed":["Predator"],"damage_healed":0,"gold_gain":0,"player_choice":"Removed Attack","damage_taken":0,"max_hp_gain":0,"max_hp_loss":0,"event_name":"Falling","floor":41,"gold_loss":0},{"damage_healed":0,"gold_gain":0,"player_choice":"Gave Potion","damage_taken":0,"relics_obtained":["War Paint"],"max_hp_gain":0,"max_hp_loss":0,"event_name":"WeMeetAgain","floor":45,"gold_loss":0}],"is_beta":false,"boss_relics":[{"not_picked":["WristBlade","Empty Cage"],"picked":"Velvet Choker"},{"not_picked":["Fusion Hammer","Orrery"],"picked":"Calling Bell"}],"items_purged_floors":[5,38],"is_endless":false,"potions_floor_spawned":[4,7,10,12,16,25,28,30,31,35,48,54],"ascension_level":4}