{"gold_per_floor":[118,128,53,53,64,64,99,113,113,113,113,113,113,131,131,231,231,243,257,10,20,39,66,66,66,66,83,96,115,115,18,18,18],"floor_reached":33,"playtime":6335,"items_purged":["Strike_R","Normality"],"score":269,"play_id":"73592a27-5fc8-4fb9-bba5-c09b3eb210a0","local_time":"20181017205601","is_ascension_mode":false,"campfire_choices":[{"data":"Armaments","floor":6,"key":"SMITH"},{"data":"Bash","floor":11,"key":"SMITH"},{"data":"Flex","floor":15,"key":"SMITH"},{"data":"Barricade","floor":25,"key":"SMITH"},{"floor":32,"key":"REST"}],"neow_cost":"","seed_source_timestamp":333854524586997,"circlet_count":0,"master_deck":["Strike_R","Strike_R","Strike_R","Defend_R+1","Defend_R+1","Defend_R","Defend_R","Bash+1","Armaments+1","Whirlwind","Flex+1","Headbutt","Rampage","Heavy Blade","Barricade+1","Clothesline","Pummel+1","Body Slam","Body Slam","Iron Wave","Battle Trance","Writhe","Metallicize+1","Double Tap","Entrench","Disarm","Panacea"],"relics":["Burning Blood","Omamori","Oddly Smooth Stone","Calling Bell","Anchor","Dodecahedron","Prayer Wheel","Vajra","Pear","Shuriken","Question Card","War Paint"],"potions_floor_usage":[7,16,18,23,23,29,33],"damage_taken":[{"damage":0,"enemies":"2 Louse","floor":1,"turns":4},{"damage":5,"enemies":"Cultist","floor":2,"turns":5},{"damage":5,"enemies":"Small Slimes","floor":5,"turns":3},{"damage":37,"enemies":"Lagavulin","floor":7,"turns":9},{"damage":5,"enemies":"Looter","floor":8,"turns":4},{"damage":6,"enemies":"Blue Slaver","floor":14,"turns":3},{"damage":23,"enemies":"Slime Boss","floor":16,"turns":8},{"damage":0,"enemies":"3 Byrds","floor":18,"turns":6},{"damage":0,"enemies":"Chosen","floor":19,"turns":5},{"damage":22,"enemies":"Centurion and Healer","floor":21,"turns":5},{"damage":0,"enemies":"Snecko","floor":22,"turns":5},{"damage":28,"enemies":"Gremlin Leader","floor":23,"turns":7},{"damage":31,"enemies":"Snake Plant","floor":27,"turns":6},{"damage":0,"enemies":"Cultist and Chosen","floor":28,"turns":7},{"damage":19,"enemies":"Centurion and Healer","floor":29,"turns":6},{"damage":67,"enemies":"Collector","floor":33,"turns":5}],"seed_played":"-761993635196816905","potions_obtained":[{"floor":2,"key":"FearPotion"},{"floor":4,"key":"Fire Potion"},{"floor":4,"key":"SkillPotion"},{"floor":5,"key":"Explosive Potion"},{"floor":7,"key":"EssenceOfSteel"},{"floor":16,"key":"Block Potion"},{"floor":18,"key":"AttackPotion"},{"floor":19,"key":"Explosive Potion"},{"floor":27,"key":"SkillPotion"}],"is_trial":false,"path_per_floor":["M","M","$","?","M","R","E","M","T","$","R","?","?","M","R","B",null,"M","M","$","M","M","E","?","R","T","M","M","M","T","$","R"],"character_chosen":"IRONCLAD","items_purchased":["Vajra","Panacea"],"campfire_rested":1,"item_purchase_floors":[20,31],"current_hp_per_floor":[80,80,80,80,80,80,49,50,50,50,50,50,50,50,50,33,80,80,80,80,64,70,58,58,58,58,33,39,26,26,26,53,0],"gold":18,"neow_bonus":"","is_prod":false,"is_daily":false,"chose_seed":false,"campfire_upgraded":4,"win_rate":0.0,"timestamp":1539802561,"path_taken":["M","M","$","?","M","R","E","M","T","$","R","?","?","M","R","BOSS","M","M","?","?","M","E","?","R","T","M","M","M","?","?","R","BOSS"],"build_version":"2018-10-11","purchased_purges":2,"victory":false,"max_hp_per_floor":[80,80,80,80,80,80,80,80,80,80,80,80,80,80,80,80,80,80,80,80,80,80,90,90,90,90,90,90,90,90,90,90,90],"card_choices":[{"not_picked":["Thunderclap","Perfected Strike"],"picked":"Armaments","floor":1},{"not_picked":["Intimidate","Anger"],"picked":"Whirlwind","floor":2},{"not_picked":["Warcry","Feel No Pain","True Grit"],"picked":"SKIP","floor":5},{"not_picked":["Heavy Blade","Dropkick"],"picked":"Flex","floor":7},{"not_picked":["Sword Boomerang","Heavy Blade"],"picked":"Headbutt","floor":8},{"not_picked":["Anger","Headbutt"],"picked":"Heavy Blade","floor":14},{"not_picked":["Double Tap","Impervious"],"picked":"Barricade","floor":16},{"not_picked":["Perfected Strike+1","Thunderclap"],"picked":"Clothesline","floor":18},{"not_picked":["Clash","Perfected Strike"],"picked":"Pummel+1","floor":18},{"not_picked":["Perfected Strike","Brutality"],"picked":"Body Slam","floor":19},{"not_picked":["Second Wind","Dual Wield"],"picked":"Body Slam","floor":19},{"not_picked":["Uppercut+1","Infernal Blade"],"picked":"Iron Wave","floor":21},{"not_picked":["Blood for Blood","True Grit","Cleave"],"picked":"SKIP","floor":21},{"not_picked":["Perfected Strike+1","Pummel+1"],"picked":"Battle Trance","floor":22},{"not_picked":["Carnage","Cleave","True Grit"],"picked":"SKIP","floor":22},{"not_picked":["Heavy Blade","True Grit","Hemokinesis"],"picked":"SKIP","floor":23},{"not_picked":["Rage","Shrug It Off+1","Warcry+1"],"picked":"Metallicize+1","floor":27},{"not_picked":["Armaments+1","Anger","Burning Pact","Battle Trance+1"],"picked":"SKIP","floor":27},{"not_picked":["Pommel Strike","Sword Boomerang","Cleave"],"picked":"Double Tap","floor":28},{"not_picked":["Clash+1","Body Slam+1","Iron Wave","Shockwave"],"picked":"SKIP","floor":28},{"not_picked":["Clothesline","Pommel Strike","Dual Wield+1"],"picked":"Entrench","floor":29},{"not_picked":["Thunderclap","Flex+1","Clothesline+1"],"picked":"Disarm","floor":29}],"player_experience":24802,"relics_obtained":[{"floor":7,"key":"Omamori"},{"floor":9,"key":"Oddly Smooth Stone"},{"floor":17,"key":"Anchor"},{"floor":17,"key":"Dodecahedron"},{"floor":17,"key":"Prayer Wheel"},{"floor":23,"key":"Pear"},{"floor":26,"key":"Question Card"},{"floor":30,"key":"War Paint"}],"event_choices":[{"event_name":"The Lab","player_choice":"Got Potions","floor":4,"damage_taken":0},{"event_name":"Transmorgrifier","player_choice":"Transform","floor":12,"damage_taken":0},{"event_name":"Dead Adventurer","player_choice":"Searched \u00272\u0027 times","floor":13,"damage_taken":0},{"event_name":"The Mausoleum","player_choice":"Yes","floor":24,"damage_taken":0}],"is_beta":false,"boss_relics":[{"not_picked":["Ectoplasm","Sozu"],"picked":"Calling Bell"}],"items_purged_floors":[3,20],"is_endless":false,"potions_floor_spawned":[2,5,7,16,18,19,27],"killed_by":"Collector","ascension_level":0}