{"gold_per_floor":[113,131,148,323,343,343,357,377,377,410,244,269,269,295,295,397,397,413,427,30,30,30,30,46,46,46,46,46,80,90,9,9,9],"floor_reached":33,"playtime":2489,"items_purged":["Doubt"],"score":342,"play_id":"a42c567a-eadd-482e-a730-739dcf75e6d8","local_time":"20190412124225","is_ascension_mode":true,"campfire_choices":[{"data":"Neutralize","floor":6.0,"key":"SMITH"},{"data":"Cloak And Dagger","floor":15.0,"key":"SMITH"},{"floor":23,"key":"REST"},{"data":"Catalyst","floor":25,"key":"SMITH"},{"data":"Caltrops","floor":27,"key":"SMITH"},{"floor":32,"key":"RECALL"}],"neow_cost":"NONE","seed_source_timestamp":0,"circlet_count":0,"master_deck":["Defend_G","Defend_G","Defend_G","Defend_G","Defend_G","Strike_G","Strike_G","Strike_G","Strike_G","Strike_G","Survivor","Neutralize+1","Sucker Punch+1","Dagger Throw","Dash","PiercingWail","Outmaneuver","Heel Hook","Caltrops+1","Cloak And Dagger+1","Deadly Poison","Deflect","After Image","Bouncing Flask+1","Dagger Throw","Catalyst+1","Transmutation","Blade Dance+1","Adrenaline+1","Deadly Poison+1","Calculated Gamble+1"],"special_seed":0,"relics":["Ring of the Snake","Shuriken","Question Card","Anchor","Ginger","Cursed Key","Bronze Scales","Nilry\u0027s Codex","Toxic Egg 2","Bottled Tornado"],"potions_floor_usage":[16,16,18,29],"damage_taken":[{"damage":0.0,"enemies":"Jaw Worm","floor":1.0,"turns":5.0},{"damage":0.0,"enemies":"2 Louse","floor":2.0,"turns":2.0},{"damage":4.0,"enemies":"Small Slimes","floor":3.0,"turns":3.0},{"damage":0.0,"enemies":"2 Fungi Beasts","floor":5.0,"turns":2.0},{"damage":0.0,"enemies":"Exordium Wildlife","floor":7.0,"turns":3.0},{"damage":3.0,"enemies":"Looter","floor":8.0,"turns":4.0},{"damage":15.0,"enemies":"Gremlin Nob","floor":10.0,"turns":5.0},{"damage":14.0,"enemies":"3 Sentries","floor":12.0,"turns":7.0},{"damage":26.0,"enemies":"Lagavulin","floor":14.0,"turns":6.0},{"damage":33,"enemies":"Slime Boss","floor":16,"turns":11},{"damage":4,"enemies":"2 Thieves","floor":18,"turns":4},{"damage":20,"enemies":"3 Byrds","floor":19,"turns":4},{"damage":0,"enemies":"Snake Plant","floor":24,"turns":3},{"damage":18,"enemies":"Slavers","floor":29,"turns":4},{"damage":5,"enemies":"Centurion and Healer","floor":30,"turns":5},{"damage":38,"enemies":"Champ","floor":33,"turns":7}],"seed_played":"-6648180367196198223","potions_obtained":[{"floor":3.0,"key":"Explosive Potion"},{"floor":7.0,"key":"Regen Potion"},{"floor":12.0,"key":"Regen Potion"},{"floor":14.0,"key":"SkillPotion"},{"floor":16,"key":"Swift Potion"},{"floor":19,"key":"Strength Potion"}],"is_trial":false,"path_per_floor":["M","M","M","?","M","R","M","M","T","E","$","E","?","E","R","B",null,"M","M","$","?","?","R","M","R","T","R","?","E","M","$","R","B"],"character_chosen":"THE_SILENT","items_purchased":["Caltrops","Cloak And Dagger","Bronze Scales","Catalyst","Transmutation","Calculated Gamble+1"],"campfire_rested":1,"item_purchase_floors":[11,11,20,20,20,31],"current_hp_per_floor":[77,77,73,73,73,73,73,70,70,67,67,53,53,27,27,9,77,73,53,53,37,37,60,60,60,60,60,60,42,37,37,37,0],"gold":9,"neow_bonus":"TEN_PERCENT_HP_BONUS","is_prod":false,"is_daily":false,"chose_seed":false,"campfire_upgraded":4,"win_rate":0,"timestamp":1555098145,"path_taken":["M","M","M","?","M","R","M","M","T","E","$","E","?","E","R","BOSS","M","M","$","?","?","R","M","R","T","R","?","E","M","$","R","BOSS"],"build_version":"2019-01-23","purchased_purges":1,"victory":false,"max_hp_per_floor":[77,77,77,77,77,77,77,77,77,77,77,77,77,77,77,77,77,77,77,77,77,77,77,77,77,77,77,77,77,77,77,77,77],"card_choices":[{"not_picked":["Bane","Riddle With Holes"],"picked":"Sucker Punch","floor":1.0},{"not_picked":["Blade Dance","Outmaneuver"],"picked":"Dagger Throw","floor":2.0},{"not_picked":["Underhanded Strike","Flechettes","Acrobatics"],"picked":"SKIP","floor":3.0},{"not_picked":["Acrobatics","Backflip"],"picked":"Dash","floor":5.0},{"not_picked":["Acrobatics","Concentrate"],"picked":"PiercingWail","floor":7.0},{"not_picked":["Underhanded Strike","Wraith Form v2"],"picked":"Outmaneuver","floor":8.0},{"not_picked":["Malaise","Setup"],"picked":"Heel Hook","floor":10.0},{"not_picked":["Cloak And Dagger","Underhanded Strike","Skewer"],"picked":"Deadly Poison","floor":12.0},{"not_picked":["Choke","Glass Knife","Slice"],"picked":"Deflect","floor":14.0},{"not_picked":["Phantasmal Killer","Die Die Die","Doppelganger"],"picked":"After Image","floor":16},{"not_picked":["Cloak And Dagger","Poisoned Stab","PiercingWail"],"picked":"Bouncing Flask+1","floor":18},{"not_picked":["Flechettes","Masterful Stab","Deflect"],"picked":"Dagger Throw","floor":19},{"not_picked":["Setup","Poisoned Stab","Cloak And Dagger"],"picked":"Blade Dance+1","floor":24},{"not_picked":["Terror+1","Calculated Gamble+1","Reflex+1"],"picked":"Adrenaline+1","floor":29},{"not_picked":["Setup+1","Poisoned Stab","Acrobatics+1"],"picked":"Deadly Poison+1","floor":30}],"player_experience":386456,"relics_obtained":[{"floor":9.0,"key":"Shuriken"},{"floor":10.0,"key":"Question Card"},{"floor":12.0,"key":"Anchor"},{"floor":14.0,"key":"Ginger"},{"floor":21,"key":"Nilry\u0027s Codex"},{"floor":26,"key":"Toxic Egg 2"},{"floor":29,"key":"Bottled Tornado"}],"event_choices":[{"damage_healed":0.0,"max_hp_gain":0.0,"max_hp_loss":0.0,"gold_gain":175.0,"event_name":"Liars Game","player_choice":"AGREE","floor":4.0,"gold_loss":0.0,"damage_taken":0.0,"cards_obtained":["Doubt"]},{"damage_healed":0.0,"max_hp_gain":0.0,"max_hp_loss":0.0,"gold_gain":0.0,"event_name":"Living Wall","player_choice":"Grow","floor":13.0,"gold_loss":0.0,"damage_taken":0.0,"cards_upgraded":["Sucker Punch"]},{"damage_healed":0,"gold_gain":0,"player_choice":"Obtained Book","damage_taken":16,"max_hp_gain":0,"max_hp_loss":0,"event_name":"Cursed Tome","floor":21,"gold_loss":0},{"damage_healed":0,"gold_gain":0,"player_choice":"Ignored","damage_taken":0,"max_hp_gain":0,"max_hp_loss":0,"event_name":"Beggar","floor":22,"gold_loss":0},{"cards_removed":["Writhe"],"damage_healed":0,"gold_gain":0,"player_choice":"Elegance","damage_taken":0,"max_hp_gain":0,"max_hp_loss":0,"event_name":"Back to Basics","floor":28,"gold_loss":0}],"is_beta":false,"boss_relics":[{"not_picked":["Coffee Dripper","Runic Dome"],"picked":"Cursed Key"}],"items_purged_floors":[11],"is_endless":false,"potions_floor_spawned":[3,7,12,14,16,19],"killed_by":"Champ","ascension_level":4}