{"gold_per_floor":[119,194,213,62,237,237,264,264,264,284,284,284,284],"floor_reached":13,"playtime":409,"items_purged":["Strike_G"],"score":122,"play_id":"3bfc8edd-f43a-4ae1-9ee9-9557bf33b703","local_time":"20181119211212","is_ascension_mode":true,"campfire_choices":[{"data":"Neutralize","floor":6,"key":"SMITH"},{"data":"Backflip","floor":8,"key":"SMITH"}],"neow_cost":"NONE","seed_source_timestamp":362749596376091,"circlet_count":0,"master_deck":["Defend_G","Defend_G","Defend_G","Defend_G","Defend_G","Strike_G","Strike_G","Strike_G","Survivor","Neutralize+1","Dodge and Roll","Dagger Spray","Backflip+1","Doubt","Dagger Throw","Footwork+1"],"relics":["Ring of the Snake","NeowsBlessing","The Specimen","PreservedInsect"],"potions_floor_usage":[],"damage_taken":[{"damage":0,"enemies":"Jaw Worm","floor":1,"turns":1},{"damage":0,"enemies":"Cultist","floor":3,"turns":1},{"damage":0,"enemies":"Gremlin Nob","floor":7,"turns":1},{"damage":0,"enemies":"2 Louse","floor":10,"turns":2},{"damage":60,"enemies":"Lagavulin","floor":13,"turns":16}],"seed_played":"6902512785438947203","potions_obtained":[],"is_trial":false,"path_per_floor":["M","?","M","$","?","R","E","R","T","M","?","?","E"],"character_chosen":"THE_SILENT","items_purchased":["Dagger Spray","Backflip"],"campfire_rested":0,"item_purchase_floors":[4,4],"current_hp_per_floor":[70,63,63,63,63,63,63,63,63,63,56,56,0],"gold":284,"neow_bonus":"THREE_ENEMY_KILL","is_prod":false,"is_daily":false,"chose_seed":false,"campfire_upgraded":2,"win_rate":0,"timestamp":1542658332,"path_taken":["M","?","?","$","?","R","E","R","T","M","?","?","E"],"build_version":"2018-11-15","purchased_purges":1,"victory":false,"max_hp_per_floor":[70,70,70,70,70,70,70,70,70,70,70,70,70],"card_choices":[{"not_picked":["Well Laid Plans","Cloak And Dagger"],"picked":"Dodge and Roll","floor":1},{"not_picked":["Deflect","Slice","Outmaneuver"],"picked":"SKIP","floor":3},{"not_picked":["Skewer","Quick Slash"],"picked":"Dagger Throw","floor":7},{"not_picked":["Quick Slash","Blade Dance"],"picked":"Footwork","floor":10}],"player_experience":238946,"relics_obtained":[{"floor":7,"key":"The Specimen"},{"floor":9,"key":"PreservedInsect"}],"event_choices":[{"damage_healed":0,"gold_gain":75,"player_choice":"Touch","damage_taken":7,"max_hp_gain":0,"max_hp_loss":0,"event_name":"FaceTrader","floor":2,"gold_loss":0},{"damage_healed":0,"gold_gain":175,"player_choice":"AGREE","damage_taken":0,"max_hp_gain":0,"max_hp_loss":0,"event_name":"Liars Game","floor":5,"gold_loss":0,"cards_obtained":["Doubt"]},{"cards_removed":["Strike_G"],"damage_healed":0,"gold_gain":0,"player_choice":"Card Removal","damage_taken":7,"max_hp_gain":0,"max_hp_loss":0,"event_name":"Golden Wing","floor":11,"gold_loss":0},{"damage_healed":0,"gold_gain":0,"player_choice":"Forge","damage_taken":0,"max_hp_gain":0,"max_hp_loss":0,"event_name":"Accursed Blacksmith","floor":12,"gold_loss":0,"cards_upgraded":["Footwork"]}],"is_beta":true,"boss_relics":[],"items_purged_floors":[4],"is_endless":false,"potions_floor_spawned":[],"killed_by":"Lagavulin","ascension_level":3}