{"gold_per_floor":[113,113,38,38,48,48,48,48,116,159,183,224,224,262,262,262],"floor_reached":16,"playtime":711,"items_purged":["Pain"],"score":215,"play_id":"96172649-783f-433f-8754-905d0b4baccb","local_time":"20190513110232","is_ascension_mode":true,"campfire_choices":[{"data":"Clothesline","floor":6.0,"key":"SMITH"},{"data":"Bash","floor":8.0,"key":"SMITH"},{"floor":13.0,"key":"REST"},{"data":"Shockwave","floor":15.0,"key":"SMITH"}],"neow_cost":"CURSE","seed_source_timestamp":83193727255966,"circlet_count":0,"master_deck":["AscendersBane","Strike_R","Strike_R","Strike_R","Strike_R","Strike_R","Defend_R","Defend_R","Defend_R","Defend_R","Bash+1","Panacea","Dark Shackles","Whirlwind+1","Clothesline+1","Injury","Shockwave+1","Brutality+1","Metallicize+1","Battle Trance"],"special_seed":0,"relics":["Burning Blood","Paper Frog","Golden Idol","Singing Bowl","Frozen Egg 2","Matryoshka","Oddly Smooth Stone"],"potions_floor_usage":[16],"damage_taken":[{"damage":9.0,"enemies":"Jaw Worm","floor":1.0,"turns":3.0},{"damage":0.0,"enemies":"Small Slimes","floor":5.0,"turns":3.0},{"damage":10.0,"enemies":"3 Sentries","floor":10.0,"turns":3.0},{"damage":10.0,"enemies":"2 Louse","floor":11.0,"turns":2.0},{"damage":24.0,"enemies":"Lagavulin","floor":12.0,"turns":7.0},{"damage":13.0,"enemies":"Gremlin Nob","floor":14.0,"turns":4.0},{"damage":37,"enemies":"Hexaghost","floor":16,"turns":12}],"seed_played":"620786382446921241","potions_obtained":[{"floor":5.0,"key":"Energy Potion"},{"floor":10.0,"key":"Explosive Potion"},{"floor":12.0,"key":"Explosive Potion"}],"is_trial":false,"path_per_floor":["M","?","$","?","M","R","?","R","T","E","M","E","R","E","R","B"],"character_chosen":"IRONCLAD","items_purchased":[],"campfire_rested":1,"item_purchase_floors":[],"current_hp_per_floor":[65,65,65,39,45,45,45,45,45,41,37,19,41,34,34,0],"gold":262,"neow_bonus":"RANDOM_COLORLESS_2","is_prod":false,"is_daily":false,"chose_seed":false,"campfire_upgraded":3,"win_rate":0,"timestamp":1557738152,"path_taken":["M","?","$","?","M","R","?","R","T","E","M","E","R","E","R","BOSS"],"build_version":"2019-01-23","purchased_purges":1,"victory":false,"max_hp_per_floor":[75,75,75,75,75,75,75,75,75,75,75,75,75,75,75,75],"card_choices":[{"not_picked":["Twin Strike","Iron Wave"],"picked":"Whirlwind","floor":1.0},{"not_picked":["Warcry","Wild Strike"],"picked":"Clothesline","floor":5.0},{"not_picked":["Pommel Strike","True Grit"],"picked":"Shockwave","floor":10.0},{"not_picked":["Reckless Charge","Anger"],"picked":"Brutality+1","floor":11.0},{"not_picked":["Wild Strike","Infernal Blade"],"picked":"Metallicize+1","floor":12.0},{"not_picked":["Sever Soul","Entrench"],"picked":"Battle Trance","floor":14.0}],"player_experience":171930,"relics_obtained":[{"floor":9.0,"key":"Singing Bowl"},{"floor":10.0,"key":"Frozen Egg 2"},{"floor":12.0,"key":"Matryoshka"},{"floor":14.0,"key":"Oddly Smooth Stone"}],"event_choices":[{"damage_healed":0.0,"max_hp_gain":0.0,"max_hp_loss":0.0,"gold_gain":0.0,"event_name":"Living Wall","player_choice":"Grow","floor":2.0,"gold_loss":0.0,"damage_taken":0.0,"cards_upgraded":["Whirlwind"]},{"damage_healed":0.0,"max_hp_gain":0.0,"max_hp_loss":0.0,"gold_gain":0.0,"event_name":"Scrap Ooze","player_choice":"Success","floor":4.0,"gold_loss":0.0,"damage_taken":26.0,"relics_obtained":["Paper Frog"]},{"damage_healed":0.0,"max_hp_gain":0.0,"max_hp_loss":0.0,"gold_gain":0.0,"event_name":"Golden Idol","player_choice":"Take Wound","floor":7.0,"gold_loss":0.0,"damage_taken":0.0,"relics_obtained":["Golden Idol"],"cards_obtained":["Injury"]}],"is_beta":false,"boss_relics":[],"items_purged_floors":[3],"is_endless":false,"potions_floor_spawned":[5,10,12],"killed_by":"Hexaghost","ascension_level":17}