{"gold_per_floor":[366,382,399,412,412,442,442,460,508,519,444,463,474,21,21,122,122,141,155,5,19,19,19,19,29,29,29,29,29,29,49,49,49],"floor_reached":33,"playtime":3246,"items_purged":["Strike_B","Strike_B"],"score":251,"play_id":"75f947e4-cd93-4b5f-9bc6-804db071e1ed","local_time":"20190608002936","is_ascension_mode":false,"campfire_choices":[{"data":"Buffer","floor":15,"key":"SMITH"},{"data":"Capacitor","floor":23,"key":"SMITH"},{"data":"Decay","floor":28,"key":"PURGE"},{"data":"Streamline","floor":30,"key":"SMITH"},{"data":"Defragment","floor":32,"key":"SMITH"}],"neow_cost":"PERCENT_DAMAGE","seed_source_timestamp":316888002083600,"circlet_count":0,"master_deck":["Strike_B","Strike_B","Defend_B","Defend_B","Defend_B","Defend_B","Zap","Dualcast","Cold Snap","Compile Driver","Beam Cell","Chill+1","Streamline+1","Redo","Redo","FTL","Self Repair","Buffer+1","Echo Form","Chaos+1","Capacitor+1","Melter","White Noise","Injury","Defragment+1"],"relics":["Cracked Core","Ancient Tea Set","Lantern","Medical Kit","Coffee Dripper","Shuriken","Peace Pipe"],"potions_floor_usage":[13,13,16,16,21,25,33],"damage_taken":[{"damage":5,"enemies":"Small Slimes","floor":1,"turns":3},{"damage":0,"enemies":"2 Louse","floor":2,"turns":1},{"damage":6,"enemies":"Jaw Worm","floor":3,"turns":3},{"damage":2,"enemies":"2 Fungi Beasts","floor":4,"turns":3},{"damage":5,"enemies":"3 Sentries","floor":6,"turns":12},{"damage":1,"enemies":"3 Louse","floor":8,"turns":4},{"damage":0,"enemies":"Blue Slaver","floor":10,"turns":3},{"damage":0,"enemies":"2 Fungi Beasts","floor":12,"turns":3},{"damage":4,"enemies":"Large Slime","floor":13,"turns":3},{"damage":18,"enemies":"The Guardian","floor":16,"turns":14},{"damage":6,"enemies":"3 Byrds","floor":18,"turns":5},{"damage":7,"enemies":"Shell Parasite","floor":19,"turns":6},{"damage":19,"enemies":"Snake Plant","floor":21,"turns":4},{"damage":14,"enemies":"Chosen and Byrds","floor":25,"turns":8},{"damage":21,"enemies":"Snecko","floor":31,"turns":5},{"damage":68,"enemies":"Collector","floor":33,"turns":5}],"seed_played":"-4933111011505768919","potions_obtained":[{"floor":6,"key":"Swift Potion"},{"floor":8,"key":"Block Potion"},{"floor":12,"key":"PowerPotion"},{"floor":13,"key":"Dexterity Potion"},{"floor":21,"key":"Explosive Potion"},{"floor":25,"key":"Strength Potion"}],"is_trial":false,"path_per_floor":["M","M","M","M","?","E","?","M","T","M","$","M","M","$","R","B",null,"M","M","$","M","?","R","?","M","T","?","R","$","R","M","R","B"],"character_chosen":"DEFECT","items_purchased":["Buffer","Medical Kit","Capacitor","FocusPotion"],"campfire_rested":0,"item_purchase_floors":[14,14,20,20],"current_hp_per_floor":[49,49,43,41,41,36,54,53,53,53,53,53,49,49,49,38,75,75,75,75,70,70,70,70,70,70,70,70,70,70,56,56,0],"gold":49,"neow_bonus":"TWO_FIFTY_GOLD","is_prod":false,"is_daily":false,"chose_seed":false,"campfire_upgraded":4,"win_rate":0.0,"timestamp":1559921376,"path_taken":["M","M","M","M","?","E","?","M","T","M","$","M","M","$","R","BOSS","M","M","$","M","?","R","?","M","T","?","R","?","R","M","R","BOSS"],"build_version":"2019-01-23","purchased_purges":2,"victory":false,"max_hp_per_floor":[75,75,75,75,75,75,75,75,75,75,75,75,75,75,75,75,75,75,75,75,75,75,75,75,75,75,72,72,72,72,72,72,72],"card_choices":[{"not_picked":["Ball Lightning","Compile Driver"],"picked":"Cold Snap","floor":1},{"not_picked":["Hologram","Ball Lightning"],"picked":"Compile Driver","floor":2},{"not_picked":["Static Discharge","Blizzard"],"picked":"Beam Cell","floor":3},{"not_picked":["Steam Power","Hello World"],"picked":"Chill","floor":4},{"not_picked":["Double Energy","Hello World"],"picked":"Streamline","floor":6},{"not_picked":["Ball Lightning","Doom and Gloom"],"picked":"Redo","floor":8},{"not_picked":["Compile Driver","Heatsinks"],"picked":"Redo","floor":10},{"not_picked":["Turbo","Ball Lightning"],"picked":"FTL","floor":12},{"not_picked":["Gash","Reprogram"],"picked":"Self Repair","floor":13},{"not_picked":["Seek","Amplify"],"picked":"Echo Form","floor":16},{"not_picked":["Go for the Eyes","Barrage+1","FTL"],"picked":"SKIP","floor":18},{"not_picked":["Reprogram","Force Field+1"],"picked":"Chaos+1","floor":19},{"not_picked":["Hologram+1","BootSequence"],"picked":"Melter","floor":21},{"not_picked":["Leap","Beam Cell"],"picked":"White Noise","floor":25},{"not_picked":["Go for the Eyes","Steam+1"],"picked":"Defragment","floor":31}],"player_experience":71009,"relics_obtained":[{"floor":6,"key":"Ancient Tea Set"},{"floor":9,"key":"Lantern"},{"floor":26,"key":"Peace Pipe"}],"event_choices":[{"damage_healed":0,"gold_gain":0,"player_choice":"Grow","damage_taken":0,"max_hp_gain":0,"max_hp_loss":0,"event_name":"Living Wall","floor":5,"gold_loss":0,"cards_upgraded":["Chill"]},{"damage_healed":18,"gold_gain":0,"player_choice":"Healed and dodged fight","damage_taken":0,"max_hp_gain":0,"max_hp_loss":0,"event_name":"Mushrooms","floor":7,"gold_loss":0,"cards_obtained":["Parasite"]},{"damage_healed":0,"gold_gain":0,"player_choice":"Ignored","damage_taken":0,"max_hp_gain":0,"max_hp_loss":0,"event_name":"Beggar","floor":22,"gold_loss":0},{"damage_healed":0,"gold_gain":0,"player_choice":"Opened","damage_taken":0,"relics_obtained":["Shuriken"],"max_hp_gain":0,"max_hp_loss":0,"event_name":"The Mausoleum","floor":24,"gold_loss":0,"cards_obtained":["Writhe"]},{"damage_healed":0,"gold_gain":0,"cards_transformed":["Parasite","Writhe"],"player_choice":"Became Test Subject","damage_taken":0,"max_hp_gain":0,"max_hp_loss":0,"event_name":"Drug Dealer","floor":27,"gold_loss":0,"cards_obtained":["Injury","Decay"]}],"is_beta":false,"boss_relics":[{"not_picked":["Busted Crown","Runic Pyramid"],"picked":"Coffee Dripper"}],"items_purged_floors":[11,14],"is_endless":false,"potions_floor_spawned":[6,8,12,13,21,25],"killed_by":"Collector","ascension_level":0}