{"gold_per_floor":[111,127,127,147,159,190,202,233,270,298,310,342,364,376,388,400],"floor_reached":16,"playtime":891,"items_purged":[],"score":106,"play_id":"3c64c620-100a-4b50-b57c-e2a744f0618b","local_time":"20190604214357","is_ascension_mode":false,"campfire_choices":[{"floor":15,"key":"REST"}],"neow_cost":"NONE","seed_source_timestamp":129046414285859,"circlet_count":0,"master_deck":["Strike_R","Strike_R","Strike_R","Strike_R","Strike_R","Defend_R","Defend_R","Defend_R","Defend_R","Bash+1","Shrug It Off","Flex","Cleave","Double Tap+1","Shockwave","Heavy Blade","Anger","Flame Barrier","Shrug It Off"],"relics":["Burning Blood","MawBank"],"potions_floor_usage":[],"damage_taken":[{"damage":8,"enemies":"Jaw Worm","floor":1,"turns":3},{"damage":5,"enemies":"Cultist","floor":2,"turns":4},{"damage":2,"enemies":"Small Slimes","floor":4,"turns":3},{"damage":22,"enemies":"Exordium Thugs","floor":5,"turns":4},{"damage":21,"enemies":"Gremlin Nob","floor":6,"turns":4},{"damage":2,"enemies":"Blue Slaver","floor":8,"turns":3},{"damage":0,"enemies":"2 Fungi Beasts","floor":10,"turns":2},{"damage":10,"enemies":"Looter","floor":12,"turns":2},{"damage":34,"enemies":"Exordium Thugs","floor":13,"turns":5},{"damage":54,"enemies":"Hexaghost","floor":16,"turns":9}],"seed_played":"-5104389436660453067","potions_obtained":[{"floor":4,"key":"Swift Potion"},{"floor":5,"key":"Swift Potion"},{"floor":10,"key":"Fire Potion"}],"is_trial":false,"path_per_floor":["M","M","$","M","M","E","?","M","T","M","?","M","M","?","R","B"],"character_chosen":"IRONCLAD","items_purchased":[],"campfire_rested":1,"item_purchase_floors":[],"current_hp_per_floor":[78,79,79,80,64,49,49,53,53,59,59,55,27,27,51,0],"gold":400,"neow_bonus":"UPGRADE_CARD","is_prod":false,"is_daily":false,"chose_seed":false,"campfire_upgraded":0,"win_rate":0,"timestamp":1559699037,"path_taken":["M","M","$","M","M","E","?","?","T","M","?","M","M","?","R","BOSS"],"build_version":"2019-01-23","purchased_purges":0,"victory":false,"max_hp_per_floor":[80,80,80,80,80,80,80,80,80,80,80,80,80,80,80,80],"card_choices":[{"not_picked":["Pommel Strike","Twin Strike"],"picked":"Shrug It Off","floor":1},{"not_picked":["Fire Breathing","Cleave"],"picked":"Flex","floor":2},{"not_picked":["Clash","Entrench"],"picked":"Cleave","floor":4},{"not_picked":["Rampage","Combust"],"picked":"Double Tap","floor":5},{"not_picked":["Headbutt","Pommel Strike"],"picked":"Shockwave","floor":6},{"not_picked":["Clash","Havoc"],"picked":"Heavy Blade","floor":8},{"not_picked":["Clothesline","Thunderclap"],"picked":"Anger","floor":10},{"not_picked":["True Grit","Combust"],"picked":"Flame Barrier","floor":12},{"not_picked":["Reckless Charge","Cleave"],"picked":"Shrug It Off","floor":13}],"player_experience":78984,"relics_obtained":[{"floor":6,"key":"MawBank"}],"event_choices":[{"damage_healed":0,"gold_gain":0,"player_choice":"Upgraded","damage_taken":0,"max_hp_gain":0,"max_hp_loss":0,"event_name":"Upgrade Shrine","floor":7,"gold_loss":0,"cards_upgraded":["Double Tap"]},{"damage_healed":0,"gold_gain":0,"player_choice":"Ignored","damage_taken":0,"max_hp_gain":0,"max_hp_loss":0,"event_name":"Liars Game","floor":11,"gold_loss":0},{"damage_healed":0,"gold_gain":0,"player_choice":"Bought 0 Potions","damage_taken":0,"max_hp_gain":0,"max_hp_loss":0,"event_name":"The Woman in Blue","floor":14,"gold_loss":0}],"is_beta":false,"boss_relics":[],"items_purged_floors":[],"is_endless":false,"potions_floor_spawned":[4,5,10,12],"killed_by":"Hexaghost","ascension_level":0}