{"gold_per_floor":[113,128,142,152,167,167,201,201,226,240,240,240,258,275,275,275],"floor_reached":16,"playtime":1267,"items_purged":[],"score":106,"play_id":"5abaa250-c81a-4b99-8604-a644bb66f2c0","local_time":"20190607233511","is_ascension_mode":false,"campfire_choices":[{"floor":6,"key":"REST"},{"floor":8,"key":"REST"},{"floor":11,"key":"REST"},{"data":"Buffer","floor":15,"key":"SMITH"}],"neow_cost":"CURSE","seed_source_timestamp":315477553002900,"circlet_count":0,"master_deck":["Strike_B","Strike_B","Defend_B","Defend_B+1","Defend_B+1","Defend_B","Zap","Dualcast","Pain","Melter","Chaos","Compile Driver","Sunder","Capacitor","Consume","Self Repair","Coolheaded","Reprogram","Buffer+1"],"special_seed":0,"relics":["Cracked Core","Boot","War Paint"],"potions_floor_usage":[4,7,16,16,16],"damage_taken":[{"damage":4.0,"enemies":"Cultist","floor":1.0,"turns":3.0},{"damage":4.0,"enemies":"Jaw Worm","floor":2.0,"turns":3.0},{"damage":0.0,"enemies":"2 Louse","floor":3.0,"turns":1.0},{"damage":21,"enemies":"Gremlin Gang","floor":4,"turns":5},{"damage":45,"enemies":"Large Slime","floor":5,"turns":7},{"damage":14,"enemies":"Lagavulin","floor":7,"turns":7},{"damage":14,"enemies":"Exordium Thugs","floor":10,"turns":5},{"damage":13,"enemies":"Looter","floor":13,"turns":4},{"damage":18,"enemies":"Blue Slaver","floor":14,"turns":5},{"damage":45,"enemies":"Slime Boss","floor":16,"turns":7}],"seed_played":"-4254365792778070299","potions_obtained":[{"floor":3.0,"key":"SpeedPotion"},{"floor":4,"key":"SkillPotion"},{"floor":10,"key":"Swift Potion"},{"floor":12,"key":"Block Potion"},{"floor":12,"key":"Swift Potion"}],"is_trial":false,"path_per_floor":["M","M","M","M","M","R","E","R","T","M","R","?","M","M","R","B"],"character_chosen":"DEFECT","items_purchased":[],"campfire_rested":3,"item_purchase_floors":[],"current_hp_per_floor":[71,67,67,46,1,23,16,38,38,31,53,53,47,36,36,0],"gold":275,"neow_bonus":"TRANSFORM_TWO_CARDS","is_prod":false,"is_daily":false,"chose_seed":false,"campfire_upgraded":1,"win_rate":0.0,"timestamp":1559918111,"path_taken":["M","?","M","M","M","R","E","R","T","M","R","?","?","M","R","BOSS"],"build_version":"2019-01-23","purchased_purges":0,"victory":false,"max_hp_per_floor":[75,75,75,75,75,75,75,75,75,75,75,75,75,75,75,75],"card_choices":[{"not_picked":["Streamline","Lockon"],"picked":"Compile Driver","floor":1.0},{"not_picked":["Steam","Rip and Tear"],"picked":"Sunder","floor":2.0},{"not_picked":["Genetic Algorithm","Double Energy"],"picked":"Capacitor","floor":3.0},{"not_picked":["Cold Snap","Coolheaded"],"picked":"Consume","floor":4},{"not_picked":["Turbo","Meteor Strike"],"picked":"Self Repair","floor":5},{"not_picked":["Skim","Undo"],"picked":"Coolheaded","floor":7},{"not_picked":["Steam","Barrage","Sweeping Beam"],"picked":"SKIP","floor":10},{"not_picked":["Self Repair","Stack"],"picked":"Reprogram","floor":13},{"not_picked":["Lockon","Rebound"],"picked":"Buffer","floor":14}],"player_experience":69742,"relics_obtained":[{"floor":7,"key":"Boot"},{"floor":9,"key":"War Paint"}],"event_choices":[{"damage_healed":0,"gold_gain":0,"player_choice":"Got Potions","damage_taken":0,"max_hp_gain":0,"max_hp_loss":0,"event_name":"Lab","floor":12,"gold_loss":0}],"is_beta":false,"boss_relics":[],"items_purged_floors":[],"is_endless":false,"potions_floor_spawned":[3,4,10,13,14],"killed_by":"Slime Boss","ascension_level":0}