{"gold_per_floor":[212,224,224,35,35,46,58,58,84,117,117,117,117,292,292,395,395,406,406,505,505,505,505,23,23,50,68,78,1,15,29,29,127,127,146,156,156],"floor_reached":37,"playtime":1481,"items_purged":[],"score":627,"play_id":"d6298c5e-12e1-407a-8a62-b5b6af77fdbb","local_time":"20190606071543","is_ascension_mode":true,"campfire_choices":[{"floor":8.0,"key":"REST"},{"floor":11.0,"key":"REST"},{"data":"Apotheosis","floor":13.0,"key":"SMITH"},{"floor":15.0,"key":"REST"},{"data":"Corpse Explosion","floor":23,"key":"SMITH"},{"data":"Distraction","floor":25,"key":"SMITH"},{"floor":32,"key":"REST"}],"neow_cost":"NONE","seed_source_timestamp":180482979010500,"circlet_count":0,"master_deck":["AscendersBane","Defend_G+1","Defend_G+1","Defend_G+1","Defend_G+1","Strike_G+1","Strike_G+1","Strike_G+1","Strike_G+1","Strike_G+1","Survivor","Neutralize","Outmaneuver","Well Laid Plans","Apotheosis+1","Noxious Fumes","Blur","Corpse Explosion+1","Doubt","Die Die Die","Distraction+1","Deadly Poison","Bouncing Flask","Dagger Throw","Poisoned Stab+1","Burst","Catalyst+1","Dodge and Roll"],"special_seed":0,"relics":["Ring of the Snake","Happy Flower","PreservedInsect","Bag of Marbles","Eternal Feather","Ancient Tea Set","TwistedFunnel","Torii","Snake Skull","Black Star"],"potions_floor_usage":[33,33],"damage_taken":[{"damage":1.0,"enemies":"Small Slimes","floor":1.0,"turns":4.0},{"damage":6.0,"enemies":"Cultist","floor":2.0,"turns":5.0},{"damage":16.0,"enemies":"Jaw Worm","floor":6.0,"turns":4.0},{"damage":14.0,"enemies":"3 Louse","floor":7.0,"turns":4.0},{"damage":22.0,"enemies":"3 Sentries","floor":10.0,"turns":4.0},{"damage":17.0,"enemies":"The Guardian","floor":16.0,"turns":10.0},{"damage":19.0,"enemies":"Spheric Guardian","floor":18.0,"turns":4.0},{"damage":10,"enemies":"Shell Parasite","floor":27,"turns":4},{"damage":26,"enemies":"Snake Plant","floor":28,"turns":4},{"damage":0,"enemies":"Sentry and Sphere","floor":30,"turns":3},{"damage":1,"enemies":"Centurion and Healer","floor":31,"turns":3},{"damage":41,"enemies":"Automaton","floor":33,"turns":10},{"damage":6,"enemies":"3 Shapes","floor":35,"turns":4},{"damage":20,"enemies":"3 Darklings","floor":36,"turns":2},{"damage":37,"enemies":"4 Shapes","floor":37,"turns":2}],"seed_played":"7135029713506140981","potions_obtained":[{"floor":6.0,"key":"LiquidBronze"},{"floor":10.0,"key":"Poison Potion"},{"floor":27,"key":"FearPotion"}],"is_trial":false,"path_per_floor":["M","M","?","$","?","M","M","R","T","E","R","$","R","?","R","B",null,"M","?","?","?","?","R","$","R","T","M","M","$","M","M","R","B",null,"M","M","M"],"character_chosen":"THE_SILENT","items_purchased":["Apotheosis","TwistedFunnel","Torii","Bouncing Flask"],"campfire_rested":4,"item_purchase_floors":[4,24,24,29],"current_hp_per_floor":[62,56,44,44,44,28,14,35,35,13,34,34,34,34,55,38,62,43,43,43,43,66,70,70,70,70,60,34,34,34,33,69,28,60,54,34,0],"gold":156,"neow_bonus":"HUNDRED_GOLD","is_prod":false,"is_daily":false,"chose_seed":false,"campfire_upgraded":3,"win_rate":0,"timestamp":1559830543,"path_taken":["M","M","?","$","?","?","M","R","T","E","R","$","R","?","R","BOSS","M","?","?","?","?","R","$","R","T","M","?","$","M","M","R","BOSS","M","M","M"],"build_version":"2019-01-23","purchased_purges":0,"victory":false,"max_hp_per_floor":[70,70,70,70,70,70,70,70,70,70,70,70,70,70,70,70,70,70,70,70,70,70,70,70,70,70,70,70,70,70,70,70,70,70,70,70,70],"card_choices":[{"not_picked":["Dagger Throw","Heel Hook"],"picked":"Outmaneuver","floor":1.0},{"not_picked":["Skewer","Flying Knee"],"picked":"Well Laid Plans","floor":2.0},{"not_picked":["Poisoned Stab","Deflect"],"picked":"Blur","floor":6.0},{"not_picked":["Bane","Slice"],"picked":"Corpse Explosion","floor":7.0},{"not_picked":["Underhanded Strike","Reflex","Cloak And Dagger"],"picked":"SKIP","floor":10.0},{"not_picked":["A Thousand Cuts","Grand Finale"],"picked":"Die Die Die","floor":16.0},{"not_picked":["Endless Agony","Concentrate"],"picked":"Distraction","floor":18.0},{"not_picked":["Outmaneuver","Underhanded Strike","Eviscerate"],"picked":"SKIP","floor":27},{"not_picked":["Underhanded Strike","Eviscerate"],"picked":"Deadly Poison","floor":28},{"not_picked":["Slice","Endless Agony"],"picked":"Dagger Throw","floor":30},{"not_picked":["Deadly Poison","Cloak And Dagger"],"picked":"Poisoned Stab+1","floor":31},{"not_picked":["Unload","Glass Knife"],"picked":"Burst","floor":33},{"not_picked":["Sucker Punch","Expertise"],"picked":"Catalyst+1","floor":35},{"not_picked":["Underhanded Strike","Masterful Stab"],"picked":"Dodge and Roll","floor":36}],"player_experience":340544,"relics_obtained":[{"floor":9.0,"key":"PreservedInsect"},{"floor":10.0,"key":"Bag of Marbles"},{"floor":26,"key":"Snake Skull"}],"event_choices":[{"damage_healed":0.0,"max_hp_gain":0.0,"max_hp_loss":0.0,"gold_gain":0.0,"event_name":"Scrap Ooze","player_choice":"Success","floor":3.0,"gold_loss":0.0,"damage_taken":12.0,"relics_obtained":["Happy Flower"]},{"damage_healed":0.0,"max_hp_gain":0.0,"max_hp_loss":0.0,"gold_gain":0.0,"cards_transformed":["Defend_G"],"event_name":"Transmorgrifier","player_choice":"Transformed","floor":5.0,"gold_loss":0.0,"damage_taken":0.0,"cards_obtained":["Noxious Fumes"]},{"damage_healed":0.0,"max_hp_gain":0.0,"max_hp_loss":0.0,"gold_gain":175.0,"event_name":"Liars Game","player_choice":"AGREE","floor":14.0,"gold_loss":0.0,"damage_taken":0.0,"cards_obtained":["Doubt"]},{"damage_healed":0.0,"max_hp_gain":0.0,"max_hp_loss":0.0,"gold_gain":0.0,"event_name":"The Mausoleum","player_choice":"Opened","floor":19.0,"gold_loss":0.0,"damage_taken":0.0,"relics_obtained":["Ancient Tea Set"]},{"damage_healed":0.0,"max_hp_gain":0.0,"max_hp_loss":0.0,"gold_gain":99.0,"event_name":"Nest","player_choice":"Stole From Cult","floor":20.0,"gold_loss":0.0,"damage_taken":0.0},{"damage_healed":0.0,"max_hp_gain":0.0,"max_hp_loss":0.0,"gold_gain":0.0,"event_name":"Back to Basics","player_choice":"Simplicity","floor":21.0,"gold_loss":0.0,"damage_taken":0.0,"cards_upgraded":["Defend_G","Defend_G","Defend_G","Defend_G","Strike_G","Strike_G","Strike_G","Strike_G","Strike_G"]},{"damage_healed":23,"gold_gain":0,"player_choice":"Heal","damage_taken":0,"max_hp_gain":0,"max_hp_loss":0,"event_name":"The Library","floor":22,"gold_loss":0}],"is_beta":false,"boss_relics":[{"not_picked":["Orrery","Tiny House"],"picked":"Eternal Feather"},{"not_picked":["Fusion Hammer","Runic Pyramid"],"picked":"Black Star"}],"items_purged_floors":[],"is_endless":false,"potions_floor_spawned":[6,10,27,31],"killed_by":"4 Shapes","ascension_level":12}