{"gold_per_floor":[119,134,4,15,15,15,40,40,63,94,106,122,47,47,47,118,118,132,132,132,148,69,69,99,109,109,109,125,158,158,158,158,232,232,244,644,383,400,400,429,429,443,470,470,495,92,141,141,141,141],"floor_reached":51,"playtime":3467,"items_purged":["Strike_R","Strike_R+1"],"score":1461,"play_id":"273771c5-4566-4a9e-a9e1-10327b68c21a","local_time":"20190526130337","is_ascension_mode":true,"campfire_choices":[{"data":"Carnage","floor":6.0,"key":"SMITH"},{"data":"Inflame","floor":8.0,"key":"SMITH"},{"data":"Flame Barrier","floor":15.0,"key":"SMITH"},{"data":"Inflame","floor":23.0,"key":"SMITH"},{"data":"Offering","floor":27,"key":"SMITH"},{"data":"Shrug It Off","floor":30,"key":"SMITH"},{"data":"Bash","floor":32,"key":"SMITH"},{"data":"Heavy Blade","floor":41,"key":"SMITH"},{"data":"Uppercut","floor":49,"key":"SMITH"}],"neow_cost":"NONE","seed_source_timestamp":5431625139709,"circlet_count":0,"master_deck":["AscendersBane","Defend_R+1","Defend_R+1","Defend_R+1","Defend_R+1","Bash+1","Carnage+1","Battle Trance","Inflame+1","Feed","Flame Barrier+1","Offering+1","Clothesline+1","Pummel","Inflame+1","Shrug It Off+1","Juggernaut+1","Demon Form+1","Pommel Strike+1","Feel No Pain+1","Heavy Blade+1","Shrug It Off","Uppercut+1","Writhe"],"special_seed":0,"relics":["Burning Blood","PreservedInsect","Lantern","Bird Faced Urn","Sozu","Letter Opener","Frozen Egg 2","Gambling Chip","Velvet Choker","Old Coin","Pen Nib","Champion Belt","Bag of Preparation","Bag of Marbles","Pocketwatch","Girya"],"potions_floor_usage":[],"damage_taken":[{"damage":7.0,"enemies":"Jaw Worm","floor":1.0,"turns":3.0},{"damage":0.0,"enemies":"2 Louse","floor":2.0,"turns":2.0},{"damage":1.0,"enemies":"Small Slimes","floor":4.0,"turns":3.0},{"damage":18.0,"enemies":"Gremlin Nob","floor":7.0,"turns":3.0},{"damage":15.0,"enemies":"3 Sentries","floor":10.0,"turns":4.0},{"damage":8.0,"enemies":"3 Louse","floor":11.0,"turns":2.0},{"damage":3.0,"enemies":"Blue Slaver","floor":12.0,"turns":2.0},{"damage":29.0,"enemies":"The Guardian","floor":16.0,"turns":9.0},{"damage":21.0,"enemies":"Shell Parasite","floor":18.0,"turns":3.0},{"damage":0.0,"enemies":"3 Byrds","floor":21.0,"turns":3.0},{"damage":16.0,"enemies":"Book of Stabbing","floor":24.0,"turns":3.0},{"damage":13,"enemies":"Snecko","floor":25,"turns":4},{"damage":6,"enemies":"Sentry and Sphere","floor":28,"turns":2},{"damage":14,"enemies":"Slavers","floor":29,"turns":4},{"damage":66,"enemies":"Automaton","floor":33,"turns":11},{"damage":14,"enemies":"Orb Walker","floor":35,"turns":3},{"damage":0,"enemies":"Mind Bloom Boss Battle","floor":36,"turns":5},{"damage":7,"enemies":"3 Darklings","floor":38,"turns":5},{"damage":33,"enemies":"Reptomancer","floor":40,"turns":4},{"damage":6,"enemies":"Spire Growth","floor":42,"turns":3},{"damage":6,"enemies":"Nemesis","floor":45,"turns":3},{"damage":31,"enemies":"2 Orb Walkers","floor":47,"turns":4},{"damage":57,"enemies":"Awakened One","floor":50,"turns":9}],"seed_played":"-8224821423552457284","potions_obtained":[{"floor":1.0,"key":"FairyPotion"},{"floor":4.0,"key":"Weak Potion"},{"floor":10.0,"key":"BloodPotion"},{"floor":16.0,"key":"GamblersBrew"}],"is_trial":false,"path_per_floor":["M","M","$","M","$","R","E","R","T","E","M","M","?","?","R","B",null,"M","?","$","M","$","R","E","M","T","R","M","E","R","?","R","B",null,"M","?","$","M","?","E","R","M","T","?","E","$","?","?","R","B",null],"character_chosen":"IRONCLAD","items_purchased":["Fire Potion","Inflame","Pen Nib","Pocketwatch","Uppercut"],"campfire_rested":0,"item_purchase_floors":[3,22,37,46,46],"current_hp_per_floor":[67,73,73,75,75,75,63,63,63,57,68,74,74,67,67,49,78,68,68,68,79,79,79,76,71,71,71,78,75,75,75,75,24,85,81,98,98,106,106,87,87,95,95,95,104,104,88,111,111,71],"gold":141,"neow_bonus":"TRANSFORM_CARD","is_prod":false,"is_daily":false,"chose_seed":false,"campfire_upgraded":9,"win_rate":0,"timestamp":1558868617,"path_taken":["M","M","$","M","$","R","E","R","T","E","M","M","?","?","R","BOSS","M","?","$","M","$","R","E","M","T","R","M","E","R","?","R","BOSS","M","?","$","M","?","E","R","?","T","?","E","$","?","?","R","BOSS"],"build_version":"2019-01-23","purchased_purges":2,"victory":true,"max_hp_per_floor":[75,75,75,75,75,75,75,75,75,78,81,84,84,84,84,87,87,90,90,90,93,93,93,96,96,96,96,99,102,102,102,102,105,105,105,108,108,111,111,111,111,111,111,111,114,114,117,117,117,120],"card_choices":[{"not_picked":["Entrench","Flex"],"picked":"Battle Trance","floor":1.0},{"not_picked":["Cleave","Warcry"],"picked":"Inflame","floor":2.0},{"not_picked":["True Grit","Flex"],"picked":"Cleave","floor":4.0},{"not_picked":["Ghostly Armor","Wild Strike"],"picked":"Feed","floor":7.0},{"not_picked":["Dropkick","Dual Wield"],"picked":"Flame Barrier","floor":10.0},{"not_picked":["Twin Strike","Clothesline","True Grit"],"picked":"SKIP","floor":11.0},{"not_picked":["Iron Wave","True Grit","Clash"],"picked":"SKIP","floor":12.0},{"not_picked":["Juggernaut","Demon Form"],"picked":"Offering","floor":16.0},{"not_picked":["Pommel Strike","Armaments"],"picked":"Clothesline+1","floor":18.0},{"not_picked":["Cleave","Body Slam","Berserk"],"picked":"SKIP","floor":21.0},{"not_picked":["Body Slam","Perfected Strike","Havoc"],"picked":"SKIP","floor":24.0},{"not_picked":["Body Slam","Perfected Strike","Havoc"],"picked":"SKIP","floor":24.0},{"not_picked":["Body Slam","Perfected Strike","Havoc"],"picked":"SKIP","floor":24.0},{"not_picked":["Armaments","Dual Wield","Anger"],"picked":"SKIP","floor":25},{"not_picked":["Havoc","True Grit"],"picked":"Shrug It Off","floor":28},{"not_picked":["Rupture+1","Dropkick"],"picked":"Juggernaut+1","floor":29},{"not_picked":["Brutality+1","Berserk+1"],"picked":"Demon Form+1","floor":33},{"not_picked":["Havoc","Clash"],"picked":"Pommel Strike+1","floor":35},{"not_picked":["Perfected Strike","Wild Strike"],"picked":"Feel No Pain+1","floor":36},{"not_picked":["Metallicize+1","Havoc","Flex"],"picked":"SKIP","floor":38},{"not_picked":["Metallicize+1","Havoc","Flex"],"picked":"SKIP","floor":38},{"not_picked":["Headbutt+1","Shrug It Off"],"picked":"Heavy Blade","floor":40},{"not_picked":["Twin Strike","Perfected Strike","Armaments+1"],"picked":"SKIP","floor":42},{"not_picked":["Twin Strike","Perfected Strike","Armaments+1"],"picked":"SKIP","floor":42},{"not_picked":["Infernal Blade","Intimidate"],"picked":"Shrug It Off","floor":45}],"player_experience":72343,"relics_obtained":[{"floor":7.0,"key":"PreservedInsect"},{"floor":9.0,"key":"Lantern"},{"floor":10.0,"key":"Bird Faced Urn"},{"floor":24.0,"key":"Letter Opener"},{"floor":26,"key":"Frozen Egg 2"},{"floor":29,"key":"Gambling Chip"},{"floor":36,"key":"Old Coin"},{"floor":40,"key":"Champion Belt"},{"floor":43,"key":"Bag of Preparation"},{"floor":45,"key":"Bag of Marbles"},{"floor":47,"key":"Girya"}],"event_choices":[{"cards_removed":["Strike_R"],"damage_healed":0.0,"max_hp_gain":0.0,"max_hp_loss":0.0,"gold_gain":0.0,"event_name":"The Cleric","player_choice":"Card Removal","floor":13.0,"gold_loss":75.0,"damage_taken":0.0},{"cards_removed":["Strike_R"],"damage_healed":0.0,"max_hp_gain":0.0,"max_hp_loss":0.0,"gold_gain":0.0,"event_name":"Golden Wing","player_choice":"Card Removal","floor":14.0,"gold_loss":0.0,"damage_taken":7.0},{"damage_healed":0.0,"max_hp_gain":0.0,"max_hp_loss":0.0,"gold_gain":0.0,"event_name":"The Library","player_choice":"Read","floor":19.0,"gold_loss":0.0,"damage_taken":0.0,"cards_obtained":["Pummel"]},{"damage_healed":0,"gold_gain":0,"player_choice":"Simplicity","damage_taken":0,"max_hp_gain":0,"max_hp_loss":0,"event_name":"Back to Basics","floor":31,"gold_loss":0,"cards_upgraded":["Strike_R","Defend_R","Defend_R","Defend_R","Defend_R"]},{"damage_healed":0,"gold_gain":0,"player_choice":"Fight","damage_taken":0,"max_hp_gain":0,"max_hp_loss":0,"event_name":"MindBloom","floor":36,"gold_loss":0},{"cards_removed":["Cleave"],"damage_healed":0,"gold_gain":0,"player_choice":"Purged","damage_taken":0,"max_hp_gain":0,"max_hp_loss":0,"event_name":"Purifier","floor":39,"gold_loss":0},{"damage_healed":0,"gold_gain":0,"player_choice":"Ignored","damage_taken":0,"max_hp_gain":0,"max_hp_loss":0,"event_name":"Tomb of Lord Red Mask","floor":44,"gold_loss":0},{"damage_healed":0,"gold_gain":0,"player_choice":"Fight","damage_taken":0,"max_hp_gain":0,"max_hp_loss":0,"event_name":"Mysterious Sphere","floor":47,"gold_loss":0},{"damage_healed":23,"gold_gain":0,"player_choice":"Writhe","damage_taken":0,"max_hp_gain":0,"max_hp_loss":0,"event_name":"Winding Halls","floor":48,"gold_loss":0,"cards_obtained":["Writhe"]}],"is_beta":false,"boss_relics":[{"not_picked":["Coffee Dripper","Runic Cube"],"picked":"Sozu"},{"not_picked":["Tiny House","Empty Cage"],"picked":"Velvet Choker"}],"items_purged_floors":[3,37],"is_endless":false,"potions_floor_spawned":[1,4,10,16,25,28,29,33,40,42,45,47],"ascension_level":17}