{"gold_per_floor":[17,27,38,54,54,84,99,162,162,66,66,66,85,85,85,184,184,197,210,227,72,82,82,62,87,138,138,150,150,169,180,180,180],"floor_reached":33,"playtime":2996,"items_purged":[],"score":312,"play_id":"9e0775e7-bf88-400d-b5f7-7de2c157e242","local_time":"20190412155104","is_ascension_mode":true,"campfire_choices":[{"floor":11.0,"key":"REST"},{"data":"Zap","floor":15.0,"key":"SMITH"},{"data":"Electrodynamics","floor":23.0,"key":"SMITH"},{"floor":27,"key":"REST"},{"floor":29,"key":"REST"},{"data":"Seek","floor":32,"key":"SMITH"}],"neow_cost":"NO_GOLD","seed_source_timestamp":144418460706058,"circlet_count":0,"master_deck":["Strike_B","Strike_B","Strike_B","Defend_B","Defend_B","Defend_B","Defend_B","Zap+1","Dualcast+1","Seek+1","Defragment","Sweeping Beam","Sweeping Beam","Sunder","FTL","Ball Lightning","Leap","Coolheaded","Reprogram","Scrape","Cold Snap","Electrodynamics+1","Hologram","Coolheaded","Defragment","Conserve Battery","Ball Lightning","Tempest+1","Conserve Battery+1","Streamline+1","Compile Driver","Reprogram+1","Cold Snap+1","White Noise+1"],"special_seed":0,"relics":["Cracked Core","Potion Belt","Emotion Chip","Bottled Lightning","Ornamental Fan","Orrery","Oddly Smooth Stone","Centennial Puzzle"],"potions_floor_usage":[25,25,25,30],"damage_taken":[{"damage":9.0,"enemies":"2 Louse","floor":1.0,"turns":3.0},{"damage":2.0,"enemies":"Jaw Worm","floor":2.0,"turns":3.0},{"damage":0.0,"enemies":"Small Slimes","floor":3.0,"turns":2.0},{"damage":9.0,"enemies":"2 Fungi Beasts","floor":4.0,"turns":3.0},{"damage":26.0,"enemies":"Gremlin Nob","floor":6.0,"turns":4.0},{"damage":4.0,"enemies":"Red Slaver","floor":7.0,"turns":3.0},{"damage":10.0,"enemies":"Gremlin Nob","floor":8.0,"turns":3.0},{"damage":7.0,"enemies":"Exordium Wildlife","floor":13.0,"turns":3.0},{"damage":19.0,"enemies":"Slime Boss","floor":16.0,"turns":9.0},{"damage":20.0,"enemies":"2 Thieves","floor":18.0,"turns":3.0},{"damage":1.0,"enemies":"Spheric Guardian","floor":19.0,"turns":3.0},{"damage":20.0,"enemies":"Shelled Parasite and Fungi","floor":20.0,"turns":6.0},{"damage":8.0,"enemies":"Cultist and Chosen","floor":22.0,"turns":4.0},{"damage":19,"enemies":"Slavers","floor":25,"turns":3},{"damage":4,"enemies":"Chosen and Byrds","floor":28,"turns":5},{"damage":8,"enemies":"Snecko","floor":30,"turns":4},{"damage":9,"enemies":"Centurion and Healer","floor":31,"turns":8},{"damage":34,"enemies":"Champ","floor":33,"turns":9}],"seed_played":"6064476477339464110","potions_obtained":[{"floor":1.0,"key":"FearPotion"},{"floor":4.0,"key":"Weak Potion"},{"floor":6.0,"key":"Swift Potion"},{"floor":7.0,"key":"Fire Potion"},{"floor":18.0,"key":"Block Potion"},{"floor":19.0,"key":"AttackPotion"},{"floor":20.0,"key":"FearPotion"},{"floor":24.0,"key":"PowerPotion"},{"floor":31,"key":"SpeedPotion"}],"is_trial":false,"path_per_floor":["M","M","M","M","?","E","M","?","T","$","R","?","M","?","R","B",null,"M","M","M","$","M","R","?","E","T","R","M","R","M","M","R","B"],"character_chosen":"DEFECT","items_purchased":["Coolheaded","Reprogram","Oddly Smooth Stone"],"campfire_rested":3,"item_purchase_floors":[10,10,21],"current_hp_per_floor":[66,64,64,55,48,22,18,8,8,8,30,30,23,23,23,4,75,55,54,34,34,26,26,26,7,7,29,25,47,39,30,30,0],"gold":180,"neow_bonus":"THREE_RARE_CARDS","is_prod":false,"is_daily":false,"chose_seed":false,"campfire_upgraded":3,"win_rate":0,"timestamp":1555109464,"path_taken":["M","M","M","M","?","E","M","?","T","$","R","?","?","?","R","BOSS","M","M","?","$","M","R","?","E","T","R","M","R","M","M","R","BOSS"],"build_version":"2019-01-23","purchased_purges":0,"victory":false,"max_hp_per_floor":[75,75,75,75,75,75,75,75,75,75,75,75,75,75,75,75,75,75,75,75,75,75,75,75,75,75,75,75,75,75,75,75,75],"card_choices":[{"not_picked":["Reboot","Biased Cognition"],"picked":"Seek","floor":0.0},{"not_picked":["Beam Cell","Conserve Battery"],"picked":"Defragment","floor":1.0},{"not_picked":["Steam","Fusion"],"picked":"Sweeping Beam","floor":2.0},{"not_picked":["Redo","Stack"],"picked":"Sweeping Beam","floor":3.0},{"not_picked":["Scrape","Hologram"],"picked":"Sunder","floor":4.0},{"not_picked":["Conserve Battery","Defragment"],"picked":"FTL","floor":6.0},{"not_picked":["Steam","Hologram"],"picked":"Ball Lightning","floor":7.0},{"not_picked":["Rebound","Coolheaded"],"picked":"Leap","floor":8.0},{"not_picked":["Go for the Eyes","Tempest"],"picked":"Cold Snap","floor":13.0},{"not_picked":["Creative AI","Rainbow"],"picked":"Electrodynamics","floor":16.0},{"not_picked":["Turbo","Streamline"],"picked":"Hologram","floor":17.0},{"not_picked":["Chaos","Redo"],"picked":"Coolheaded","floor":17.0},{"not_picked":["Gash","Sweeping Beam"],"picked":"Defragment","floor":17.0},{"not_picked":["Force Field","Barrage"],"picked":"Conserve Battery","floor":17.0},{"not_picked":["Hyperbeam","Leap"],"picked":"Ball Lightning","floor":17.0},{"not_picked":["Go for the Eyes","Coolheaded+1"],"picked":"Tempest+1","floor":18.0},{"not_picked":["Chaos","Ball Lightning"],"picked":"Conserve Battery+1","floor":19.0},{"not_picked":["Steam+1","Compile Driver"],"picked":"Streamline+1","floor":20.0},{"not_picked":["Glacier","Reinforced Body"],"picked":"Compile Driver","floor":22.0},{"not_picked":["Doom and Gloom","Steam Power","Skim"],"picked":"SKIP","floor":25},{"not_picked":["Beam Cell","Conserve Battery"],"picked":"Reprogram+1","floor":28},{"not_picked":["Force Field","Turbo"],"picked":"Cold Snap+1","floor":30},{"not_picked":["Streamline+1","Beam Cell+1"],"picked":"White Noise+1","floor":31}],"player_experience":395149,"relics_obtained":[{"floor":6.0,"key":"Emotion Chip"},{"floor":8.0,"key":"Bottled Lightning"},{"floor":9.0,"key":"Ornamental Fan"},{"floor":25,"key":"Centennial Puzzle"}],"event_choices":[{"damage_healed":0.0,"max_hp_gain":0.0,"max_hp_loss":0.0,"gold_gain":0.0,"event_name":"Scrap Ooze","player_choice":"Success","floor":5.0,"gold_loss":0.0,"damage_taken":7.0,"relics_obtained":["Potion Belt"]},{"damage_healed":0.0,"max_hp_gain":0.0,"max_hp_loss":0.0,"gold_gain":30.0,"event_name":"Dead Adventurer","player_choice":"Searched \u00273\u0027 times","floor":8.0,"gold_loss":0.0,"damage_taken":0.0},{"damage_healed":0.0,"max_hp_gain":0.0,"max_hp_loss":0.0,"gold_gain":0.0,"cards_transformed":["Strike_B"],"event_name":"Transmorgrifier","player_choice":"Transformed","floor":12.0,"gold_loss":0.0,"damage_taken":0.0,"cards_obtained":["Scrape"]},{"damage_healed":0.0,"max_hp_gain":0.0,"max_hp_loss":0.0,"gold_gain":0.0,"event_name":"Accursed Blacksmith","player_choice":"Forge","floor":14.0,"gold_loss":0.0,"damage_taken":0.0,"cards_upgraded":["Dualcast"]},{"damage_healed":0.0,"max_hp_gain":0.0,"max_hp_loss":0.0,"gold_gain":0.0,"event_name":"The Woman in Blue","player_choice":"Bought 1 Potion","floor":24.0,"gold_loss":0.0,"damage_taken":0.0}],"is_beta":false,"boss_relics":[{"not_picked":["Astrolabe","Calling Bell"],"picked":"Orrery"}],"items_purged_floors":[],"is_endless":false,"potions_floor_spawned":[1,4,6,7,18,19,20,31],"killed_by":"Champ","ascension_level":3}