{"gold_per_floor":[111,128,139,94,113,113,140,153,153,168,48,48,48,66,66,167,167,187,50,62,75,87,87,101,101,101,115,115,115],"floor_reached":29,"playtime":2694,"items_purged":[],"score":256,"play_id":"5e53f08b-6239-4de5-952b-92a6884b5542","local_time":"20190416130556","is_ascension_mode":false,"campfire_choices":[{"data":"Deflect","floor":6,"key":"SMITH"},{"floor":13,"key":"REST"},{"data":"Endless Agony","floor":15,"key":"SMITH"},{"floor":23,"key":"REST"},{"floor":25,"key":"REST"}],"neow_cost":"NONE","seed_source_timestamp":11441228934900,"circlet_count":0,"master_deck":["Defend_G","Defend_G","Defend_G","Defend_G","Defend_G","Strike_G","Strike_G","Strike_G","Strike_G","Strike_G","Survivor","Neutralize","Blind","Choke","Deflect+1","Poisoned Stab","Poisoned Stab","Noxious Fumes","Endless Agony+1","After Image","Dagger Spray","Quick Slash","Blade Dance","Slice","Distraction","Burst","Masterful Stab+1","Riddle With Holes","Outmaneuver","Dagger Throw","Blade Dance+1","Deadly Poison","Backstab","Choke+1","Endless Agony+1"],"relics":["Ring of the Serpent","Oddly Smooth Stone","Pantograph","Frozen Egg 2"],"potions_floor_usage":[16,18,20,21,22,24,27,29],"damage_taken":[{"damage":0,"enemies":"Jaw Worm","floor":1,"turns":6},{"damage":0,"enemies":"Cultist","floor":2,"turns":3},{"damage":0,"enemies":"2 Louse","floor":3,"turns":3},{"damage":4,"enemies":"Blue Slaver","floor":5,"turns":5},{"damage":20,"enemies":"Gremlin Nob","floor":7,"turns":5},{"damage":0,"enemies":"Large Slime","floor":8,"turns":6},{"damage":7,"enemies":"Lots of Slimes","floor":10,"turns":5},{"damage":0,"enemies":"Exordium Wildlife","floor":14,"turns":2},{"damage":33,"enemies":"Slime Boss","floor":16,"turns":9},{"damage":0,"enemies":"Spheric Guardian","floor":18,"turns":3},{"damage":7,"enemies":"Shell Parasite","floor":20,"turns":5},{"damage":15,"enemies":"Centurion and Healer","floor":21,"turns":7},{"damage":9,"enemies":"Snake Plant","floor":22,"turns":7},{"damage":20,"enemies":"Sentry and Sphere","floor":24,"turns":5},{"damage":10,"enemies":"3 Cultists","floor":27,"turns":5},{"damage":54,"enemies":"Slavers","floor":29,"turns":4}],"seed_played":"-5076496749714066898","potions_obtained":[{"floor":8,"key":"Dexterity Potion"},{"floor":10,"key":"Fire Potion"},{"floor":12,"key":"PowerPotion"},{"floor":16,"key":"Strength Potion"},{"floor":20,"key":"Weak Potion"},{"floor":21,"key":"SkillPotion"},{"floor":24,"key":"AttackPotion"}],"is_trial":false,"path_per_floor":["M","M","M","$","M","R","E","M","T","M","$","?","R","M","R","B",null,"M","$","M","M","M","R","M","R","T","M","?","E"],"character_chosen":"THE_SILENT","items_purchased":["Poisoned Stab","Quick Slash","Blade Dance","Slice","Block Potion","Riddle With Holes","Outmaneuver"],"campfire_rested":3,"item_purchase_floors":[4,11,11,11,19,19,19],"current_hp_per_floor":[70,70,70,70,66,66,46,46,46,39,39,39,60,60,60,37,70,70,70,63,48,39,60,40,61,61,51,51,0],"gold":115,"neow_bonus":"RANDOM_COLORLESS","is_prod":false,"is_daily":false,"chose_seed":false,"campfire_upgraded":2,"win_rate":0.0,"timestamp":1555412756,"path_taken":["M","M","M","$","M","R","E","M","T","M","$","?","R","M","R","BOSS","M","$","M","M","?","R","M","R","T","M","?","E"],"build_version":"2019-01-23","purchased_purges":0,"victory":false,"max_hp_per_floor":[70,70,70,70,70,70,70,70,70,70,70,70,70,70,70,70,70,70,70,70,70,70,70,70,70,70,70,70,70],"card_choices":[{"not_picked":["Quick Slash","Outmaneuver"],"picked":"Choke","floor":1},{"not_picked":["Underhanded Strike","Dodge and Roll"],"picked":"Deflect","floor":2},{"not_picked":["Underhanded Strike","PiercingWail"],"picked":"Poisoned Stab","floor":3},{"not_picked":["Prepared","Dagger Throw"],"picked":"Noxious Fumes","floor":5},{"not_picked":["Dodge and Roll","Bouncing Flask"],"picked":"Endless Agony","floor":7},{"not_picked":["Bouncing Flask","Predator"],"picked":"After Image","floor":8},{"not_picked":["Dagger Throw","Acrobatics"],"picked":"Dagger Spray","floor":10},{"not_picked":["Underhanded Strike","PiercingWail"],"picked":"Distraction","floor":14},{"not_picked":["Phantasmal Killer","Doppelganger"],"picked":"Burst","floor":16},{"not_picked":["Quick Slash","Dagger Spray+1"],"picked":"Masterful Stab+1","floor":18},{"not_picked":["Quick Slash","Backflip"],"picked":"Dagger Throw","floor":20},{"not_picked":["Burst","PiercingWail"],"picked":"Blade Dance+1","floor":21},{"not_picked":["Outmaneuver","Backflip"],"picked":"Deadly Poison","floor":22},{"not_picked":["Well Laid Plans","Backflip"],"picked":"Backstab","floor":24},{"not_picked":["Riddle With Holes","Slice"],"picked":"Choke+1","floor":27}],"player_experience":75604,"relics_obtained":[{"floor":7,"key":"Oddly Smooth Stone"},{"floor":9,"key":"Pantograph"},{"floor":26,"key":"Frozen Egg 2"}],"event_choices":[{"damage_healed":0,"gold_gain":0,"player_choice":"Got Potions","damage_taken":0,"max_hp_gain":0,"max_hp_loss":0,"event_name":"Lab","floor":12,"gold_loss":0},{"damage_healed":0,"gold_gain":0,"player_choice":"Copied","damage_taken":0,"max_hp_gain":0,"max_hp_loss":0,"event_name":"Duplicator","floor":28,"gold_loss":0,"cards_obtained":["Endless Agony"]}],"is_beta":false,"boss_relics":[{"not_picked":["Sozu","White Beast Statue"],"picked":"Ring of the Serpent"}],"items_purged_floors":[],"is_endless":false,"potions_floor_spawned":[8,10,14,16,20,21,24],"killed_by":"Slavers","ascension_level":0}