{"gold_per_floor":[111,286,297,25,25,57,67,86,112,144,144,156,176,211,211,308,308,326,506,210,287,297,297,311,311,311,338,338,5,18,35,35,135,135,147,147,147,163,89,89],"floor_reached":40,"playtime":2158,"items_purged":["Doubt"],"score":621,"play_id":"2c62c309-73c3-4a2e-95d0-a735cbd02b15","local_time":"20190603012957","is_ascension_mode":true,"campfire_choices":[{"floor":11.0,"key":"REST"},{"floor":15.0,"key":"REST"},{"floor":23.0,"key":"REST"},{"floor":28.0,"key":"REST"},{"floor":32.0,"key":"REST"}],"neow_cost":"CURSE","seed_source_timestamp":66267738972600,"circlet_count":0,"master_deck":["Defend_G","Defend_G","Defend_G","Defend_G","Defend_G","Strike_G","Strike_G","Strike_G","Strike_G","Strike_G","Survivor","Neutralize","Footwork+1","Doubt","Dash","Glass Knife","Neutralize","PiercingWail","Bouncing Flask","Dodge and Roll","PiercingWail","Well Laid Plans","Flying Knee","Predator","A Thousand Cuts","Deadly Poison","PanicButton","Sucker Punch","Adrenaline","Noxious Fumes+1","Calculated Gamble","Bouncing Flask","Poisoned Stab","After Image","Bouncing Flask","Prepared+1","Bane+1","Poisoned Stab+1","Noxious Fumes"],"special_seed":0,"relics":["Ring of the Snake","Girya","TwistedFunnel","Orichalcum","Bag of Preparation","Omamori","The Specimen","White Beast Statue","Prayer Wheel","Bottled Flame","Nunchaku","Oddly Smooth Stone","Paper Crane","Eternal Feather"],"potions_floor_usage":[40,40,40],"damage_taken":[{"damage":12.0,"enemies":"Small Slimes","floor":1.0,"turns":5.0},{"damage":9.0,"enemies":"Cultist","floor":3.0,"turns":7.0},{"damage":25.0,"enemies":"3 Sentries","floor":6.0,"turns":11.0},{"damage":2.0,"enemies":"Jaw Worm","floor":7.0,"turns":4.0},{"damage":2.0,"enemies":"Exordium Thugs","floor":8.0,"turns":4.0},{"damage":10.0,"enemies":"Gremlin Nob","floor":10.0,"turns":5.0},{"damage":2.0,"enemies":"Red Slaver","floor":12.0,"turns":3.0},{"damage":2.0,"enemies":"Looter","floor":13.0,"turns":3.0},{"damage":23.0,"enemies":"Lagavulin","floor":14.0,"turns":8.0},{"damage":12.0,"enemies":"The Guardian","floor":16.0,"turns":12.0},{"damage":9.0,"enemies":"Chosen","floor":18.0,"turns":5.0},{"damage":10.0,"enemies":"3 Byrds","floor":22.0,"turns":6.0},{"damage":15.0,"enemies":"Snake Plant","floor":24.0,"turns":5.0},{"damage":30.0,"enemies":"Slavers","floor":27.0,"turns":7.0},{"damage":7.0,"enemies":"3 Cultists","floor":30.0,"turns":5.0},{"damage":17.0,"enemies":"Centurion and Healer","floor":31.0,"turns":8.0},{"damage":71.0,"enemies":"Champ","floor":33.0,"turns":11.0},{"damage":3.0,"enemies":"Orb Walker","floor":35.0,"turns":5.0},{"damage":20.0,"enemies":"3 Darklings","floor":38.0,"turns":5.0},{"damage":38,"enemies":"Giant Head","floor":40,"turns":6}],"seed_played":"507254323675218933","potions_obtained":[{"floor":3.0,"key":"FearPotion"},{"floor":6.0,"key":"Regen Potion"},{"floor":13.0,"key":"GhostInAJar"},{"floor":14.0,"key":"Explosive Potion"},{"floor":16.0,"key":"GhostInAJar"},{"floor":18.0,"key":"Dexterity Potion"},{"floor":24.0,"key":"Regen Potion"},{"floor":27.0,"key":"Fire Potion"},{"floor":30.0,"key":"Regen Potion"},{"floor":31.0,"key":"Regen Potion"},{"floor":33.0,"key":"SpeedPotion"},{"floor":35.0,"key":"SteroidPotion"},{"floor":38.0,"key":"Fruit Juice"}],"is_trial":false,"path_per_floor":["M","?","M","$","?","E","M","M","T","E","R","M","M","E","R","B",null,"M","?","$","T","M","R","M","?","T","E","R","$","M","M","R","B",null,"M","$","?","M","$","E"],"character_chosen":"THE_SILENT","items_purchased":["TwistedFunnel","Prayer Wheel","Paper Crane","Calculated Gamble","Noxious Fumes"],"campfire_rested":5,"item_purchase_floors":[4,20,29,29,39],"current_hp_per_floor":[51,51,42,42,42,17,15,27,27,17,38,36,34,11,32,20,58,49,21,21,21,11,32,17,40,40,25,46,46,39,37,58,1,53,50,50,50,30,30,0],"gold":89,"neow_bonus":"ONE_RARE_RELIC","is_prod":false,"is_daily":false,"chose_seed":false,"campfire_upgraded":0,"win_rate":0,"timestamp":1559550597,"path_taken":["M","?","M","$","?","E","M","?","T","E","R","M","M","E","R","BOSS","M","?","$","?","?","R","M","?","T","E","R","$","M","M","R","BOSS","M","$","?","M","$","E"],"build_version":"2019-01-23","purchased_purges":1,"victory":false,"max_hp_per_floor":[70,70,70,70,70,70,70,70,70,70,70,70,70,70,70,70,70,70,70,70,70,70,70,70,70,70,70,70,70,70,70,70,70,70,70,70,70,70,70,75],"card_choices":[{"not_picked":["Prepared","Well Laid Plans"],"picked":"Footwork","floor":1.0},{"not_picked":["Prepared","Quick Slash"],"picked":"Dash","floor":3.0},{"not_picked":["Eviscerate","Masterful Stab"],"picked":"PiercingWail","floor":6.0},{"not_picked":["Prepared","Acrobatics"],"picked":"Bouncing Flask","floor":7.0},{"not_picked":["Dash","Sucker Punch"],"picked":"Dodge and Roll","floor":8.0},{"not_picked":["Accuracy","Infinite Blades"],"picked":"PiercingWail","floor":10.0},{"not_picked":["Backflip","Cloak And Dagger"],"picked":"Well Laid Plans","floor":12.0},{"not_picked":["Quick Slash","Night Terror"],"picked":"Flying Knee","floor":13.0},{"not_picked":["Dagger Spray","Choke"],"picked":"Predator","floor":14.0},{"not_picked":["Unload","Grand Finale"],"picked":"A Thousand Cuts","floor":16.0},{"not_picked":["Quick Slash+1","Poisoned Stab+1"],"picked":"Deadly Poison","floor":18.0},{"not_picked":["Riddle With Holes","Dagger Spray"],"picked":"Sucker Punch","floor":22.0},{"not_picked":["Flying Knee","Outmaneuver","Setup"],"picked":"SKIP","floor":22.0},{"not_picked":["Prepared+1","Backflip"],"picked":"Adrenaline","floor":24.0},{"not_picked":["Backstab","Outmaneuver","Distraction"],"picked":"SKIP","floor":24.0},{"not_picked":["Dagger Spray","Setup+1"],"picked":"Noxious Fumes+1","floor":27.0},{"not_picked":["Quick Slash","Underhanded Strike","Blade Dance+1"],"picked":"SKIP","floor":30.0},{"not_picked":["Cloak And Dagger","Blade Dance+1","Dodge and Roll"],"picked":"SKIP","floor":30.0},{"not_picked":["Backflip","Underhanded Strike"],"picked":"Bouncing Flask","floor":31.0},{"not_picked":["Endless Agony","Eviscerate"],"picked":"Poisoned Stab","floor":31.0},{"not_picked":["Wraith Form v2","Glass Knife"],"picked":"After Image","floor":33.0},{"not_picked":["Tactician","Acrobatics+1"],"picked":"Bouncing Flask","floor":35.0},{"not_picked":["Slice+1","Tactician+1"],"picked":"Prepared+1","floor":35.0},{"not_picked":["Reflex","Caltrops"],"picked":"Bane+1","floor":38.0},{"not_picked":["Bane","Outmaneuver"],"picked":"Poisoned Stab+1","floor":38.0}],"player_experience":219318,"relics_obtained":[{"floor":6.0,"key":"Orichalcum"},{"floor":9.0,"key":"Bag of Preparation"},{"floor":10.0,"key":"Omamori"},{"floor":14.0,"key":"The Specimen"},{"floor":21.0,"key":"Bottled Flame"},{"floor":26.0,"key":"Nunchaku"},{"floor":27.0,"key":"Oddly Smooth Stone"}],"event_choices":[{"damage_healed":0.0,"max_hp_gain":0.0,"max_hp_loss":0.0,"gold_gain":175.0,"event_name":"Liars Game","player_choice":"AGREE","floor":2.0,"gold_loss":0.0,"damage_taken":0.0,"cards_obtained":["Doubt"]},{"damage_healed":0.0,"max_hp_gain":0.0,"max_hp_loss":0.0,"gold_gain":0.0,"event_name":"Match and Keep!","player_choice":"2 cards matched","floor":5.0,"gold_loss":0.0,"damage_taken":0.0,"cards_obtained":["Glass Knife","Neutralize"]},{"damage_healed":0.0,"max_hp_gain":0.0,"max_hp_loss":0.0,"gold_gain":180.0,"event_name":"Knowing Skull","player_choice":"GOLD CARD GOLD ","floor":19.0,"potions_obtained":[],"gold_loss":0.0,"damage_taken":28.0,"cards_obtained":["PanicButton"]},{"damage_healed":23.0,"max_hp_gain":0.0,"max_hp_loss":0.0,"gold_gain":0.0,"event_name":"The Library","player_choice":"Heal","floor":25.0,"gold_loss":0.0,"damage_taken":0.0},{"damage_healed":0.0,"max_hp_gain":0.0,"max_hp_loss":0.0,"gold_gain":0.0,"event_name":"Upgrade Shrine","player_choice":"Upgraded","floor":37.0,"gold_loss":0.0,"damage_taken":0.0,"cards_upgraded":["Footwork"]}],"is_beta":false,"boss_relics":[{"not_picked":["WristBlade","Cursed Key"],"picked":"White Beast Statue"},{"not_picked":["Busted Crown","Fusion Hammer"],"picked":"Eternal Feather"}],"items_purged_floors":[4],"is_endless":false,"potions_floor_spawned":[3,6,13,14,16,18,22,24,27,30,31,33,35,38],"killed_by":"Giant Head","ascension_level":8}