{"gold_per_floor":[119,294,369,386,14,47,47,78,131,96,108,126,136,150,150,247,247,266,293,293,308,31,31,66,66,137,137,157,169,169,169,169,169],"floor_reached":33,"playtime":1418,"items_purged":[],"score":480,"play_id":"1b561159-056a-4a3f-8e45-6f7bcb1478ee","local_time":"20190605084928","is_ascension_mode":true,"campfire_choices":[{"floor":7.0,"key":"DIG"},{"floor":15.0,"key":"REST"},{"floor":23.0,"key":"REST"},{"floor":27.0,"key":"REST"},{"floor":30,"key":"REST"},{"floor":32,"key":"DIG"}],"neow_cost":"NONE","seed_source_timestamp":99761444987200,"circlet_count":0,"master_deck":["AscendersBane","Defend_G","Defend_G+1","Defend_G+1","Defend_G","Defend_G","Strike_G","Strike_G","Strike_G","Strike_G","Strike_G","Survivor","Neutralize","PiercingWail","Flying Knee","Blur","Deflect","PiercingWail+1","Deadly Poison+1","Backstab","Bouncing Flask+1","Dash","Outmaneuver+1","Well Laid Plans","Deadly Poison+1","Secret Technique+1","Panacea+1","Prepared+1","Crippling Poison+1"],"special_seed":0,"relics":["Ring of the Snake","NeowsBlessing","Shovel","Orichalcum","Toxic Egg 2","War Paint","Potion Belt","Lizard Tail","Red Mask","Du-Vu Doll","Singing Bowl","Pocketwatch"],"potions_floor_usage":[29,29],"damage_taken":[{"damage":0.0,"enemies":"Jaw Worm","floor":1.0,"turns":1.0},{"damage":0.0,"enemies":"Small Slimes","floor":4.0,"turns":1.0},{"damage":0.0,"enemies":"3 Sentries","floor":6.0,"turns":1.0},{"damage":51.0,"enemies":"Gremlin Nob","floor":8.0,"turns":7.0},{"damage":0.0,"enemies":"2 Louse","floor":11.0,"turns":4.0},{"damage":0.0,"enemies":"Blue Slaver","floor":12.0,"turns":5.0},{"damage":2.0,"enemies":"Gremlin Gang","floor":13.0,"turns":6.0},{"damage":0.0,"enemies":"3 Louse","floor":14.0,"turns":4.0},{"damage":11.0,"enemies":"The Guardian","floor":16.0,"turns":9.0},{"damage":0.0,"enemies":"Chosen","floor":18.0,"turns":5.0},{"damage":58.0,"enemies":"Masked Bandits","floor":19.0,"turns":9.0},{"damage":16.0,"enemies":"Spheric Guardian","floor":21.0,"turns":4.0},{"damage":32.0,"enemies":"Slavers","floor":24.0,"turns":9.0},{"damage":22.0,"enemies":"Cultist and Chosen","floor":28.0,"turns":7.0},{"damage":11,"enemies":"Sentry and Sphere","floor":29,"turns":6},{"damage":95,"enemies":"Automaton","floor":33,"turns":12}],"seed_played":"3391189322864079080","potions_obtained":[{"floor":4.0,"key":"Dexterity Potion"},{"floor":6.0,"key":"Fire Potion"},{"floor":13.0,"key":"Ancient Potion"},{"floor":14.0,"key":"SkillPotion"},{"floor":16.0,"key":"SteroidPotion"},{"floor":19.0,"key":"SteroidPotion"},{"floor":24.0,"key":"Dexterity Potion"},{"floor":28.0,"key":"Strength Potion"}],"is_trial":false,"path_per_floor":["M","?","?","M","$","E","R","E","T","?","M","M","M","M","R","B",null,"M","?","?","M","$","R","E","$","T","R","M","M","R","?","R","B"],"character_chosen":"THE_SILENT","items_purchased":["Shovel","Blur","Secret Technique+1","Panacea+1"],"campfire_rested":4,"item_purchase_floors":[5,5,22,22],"current_hp_per_floor":[63,63,52,52,52,52,52,1,1,18,18,18,16,16,37,26,59,59,1,1,24,24,45,13,13,13,34,12,3,24,82,82,0],"gold":169,"neow_bonus":"THREE_ENEMY_KILL","is_prod":false,"is_daily":false,"chose_seed":false,"campfire_upgraded":0,"win_rate":0,"timestamp":1559749768,"path_taken":["M","?","?","M","$","E","R","E","T","?","M","?","?","M","R","BOSS","M","?","?","?","$","R","E","$","T","R","M","M","R","?","R","BOSS"],"build_version":"2019-01-23","purchased_purges":0,"victory":false,"max_hp_per_floor":[70,70,70,70,70,70,70,70,70,70,70,70,70,70,70,70,70,70,70,70,70,70,70,70,70,70,70,70,72,72,82,82,82],"card_choices":[{"not_picked":["Accuracy","Backflip"],"picked":"PiercingWail","floor":1.0},{"not_picked":["Slice","Terror"],"picked":"Flying Knee","floor":4.0},{"not_picked":["Acrobatics","Flechettes"],"picked":"Deflect","floor":6.0},{"not_picked":["Acrobatics+1","A Thousand Cuts"],"picked":"PiercingWail+1","floor":8.0},{"not_picked":["Dodge and Roll+1","Flying Knee"],"picked":"Deadly Poison+1","floor":11.0},{"not_picked":["Underhanded Strike","Flying Knee"],"picked":"Backstab","floor":12.0},{"not_picked":["Well Laid Plans","Slice"],"picked":"Bouncing Flask+1","floor":13.0},{"not_picked":["Acrobatics+1","Poisoned Stab"],"picked":"Dash","floor":14.0},{"not_picked":["Phantasmal Killer+1","Glass Knife"],"picked":"Envenom","floor":16.0},{"not_picked":["Infinite Blades","PiercingWail+1"],"picked":"Outmaneuver+1","floor":18.0},{"not_picked":["Reflex+1","Bane"],"picked":"Well Laid Plans","floor":19.0},{"not_picked":["Cloak And Dagger+1","Dash+1"],"picked":"Deadly Poison+1","floor":21.0},{"not_picked":["Blade Dance+1","Unload"],"picked":"Prepared+1","floor":24.0},{"not_picked":["Flechettes","Poisoned Stab"],"picked":"Crippling Poison+1","floor":28.0},{"not_picked":["Blade Dance+1","Slice+1","Flying Knee"],"picked":"Singing Bowl","floor":29}],"player_experience":311225,"relics_obtained":[{"floor":6.0,"key":"Orichalcum"},{"floor":7.0,"key":"Toxic Egg 2"},{"floor":8.0,"key":"War Paint"},{"floor":9.0,"key":"Potion Belt"},{"floor":19.0,"key":"Red Mask"},{"floor":24.0,"key":"Du-Vu Doll"},{"floor":26.0,"key":"Singing Bowl"},{"floor":32,"key":"Pocketwatch"}],"event_choices":[{"damage_healed":0.0,"max_hp_gain":0.0,"max_hp_loss":0.0,"gold_gain":175.0,"event_name":"Liars Game","player_choice":"AGREE","floor":2.0,"gold_loss":0.0,"damage_taken":0.0,"cards_obtained":["Doubt"]},{"damage_healed":0.0,"max_hp_gain":0.0,"max_hp_loss":0.0,"gold_gain":75.0,"event_name":"World of Goop","player_choice":"Gather Gold","floor":3.0,"gold_loss":0.0,"damage_taken":11.0},{"damage_healed":17.0,"max_hp_gain":0.0,"max_hp_loss":0.0,"gold_gain":0.0,"event_name":"The Cleric","player_choice":"Healed","floor":10.0,"gold_loss":35.0,"damage_taken":0.0},{"damage_healed":0.0,"max_hp_gain":0.0,"max_hp_loss":0.0,"gold_gain":0.0,"event_name":"Masked Bandits","player_choice":"Fought Bandits","floor":19.0,"gold_loss":0.0,"damage_taken":0.0},{"cards_removed":["Doubt"],"damage_healed":0.0,"max_hp_gain":0.0,"max_hp_loss":0.0,"gold_gain":0.0,"event_name":"Fountain of Cleansing","player_choice":"Removed Curses","floor":20.0,"gold_loss":0.0,"damage_taken":0.0},{"cards_removed":["Envenom"],"damage_healed":48,"gold_gain":0,"player_choice":"Offered Rare","damage_taken":0,"max_hp_gain":10,"max_hp_loss":0,"event_name":"Bonfire Elementals","floor":31,"gold_loss":0}],"is_beta":false,"boss_relics":[{"not_picked":["Snecko Eye","Cursed Key"],"picked":"Lizard Tail"}],"items_purged_floors":[],"is_endless":false,"potions_floor_spawned":[4,6,13,14,16,19,24,28],"killed_by":"Automaton","ascension_level":12}