{"gold_per_floor":[113,125,50,50,50,88,88,131,154,154,178,192,232,232,232,232],"floor_reached":16,"playtime":490,"items_purged":[],"score":272,"play_id":"7bed002d-1038-4557-9951-c201a20613ff","local_time":"20190428162819","is_ascension_mode":true,"campfire_choices":[{"data":"Iron Wave","floor":7.0,"key":"SMITH"},{"floor":10.0,"key":"REST"},{"data":"Flame Barrier","floor":15.0,"key":"SMITH"}],"neow_cost":"NONE","seed_source_timestamp":14235278999058,"circlet_count":0,"master_deck":["AscendersBane","Strike_R","Strike_R","Strike_R","Strike_R","Strike_R","Defend_R","Defend_R","Defend_R","Bash","Ghostly Armor","Shrug It Off","Iron Wave+1","Flame Barrier+1","Pommel Strike","Shockwave","Brutality"],"special_seed":0,"relics":["Burning Blood","NeowsBlessing","Golden Idol","Red Skull","Letter Opener","Lantern","Du-Vu Doll"],"potions_floor_usage":[],"damage_taken":[{"damage":0.0,"enemies":"Jaw Worm","floor":1.0,"turns":1.0},{"damage":0.0,"enemies":"Small Slimes","floor":2.0,"turns":2.0},{"damage":0.0,"enemies":"3 Sentries","floor":6.0,"turns":2.0},{"damage":53.0,"enemies":"Gremlin Nob","floor":8.0,"turns":6.0},{"damage":0.0,"enemies":"Cultist","floor":11.0,"turns":2.0},{"damage":7.0,"enemies":"Exordium Thugs","floor":12.0,"turns":5.0},{"damage":10.0,"enemies":"3 Sentries","floor":13.0,"turns":5.0},{"damage":38,"enemies":"Hexaghost","floor":16,"turns":11}],"seed_played":"-1558718279120859595","potions_obtained":[{"floor":2.0,"key":"SpeedPotion"},{"floor":11.0,"key":"AttackPotion"},{"floor":12.0,"key":"Strength Potion"},{"floor":13.0,"key":"Strength Potion"},{"floor":14.0,"key":"Swift Potion"},{"floor":14.0,"key":"PowerPotion"}],"is_trial":false,"path_per_floor":["M","M","?","$","?","E","R","E","T","R","M","M","E","?","R","B"],"character_chosen":"IRONCLAD","items_purchased":[],"campfire_rested":1,"item_purchase_floors":[],"current_hp_per_floor":[74,75,75,75,49,55,55,8,8,30,36,35,31,31,31,0],"gold":232,"neow_bonus":"THREE_ENEMY_KILL","is_prod":false,"is_daily":false,"chose_seed":false,"campfire_upgraded":2,"win_rate":0,"timestamp":1556494099,"path_taken":["M","M","?","$","?","E","R","E","T","R","M","M","E","?","R","BOSS"],"build_version":"2019-01-23","purchased_purges":0,"victory":false,"max_hp_per_floor":[75,75,75,75,75,75,75,75,75,75,75,75,75,75,75,75],"card_choices":[{"not_picked":["Cleave","Thunderclap"],"picked":"Ghostly Armor","floor":1.0},{"not_picked":["Thunderclap","Dual Wield"],"picked":"Shrug It Off","floor":2.0},{"not_picked":["Bloodletting","Clothesline"],"picked":"Iron Wave","floor":6.0},{"not_picked":["Burning Pact","Cleave"],"picked":"Flame Barrier","floor":8.0},{"not_picked":["Wild Strike","Flame Barrier"],"picked":"Pommel Strike","floor":11.0},{"not_picked":["Disarm","Blood for Blood"],"picked":"Shockwave","floor":12.0},{"not_picked":["Warcry","Feel No Pain"],"picked":"Brutality","floor":13.0}],"player_experience":763832,"relics_obtained":[{"floor":6.0,"key":"Red Skull"},{"floor":8.0,"key":"Letter Opener"},{"floor":9.0,"key":"Lantern"},{"floor":13.0,"key":"Du-Vu Doll"}],"event_choices":[{"cards_removed":["Defend_R"],"damage_healed":0.0,"max_hp_gain":0.0,"max_hp_loss":0.0,"gold_gain":0.0,"event_name":"The Cleric","player_choice":"Card Removal","floor":3.0,"gold_loss":75.0,"damage_taken":0.0},{"damage_healed":0.0,"max_hp_gain":0.0,"max_hp_loss":0.0,"gold_gain":0.0,"event_name":"Golden Idol","player_choice":"Take Damage","floor":5.0,"gold_loss":0.0,"damage_taken":26.0,"relics_obtained":["Golden Idol"]},{"damage_healed":0.0,"max_hp_gain":0.0,"max_hp_loss":0.0,"gold_gain":0.0,"event_name":"Lab","player_choice":"Got Potions","floor":14.0,"gold_loss":0.0,"damage_taken":0.0}],"is_beta":false,"boss_relics":[],"items_purged_floors":[],"is_endless":false,"potions_floor_spawned":[2,11,12,13],"killed_by":"Hexaghost","ascension_level":18}