{"gold_per_floor":[115,125,143,93,93,118,118,134,159,170,187,215,230,244,244,340,340,353,368,99,111,111,111,140,140],"floor_reached":25,"playtime":1218,"items_purged":[],"score":419,"play_id":"8c76d63a-93e8-4e59-96c6-8b41dacceace","local_time":"20190524181102","is_ascension_mode":true,"campfire_choices":[{"data":"Doom and Gloom","floor":7.0,"key":"SMITH"},{"data":"Sunder","floor":15.0,"key":"SMITH"},{"data":"Buffer","floor":23.0,"key":"SMITH"}],"neow_cost":"NONE","seed_source_timestamp":174230015058744,"circlet_count":0,"master_deck":["AscendersBane","Strike_B","Strike_B","Strike_B","Defend_B","Defend_B","Defend_B","Defend_B","Zap","Dualcast","Glacier","Streamline","Zap","Rainbow","PanicButton","Doom and Gloom+1","Consume","Sunder+1","Cold Snap","Doom and Gloom","Hologram","Redo","Multi-Cast","Cold Snap+1","Buffer+1","Defragment","Doom and Gloom","Streamline","Defragment"],"special_seed":0,"relics":["Velvet Choker","Vajra","Bronze Scales","Ancient Tea Set","Eternal Feather","DataDisk","Enchiridion","Lantern"],"potions_floor_usage":[],"damage_taken":[{"damage":2.0,"enemies":"Jaw Worm","floor":1.0,"turns":3.0},{"damage":3.0,"enemies":"2 Louse","floor":2.0,"turns":4.0},{"damage":0.0,"enemies":"Cultist","floor":3.0,"turns":4.0},{"damage":33.0,"enemies":"3 Sentries","floor":6.0,"turns":13.0},{"damage":3.0,"enemies":"Blue Slaver","floor":8.0,"turns":3.0},{"damage":0.0,"enemies":"Exordium Wildlife","floor":10.0,"turns":1.0},{"damage":6.0,"enemies":"3 Louse","floor":11.0,"turns":2.0},{"damage":0.0,"enemies":"Lagavulin","floor":12.0,"turns":5.0},{"damage":4.0,"enemies":"2 Fungi Beasts","floor":13.0,"turns":2.0},{"damage":5.0,"enemies":"Blue Slaver","floor":14.0,"turns":3.0},{"damage":3.0,"enemies":"Hexaghost","floor":16.0,"turns":8.0},{"damage":1.0,"enemies":"3 Byrds","floor":18.0,"turns":3.0},{"damage":12.0,"enemies":"2 Thieves","floor":19.0,"turns":4.0},{"damage":13.0,"enemies":"Sentry and Sphere","floor":21.0,"turns":4.0},{"damage":24.0,"enemies":"Book of Stabbing","floor":24.0,"turns":5.0},{"damage":8,"enemies":"Chosen and Byrds","floor":25,"turns":3}],"seed_played":"-4895700028355574208","potions_obtained":[{"floor":2.0,"key":"Ancient Potion"},{"floor":3.0,"key":"Fire Potion"},{"floor":6.0,"key":"FocusPotion"},{"floor":11.0,"key":"Weak Potion"},{"floor":16.0,"key":"Fire Potion"},{"floor":18.0,"key":"FearPotion"}],"is_trial":false,"path_per_floor":["M","M","M","?","?","E","R","M","T","M","M","E","M","M","R","B",null,"M","M","$","M","?","R","E","M"],"character_chosen":"DEFECT","items_purchased":["Defragment","DataDisk","Doom and Gloom"],"campfire_rested":0,"item_purchase_floors":[20,20,20],"current_hp_per_floor":[66,63,63,63,63,30,30,27,27,27,21,21,17,12,12,9,59,58,46,46,33,17,32,8,0],"gold":140,"neow_bonus":"BOSS_RELIC","is_prod":false,"is_daily":false,"chose_seed":false,"campfire_upgraded":3,"win_rate":0,"timestamp":1558746662,"path_taken":["M","M","M","?","?","E","R","M","T","M","?","E","M","M","R","BOSS","M","M","$","M","?","R","E","M"],"build_version":"2019-01-23","purchased_purges":0,"victory":false,"max_hp_per_floor":[75,75,75,75,75,75,75,75,75,75,75,75,75,75,75,75,75,75,75,75,75,75,75,75,75],"card_choices":[{"not_picked":["Gash","Go for the Eyes"],"picked":"Glacier","floor":1.0},{"not_picked":["Reprogram","Beam Cell","Conserve Battery"],"picked":"SKIP","floor":2.0},{"not_picked":["Steam","Reprogram"],"picked":"Streamline","floor":3.0},{"not_picked":["Gash","Tempest"],"picked":"Doom and Gloom","floor":6.0},{"not_picked":["Double Energy","Force Field"],"picked":"Consume","floor":8.0},{"not_picked":["Cold Snap","Stack"],"picked":"Sunder","floor":10.0},{"not_picked":["FTL","Recycle"],"picked":"Cold Snap","floor":11.0},{"not_picked":["Coolheaded","Cold Snap"],"picked":"Doom and Gloom","floor":12.0},{"not_picked":["Reboot","Stack"],"picked":"Hologram","floor":13.0},{"not_picked":["Static Discharge","Compile Driver"],"picked":"Redo","floor":14.0},{"not_picked":["Meteor Strike","All For One"],"picked":"Multi-Cast","floor":16.0},{"not_picked":["Go for the Eyes","Stack"],"picked":"Cold Snap+1","floor":18.0},{"not_picked":["Rebound","Rip and Tear"],"picked":"Buffer","floor":19.0},{"not_picked":["Sweeping Beam","Coolheaded"],"picked":"Streamline","floor":21.0},{"not_picked":["Sunder","Double Energy"],"picked":"Defragment","floor":24.0}],"player_experience":709651,"relics_obtained":[{"floor":6.0,"key":"Vajra"},{"floor":9.0,"key":"Bronze Scales"},{"floor":12.0,"key":"Ancient Tea Set"},{"floor":22.0,"key":"Enchiridion"},{"floor":24.0,"key":"Lantern"}],"event_choices":[{"cards_removed":["Strike_B"],"damage_healed":0.0,"max_hp_gain":0.0,"max_hp_loss":0.0,"gold_gain":0.0,"event_name":"The Cleric","player_choice":"Card Removal","floor":4.0,"gold_loss":50.0,"damage_taken":0.0},{"damage_healed":0.0,"max_hp_gain":0.0,"max_hp_loss":0.0,"gold_gain":0.0,"event_name":"Match and Keep!","player_choice":"3 cards matched","floor":5.0,"gold_loss":0.0,"damage_taken":0.0,"cards_obtained":["Zap","Rainbow","PanicButton"]},{"damage_healed":0.0,"max_hp_gain":0.0,"max_hp_loss":0.0,"gold_gain":0.0,"event_name":"Cursed Tome","player_choice":"Obtained Book","floor":22.0,"gold_loss":0.0,"damage_taken":16.0}],"is_beta":false,"boss_relics":[{"not_picked":["Black Star","Tiny House"],"picked":"Eternal Feather"}],"items_purged_floors":[],"is_endless":false,"potions_floor_spawned":[2,3,6,11,16,18],"killed_by":"Chosen and Byrds","ascension_level":12}