{"gold_per_floor":[211,211,225,239,256,40,101,101,101,133,151,151,164,184,184,184],"floor_reached":16,"playtime":1049,"items_purged":["Strike_B"],"score":104,"play_id":"404be8ce-11ea-449a-a7e5-4825c6a93a01","local_time":"20181024180948","is_ascension_mode":false,"campfire_choices":[{"data":"Stack","floor":8,"key":"SMITH"},{"floor":15,"key":"REST"}],"neow_cost":"NONE","seed_source_timestamp":558728884557142,"circlet_count":0,"master_deck":["Strike_B","Strike_B","Strike_B","Defend_B","Defend_B","Defend_B","Defend_B","Zap","Dualcast","Cold Snap","Lockon","Streamline","Stack+1","Blizzard","Defragment","Go for the Eyes","Double Energy","Fusion","Genetic Algorithm","Ball Lightning"],"relics":["Cracked Core","The Courier","Sundial"],"potions_floor_usage":[5,16],"damage_taken":[{"damage":1,"enemies":"Cultist","floor":1,"turns":3},{"damage":4,"enemies":"Jaw Worm","floor":3,"turns":3},{"damage":1,"enemies":"2 Louse","floor":4,"turns":2},{"damage":8,"enemies":"Exordium Wildlife","floor":5,"turns":2},{"damage":25,"enemies":"Gremlin Nob","floor":10,"turns":5},{"damage":18,"enemies":"3 Louse","floor":11,"turns":3},{"damage":5,"enemies":"Looter","floor":13,"turns":4},{"damage":2,"enemies":"Red Slaver","floor":14,"turns":4},{"damage":35,"enemies":"The Guardian","floor":16,"turns":12}],"seed_played":"-5552206869056221586","potions_obtained":[{"floor":1,"key":"Fire Potion"},{"floor":3,"key":"Ancient Potion"},{"floor":10,"key":"FearPotion"}],"is_trial":false,"path_per_floor":["M","T","M","M","M","$","?","R","T","E","M","?","M","M","R"],"character_chosen":"DEFECT","items_purchased":["Blizzard","Defragment","Go for the Eyes"],"campfire_rested":1,"item_purchase_floors":[6,6,6],"current_hp_per_floor":[74,74,70,69,61,61,61,61,61,36,18,18,13,11,33,0],"gold":184,"neow_bonus":"HUNDRED_GOLD","is_prod":false,"is_daily":false,"chose_seed":false,"campfire_upgraded":1,"win_rate":0.0,"timestamp":1540397388,"path_taken":["M","?","M","M","M","$","?","R","T","E","M","?","M","M","R","BOSS"],"build_version":"2018-10-18","purchased_purges":1,"victory":false,"max_hp_per_floor":[75,75,75,75,75,75,75,75,75,75,75,75,75,75,75,75],"card_choices":[{"not_picked":["Reprogram","Compile Driver"],"picked":"Cold Snap","floor":1},{"not_picked":["Ball Lightning","Cold Snap"],"picked":"Lockon","floor":3},{"not_picked":["Coolheaded","Rip and Tear"],"picked":"Streamline","floor":4},{"not_picked":["Compile Driver","Hologram"],"picked":"Stack","floor":5},{"not_picked":["Stack","Gash"],"picked":"Double Energy","floor":10},{"not_picked":["Storm","Barrage"],"picked":"Fusion","floor":11},{"not_picked":["Streamline","Rip and Tear"],"picked":"Genetic Algorithm","floor":13},{"not_picked":["Aggregate","Auto Shields"],"picked":"Ball Lightning","floor":14}],"player_experience":115277,"relics_obtained":[{"floor":2,"key":"The Courier"},{"floor":10,"key":"Sundial"}],"event_choices":[{"damage_healed":0,"gold_gain":61,"player_choice":"Gained Gold","damage_taken":0,"max_hp_gain":0,"max_hp_loss":0,"event_name":"Golden Wing","floor":7,"gold_loss":0},{"damage_healed":0,"gold_gain":0,"player_choice":"Searched \u00270\u0027 times","damage_taken":0,"max_hp_gain":0,"max_hp_loss":0,"event_name":"Dead Adventurer","floor":12,"gold_loss":0}],"is_beta":false,"boss_relics":[],"items_purged_floors":[6],"is_endless":false,"potions_floor_spawned":[1,3,10],"killed_by":"The Guardian","ascension_level":0}