{"gold_per_floor":[111,111,126,76,4,34,61,61,86,86,118,129,129,156,156,252,252,272,272,272,284,303,303,332,360,386,386,386],"floor_reached":28,"playtime":915,"items_purged":[],"score":416,"play_id":"dab58e93-c387-4fec-9f66-feab53758041","local_time":"20190605063922","is_ascension_mode":true,"campfire_choices":[{"data":"Dodge and Roll","floor":8.0,"key":"SMITH"},{"data":"Noxious Fumes","floor":10.0,"key":"SMITH"},{"data":"Riddle With Holes","floor":15,"key":"SMITH"},{"data":"RitualDagger","floor":23,"key":"SMITH"},{"floor":27,"key":"REST"}],"neow_cost":"NONE","seed_source_timestamp":92535876834500,"circlet_count":0,"master_deck":["AscendersBane","Defend_G+1","Defend_G+1","Defend_G+1","Defend_G+1","Defend_G+1","Strike_G+1","Strike_G+1","Strike_G+1","Strike_G+1","Strike_G+1","Survivor","Neutralize+1","Riddle With Holes+1","Deadly Poison","Noxious Fumes+1","Dodge and Roll+1","Well Laid Plans","PiercingWail","Backstab+1","Venomology","Skewer+1","RitualDagger+1","Prepared","Dash","Outmaneuver+1","Footwork+1"],"special_seed":0,"relics":["Ring of the Snake","NeowsBlessing","Pantograph","Boot","Lantern","Snake Skull","Centennial Puzzle","Blood Vial","Velvet Choker","Regal Pillow","Red Mask","Whetstone"],"potions_floor_usage":[16,21,21,21,22,24,28,28,28,28,28,28],"damage_taken":[{"damage":0.0,"enemies":"Small Slimes","floor":1.0,"turns":1.0},{"damage":0.0,"enemies":"Jaw Worm","floor":3.0,"turns":1.0},{"damage":0.0,"enemies":"Gremlin Nob","floor":6.0,"turns":1.0},{"damage":21.0,"enemies":"Lagavulin","floor":11.0,"turns":5.0},{"damage":1.0,"enemies":"2 Louse","floor":12.0,"turns":2.0},{"damage":10.0,"enemies":"3 Sentries","floor":14.0,"turns":5.0},{"damage":5,"enemies":"The Guardian","floor":16,"turns":8},{"damage":20,"enemies":"Chosen","floor":18,"turns":5},{"damage":4,"enemies":"Shell Parasite","floor":21,"turns":3},{"damage":0,"enemies":"Centurion and Healer","floor":22,"turns":4},{"damage":22,"enemies":"Book of Stabbing","floor":24,"turns":6},{"damage":13,"enemies":"Masked Bandits","floor":25,"turns":4},{"damage":64,"enemies":"Gremlin Leader","floor":28,"turns":7}],"seed_played":"360234041667523635","potions_obtained":[{"floor":6.0,"key":"AttackPotion"},{"floor":12.0,"key":"SkillPotion"},{"floor":14.0,"key":"SkillPotion"},{"floor":16,"key":"LiquidBronze"},{"floor":18,"key":"Regen Potion"},{"floor":25,"key":"Swift Potion"}],"is_trial":false,"path_per_floor":["M","?","M","?","$","E","T","R","T","R","E","M","$","E","R","B",null,"M","?","?","M","M","R","E","?","T","R","E"],"character_chosen":"THE_SILENT","items_purchased":["Noxious Fumes"],"campfire_rested":1,"item_purchase_floors":[5],"current_hp_per_floor":[63,63,63,63,63,63,63,63,63,63,42,41,41,31,31,53,66,48,42,42,49,51,51,31,20,20,56,0],"gold":386,"neow_bonus":"THREE_ENEMY_KILL","is_prod":false,"is_daily":false,"chose_seed":false,"campfire_upgraded":4,"win_rate":0,"timestamp":1559741962,"path_taken":["M","?","M","?","$","E","?","R","T","R","E","M","$","E","R","BOSS","M","?","?","M","M","R","E","?","T","R","E"],"build_version":"2019-01-23","purchased_purges":0,"victory":false,"max_hp_per_floor":[70,70,70,70,70,70,70,70,70,70,70,70,70,70,70,70,70,70,70,70,70,70,70,70,70,70,70,70],"card_choices":[{"not_picked":["Flying Knee","Outmaneuver"],"picked":"Riddle With Holes","floor":1.0},{"not_picked":["Backstab","Bane"],"picked":"Deadly Poison","floor":3.0},{"not_picked":["Escape Plan","Dagger Throw"],"picked":"Dodge and Roll","floor":6.0},{"not_picked":["Terror","All Out Attack"],"picked":"Well Laid Plans","floor":11.0},{"not_picked":["Underhanded Strike","Poisoned Stab"],"picked":"PiercingWail","floor":12.0},{"not_picked":["Choke","All Out Attack"],"picked":"Backstab","floor":14.0},{"not_picked":["Die Die Die","Phantasmal Killer"],"picked":"Venomology","floor":16},{"not_picked":["Reflex+1","Riddle With Holes"],"picked":"Skewer+1","floor":18},{"not_picked":["Acrobatics","Dagger Throw"],"picked":"Prepared","floor":21},{"not_picked":["Sucker Punch","Accuracy"],"picked":"Dash","floor":22},{"not_picked":["Endless Agony","PiercingWail"],"picked":"Outmaneuver+1","floor":24},{"not_picked":["Dagger Throw","Tactician"],"picked":"Footwork+1","floor":25}],"player_experience":305331,"relics_obtained":[{"floor":6.0,"key":"Boot"},{"floor":7.0,"key":"Lantern"},{"floor":9.0,"key":"Snake Skull"},{"floor":11.0,"key":"Centennial Puzzle"},{"floor":14.0,"key":"Blood Vial"},{"floor":24,"key":"Regal Pillow"},{"floor":25,"key":"Red Mask"},{"floor":26,"key":"Whetstone"}],"event_choices":[{"damage_healed":0.0,"max_hp_gain":0.0,"max_hp_loss":0.0,"gold_gain":0.0,"event_name":"Big Fish","player_choice":"Box","floor":2.0,"gold_loss":0.0,"damage_taken":0.0,"relics_obtained":["Pantograph"],"cards_obtained":["Regret"]},{"cards_removed":["Regret"],"damage_healed":0.0,"max_hp_gain":0.0,"max_hp_loss":0.0,"gold_gain":0.0,"event_name":"The Cleric","player_choice":"Card Removal","floor":4.0,"gold_loss":50.0,"damage_taken":0.0},{"damage_healed":0,"gold_gain":0,"player_choice":"Joined the Cult","damage_taken":6,"max_hp_gain":0,"max_hp_loss":0,"event_name":"Nest","floor":19,"gold_loss":0,"cards_obtained":["RitualDagger"]},{"damage_healed":0,"gold_gain":0,"player_choice":"Simplicity","damage_taken":0,"max_hp_gain":0,"max_hp_loss":0,"event_name":"Back to Basics","floor":20,"gold_loss":0,"cards_upgraded":["Defend_G","Defend_G","Defend_G","Defend_G","Defend_G","Strike_G","Strike_G","Strike_G","Strike_G","Strike_G"]},{"damage_healed":0,"gold_gain":0,"player_choice":"Fought Bandits","damage_taken":0,"max_hp_gain":0,"max_hp_loss":0,"event_name":"Masked Bandits","floor":25,"gold_loss":0}],"is_beta":false,"boss_relics":[{"not_picked":["Pandora\u0027s Box","Fusion Hammer"],"picked":"Velvet Choker"}],"items_purged_floors":[],"is_endless":false,"potions_floor_spawned":[6,12,14,16,18,25],"killed_by":"Gremlin Leader","ascension_level":10}