{"gold_per_floor":[119,136,149,164,175,209,225,225,302,193,206,220,245,19,19,116,116,127,217,227,227],"floor_reached":21,"playtime":2123,"items_purged":["Strike_R","Strike_R"],"score":354,"play_id":"db2a5409-23fe-4bab-849f-f0196fac4679","local_time":"20190522005646","is_ascension_mode":true,"campfire_choices":[{"floor":15,"key":"RECALL"}],"neow_cost":"NONE","seed_source_timestamp":0,"circlet_count":0,"master_deck":["Strike_R","Strike_R","Defend_R","Defend_R","Defend_R","Defend_R","Bash","Power Through","Body Slam","Hemokinesis","Rampage","Rupture","Headbutt","Shockwave","Limit Break","Inflame","True Grit","Disarm","True Grit","Feed","Shrug It Off","Battle Trance"],"special_seed":0,"relics":["Burning Blood","PreservedInsect","Blood Vial","Black Star"],"potions_floor_usage":[4,4,5,6,11,16,16,18,20],"damage_taken":[{"damage":1,"enemies":"Cultist","floor":1,"turns":3},{"damage":7,"enemies":"Small Slimes","floor":2,"turns":5},{"damage":2,"enemies":"2 Louse","floor":3,"turns":4},{"damage":27,"enemies":"Exordium Thugs","floor":4,"turns":5},{"damage":3,"enemies":"Gremlin Gang","floor":5,"turns":6},{"damage":46,"enemies":"3 Sentries","floor":6,"turns":11},{"damage":7,"enemies":"Large Slime","floor":7,"turns":5},{"damage":0,"enemies":"3 Louse","floor":11,"turns":2},{"damage":10,"enemies":"Red Slaver","floor":12,"turns":5},{"damage":29,"enemies":"Gremlin Nob","floor":13,"turns":4},{"damage":13,"enemies":"The Guardian","floor":16,"turns":13},{"damage":27,"enemies":"2 Thieves","floor":18,"turns":4},{"damage":51,"enemies":"Spheric Guardian","floor":20,"turns":7},{"damage":15,"enemies":"Snake Plant","floor":21,"turns":2}],"seed_played":"-5694796096421844481","potions_obtained":[{"floor":3,"key":"EntropicBrew"},{"floor":4,"key":"SneckoOil"},{"floor":6,"key":"Explosive Potion"},{"floor":7,"key":"SpeedPotion"},{"floor":12,"key":"Regen Potion"},{"floor":16,"key":"GamblersBrew"}],"is_trial":false,"path_per_floor":["M","M","M","M","M","E","M","?","T","$","M","M","E","$","R","B",null,"M","?","M","M"],"character_chosen":"IRONCLAD","items_purchased":["Inflame","Disarm","True Grit"],"campfire_rested":0,"item_purchase_floors":[10,14,14],"current_hp_per_floor":[88,87,88,67,70,30,29,29,29,29,35,31,8,8,8,18,88,70,52,9,0],"gold":227,"neow_bonus":"TEN_PERCENT_HP_BONUS","is_prod":false,"is_daily":false,"chose_seed":false,"campfire_upgraded":0,"win_rate":0,"timestamp":1558479406,"path_taken":["M","M","?","M","M","E","M","?","T","?","M","M","E","$","R","BOSS","M","?","M","M"],"build_version":"2019-01-23","purchased_purges":2,"victory":false,"max_hp_per_floor":[88,88,88,88,88,88,88,88,88,88,88,88,88,88,88,88,88,91,91,91,91],"card_choices":[{"not_picked":["Warcry","Iron Wave"],"picked":"Power Through","floor":1},{"not_picked":["Headbutt","Iron Wave"],"picked":"Body Slam","floor":2},{"not_picked":["Entrench","Clash"],"picked":"Hemokinesis","floor":3},{"not_picked":["Body Slam","Flex"],"picked":"Rampage","floor":4},{"not_picked":["Headbutt","Berserk"],"picked":"Rupture","floor":5},{"not_picked":["Perfected Strike","Clothesline"],"picked":"Headbutt","floor":6},{"not_picked":["Entrench","Heavy Blade"],"picked":"Shockwave","floor":7},{"not_picked":["Entrench","Headbutt","Body Slam"],"picked":"SKIP","floor":11},{"not_picked":["Thunderclap","Pummel"],"picked":"True Grit","floor":12},{"not_picked":["Twin Strike","Intimidate","Dropkick"],"picked":"SKIP","floor":13},{"not_picked":["Double Tap","Barricade"],"picked":"Feed","floor":16},{"not_picked":["Flex","Bloodletting"],"picked":"Shrug It Off","floor":18},{"not_picked":["Cleave","Clothesline"],"picked":"Battle Trance","floor":20}],"player_experience":336391,"relics_obtained":[{"floor":6,"key":"PreservedInsect"},{"floor":13,"key":"Blood Vial"}],"event_choices":[{"damage_healed":0,"gold_gain":0,"cards_transformed":["Strike_R"],"player_choice":"Transformed","damage_taken":0,"max_hp_gain":0,"max_hp_loss":0,"event_name":"Transmorgrifier","floor":8,"gold_loss":0,"cards_obtained":["Limit Break"]},{"damage_healed":0,"gold_gain":90,"player_choice":"GOLD ","damage_taken":18,"max_hp_gain":0,"max_hp_loss":0,"event_name":"Knowing Skull","floor":19,"potions_obtained":[],"gold_loss":0,"cards_obtained":[]}],"is_beta":false,"boss_relics":[{"not_picked":["Busted Crown","Runic Pyramid"],"picked":"Black Star"}],"items_purged_floors":[10,14],"is_endless":false,"potions_floor_spawned":[3,4,6,7,12,16],"killed_by":"Snake Plant","ascension_level":4}