{"gold_per_floor":[119,133,133,11,11,11,25,25,71,71,96,110,144,94,94,194,194,204,204,214,139,149,149,149],"floor_reached":24,"playtime":743,"items_purged":["Strike_B"],"score":224,"play_id":"0eb6b9b2-cc87-464e-952b-09cd1f861ec3","local_time":"20181119181435","is_ascension_mode":true,"campfire_choices":[{"data":"Sweeping Beam","floor":6,"key":"SMITH"},{"floor":8,"key":"RECALL"},{"data":"Gash","floor":10,"key":"SMITH"},{"floor":15,"key":"REST"},{"floor":23,"key":"REST"}],"neow_cost":"NONE","seed_source_timestamp":351756773942949,"circlet_count":0,"master_deck":["Strike_B","Defend_B","Defend_B","Defend_B","Defend_B","Zap","Dualcast","Melter","Sweeping Beam+1","Gash","Gash+1","Scrape","Self Repair","Scrape","Reboot","Steam Power+1","Beam Cell"],"relics":["Cracked Core","NeowsBlessing","DataDisk","Shuriken","PreservedInsect","Black Star"],"potions_floor_usage":[13,13,16,24,24],"damage_taken":[{"damage":0,"enemies":"Cultist","floor":1,"turns":1},{"damage":0,"enemies":"Jaw Worm","floor":2,"turns":1},{"damage":0,"enemies":"Small Slimes","floor":7,"turns":1},{"damage":26,"enemies":"Lagavulin","floor":11,"turns":5},{"damage":9,"enemies":"2 Fungi Beasts","floor":12,"turns":2},{"damage":13,"enemies":"3 Sentries","floor":13,"turns":4},{"damage":38,"enemies":"Hexaghost","floor":16,"turns":6},{"damage":0,"enemies":"Spheric Guardian","floor":18,"turns":1},{"damage":41,"enemies":"2 Thieves","floor":20,"turns":4},{"damage":18,"enemies":"3 Cultists","floor":22,"turns":3},{"damage":41,"enemies":"Book of Stabbing","floor":24,"turns":3}],"seed_played":"-1687759587019234468","potions_obtained":[{"floor":1,"key":"Energy Potion"},{"floor":2,"key":"Strength Potion"},{"floor":13,"key":"Swift Potion"},{"floor":20,"key":"Dexterity Potion"},{"floor":22,"key":"Dexterity Potion"}],"is_trial":false,"path_per_floor":["M","M","T","$","$","R","M","R","T","R","E","M","E","?","R","B",null,"M","?","M","?","M","R","E"],"character_chosen":"DEFECT","items_purchased":["Gash"],"campfire_rested":2,"item_purchase_floors":[4],"current_hp_per_floor":[75,75,75,75,75,75,75,75,75,75,49,40,34,34,56,25,75,75,61,27,27,16,40,0],"gold":149,"neow_bonus":"THREE_ENEMY_KILL","is_prod":false,"is_daily":false,"chose_seed":false,"campfire_upgraded":2,"win_rate":0,"timestamp":1542647675,"path_taken":["M","M","?","?","$","R","?","R","T","R","E","M","E","?","R","BOSS","M","?","M","?","M","R","E"],"build_version":"2018-11-15","purchased_purges":1,"victory":false,"max_hp_per_floor":[75,75,75,75,75,75,75,75,75,75,75,75,75,75,75,75,75,75,80,80,80,80,80,80],"card_choices":[{"not_picked":["Chaos","Undo"],"picked":"Melter","floor":1},{"not_picked":["Heatsinks","Fusion"],"picked":"Sweeping Beam","floor":2},{"not_picked":["Go for the Eyes","Scrape"],"picked":"Gash","floor":7},{"not_picked":["Leap","Conserve Battery"],"picked":"Scrape","floor":11},{"not_picked":["Skim","Storm"],"picked":"Self Repair","floor":12},{"not_picked":["Redo","Rebound"],"picked":"Scrape","floor":13},{"not_picked":["Echo Form","Thunder Strike"],"picked":"Reboot","floor":16},{"not_picked":["Compile Driver","Reprogram"],"picked":"Steam Power+1","floor":18},{"not_picked":["Melter","Sweeping Beam+1"],"picked":"Beam Cell","floor":20},{"not_picked":["Compile Driver+1","Sweeping Beam","Redo"],"picked":"SKIP","floor":22}],"player_experience":234846,"relics_obtained":[{"floor":9,"key":"DataDisk"},{"floor":11,"key":"Shuriken"},{"floor":13,"key":"PreservedInsect"}],"event_choices":[{"cards_removed":["Strike_B"],"damage_healed":0,"gold_gain":0,"player_choice":"Card Removal","damage_taken":0,"max_hp_gain":0,"max_hp_loss":0,"event_name":"The Cleric","floor":14,"gold_loss":50},{"damage_healed":0,"gold_gain":0,"player_choice":"Shed Blood","damage_taken":19,"max_hp_gain":5,"max_hp_loss":0,"event_name":"Forgotten Altar","floor":19,"gold_loss":0},{"cards_removed":["Strike_B"],"damage_healed":0,"gold_gain":0,"player_choice":"Gave Gold","damage_taken":0,"max_hp_gain":0,"max_hp_loss":0,"event_name":"Beggar","floor":21,"gold_loss":75}],"is_beta":true,"boss_relics":[{"not_picked":["Philosopher\u0027s Stone","Pandora\u0027s Box"],"picked":"Black Star"}],"items_purged_floors":[4],"is_endless":false,"potions_floor_spawned":[1,2,13,20,22],"killed_by":"Book of Stabbing","ascension_level":2}