{"gold_per_floor":[115,115,115,126,51,77,95,95,95,123,123,123,123,139,139,139],"floor_reached":16,"playtime":1283,"items_purged":["Regret"],"score":189,"play_id":"8f66933e-2837-43bd-b489-961df6654f3c","local_time":"20190210203609","is_ascension_mode":true,"campfire_choices":[{"floor":8,"key":"REST"},{"floor":11,"key":"REST"},{"floor":13,"key":"REST"},{"floor":15,"key":"REST"}],"neow_cost":"NONE","seed_source_timestamp":170914301398111,"circlet_count":0,"master_deck":["AscendersBane","Defend_G","Defend_G","Defend_G","Defend_G+1","Strike_G","Strike_G","Strike_G+1","Strike_G","Strike_G","Survivor","Neutralize","Backflip","Blade Dance","Finisher+1","PiercingWail+1","Setup","Footwork"],"special_seed":0,"relics":["Ring of the Snake","Turnip","Boot","Whetstone","Calipers","War Paint"],"potions_floor_usage":[16],"damage_taken":[{"damage":10.0,"enemies":"Jaw Worm","floor":1.0,"turns":7.0},{"damage":4.0,"enemies":"Cultist","floor":4.0,"turns":5.0},{"damage":17.0,"enemies":"3 Sentries","floor":6.0,"turns":11.0},{"damage":0,"enemies":"2 Louse","floor":7,"turns":3},{"damage":48,"enemies":"Gremlin Nob","floor":10,"turns":5},{"damage":7,"enemies":"Exordium Thugs","floor":14,"turns":5},{"damage":65,"enemies":"Hexaghost","floor":16,"turns":9}],"seed_played":"7915970170079021233","potions_obtained":[{"floor":4.0,"key":"Strength Potion"},{"floor":10,"key":"Fire Potion"}],"is_trial":false,"path_per_floor":["M","?","?","M","$","E","M","R","T","E","R","?","R","M","R","B"],"character_chosen":"THE_SILENT","items_purchased":[],"campfire_rested":4,"item_purchase_floors":[],"current_hp_per_floor":[55,55,55,51,51,34,34,55,55,7,28,28,49,42,63,0],"gold":139,"neow_bonus":"TEN_PERCENT_HP_BONUS","is_prod":false,"is_daily":false,"chose_seed":false,"campfire_upgraded":0,"win_rate":0,"timestamp":1549798569,"path_taken":["M","?","?","?","?","E","M","R","T","E","R","?","R","M","R","BOSS"],"build_version":"2019-01-23","purchased_purges":1,"victory":false,"max_hp_per_floor":[72,72,72,72,72,72,72,72,72,72,72,72,72,72,72,72],"card_choices":[{"not_picked":["Blade Dance","Quick Slash"],"picked":"Backflip","floor":1.0},{"not_picked":["Deadly Poison","Prepared"],"picked":"Blade Dance","floor":4.0},{"not_picked":["Deflect","Bouncing Flask"],"picked":"Finisher","floor":6},{"not_picked":["Backflip","Poisoned Stab"],"picked":"PiercingWail","floor":7},{"not_picked":["Outmaneuver","Sucker Punch"],"picked":"Setup","floor":10},{"not_picked":["Flechettes","Flying Knee"],"picked":"Footwork","floor":14}],"player_experience":989469,"relics_obtained":[{"floor":3.0,"key":"Boot"},{"floor":6,"key":"Whetstone"},{"floor":9,"key":"Calipers"},{"floor":10,"key":"War Paint"}],"event_choices":[{"damage_healed":0.0,"max_hp_gain":0.0,"max_hp_loss":0.0,"gold_gain":0.0,"event_name":"Big Fish","player_choice":"Box","floor":2.0,"gold_loss":0.0,"damage_taken":0.0,"relics_obtained":["Turnip"],"cards_obtained":["Regret"]},{"damage_healed":0.0,"max_hp_gain":0.0,"max_hp_loss":0.0,"gold_gain":0.0,"event_name":"Wheel of Change","player_choice":"Relic","floor":3.0,"gold_loss":0.0,"damage_taken":0.0},{"cards_removed":["Defend_G"],"damage_healed":0,"gold_gain":0,"player_choice":"Card Removal","damage_taken":0,"max_hp_gain":0,"max_hp_loss":0,"event_name":"Wheel of Change","floor":12,"gold_loss":0}],"is_beta":false,"boss_relics":[],"items_purged_floors":[5],"is_endless":false,"potions_floor_spawned":[4,10],"killed_by":"Hexaghost","ascension_level":15}