{"gold_per_floor":[115,115,131,97,111,140,140,166,166,166,166,166,178,192,192,290,290,305,305,317,228,228,253,253,253,253,268,288,288],"floor_reached":29,"playtime":1873,"items_purged":[],"score":278,"play_id":"753f30f3-e8c2-4798-a27f-91e0a9ccce33","local_time":"20190601142415","is_ascension_mode":false,"campfire_choices":[{"floor":7,"key":"REST"},{"floor":10,"key":"REST"},{"data":"Uppercut","floor":15,"key":"SMITH"},{"data":"Bludgeon","floor":24,"key":"SMITH"}],"neow_cost":"NONE","seed_source_timestamp":418318659740700,"circlet_count":0,"master_deck":["Defend_R","Defend_R","Defend_R","Defend_R","Bash","Twin Strike","Reckless Charge","Flex","Uppercut+1","Anger","Twin Strike","Iron Wave","Rampage","Reckless Charge","Bludgeon+1","Anger","Anger","Good Instincts","Bite","Bite","Bite","Bite","Bite","Pommel Strike","Cleave+1","Cleave"],"relics":["Burning Blood","PreservedInsect","Mummified Hand","Potion Belt","Ornamental Fan","Sundial","Eternal Feather","Meat on the Bone","Matryoshka","Kunai","Question Card"],"potions_floor_usage":[28,28,29],"damage_taken":[{"damage":1,"enemies":"Cultist","floor":1,"turns":4},{"damage":6,"enemies":"Jaw Worm","floor":3,"turns":3},{"damage":0,"enemies":"Small Slimes","floor":5,"turns":3},{"damage":23,"enemies":"Gremlin Nob","floor":6,"turns":4},{"damage":31,"enemies":"Lagavulin","floor":8,"turns":4},{"damage":8,"enemies":"3 Louse","floor":13,"turns":3},{"damage":0,"enemies":"2 Fungi Beasts","floor":14,"turns":2},{"damage":45,"enemies":"Hexaghost","floor":16,"turns":10},{"damage":5,"enemies":"Chosen","floor":18,"turns":4},{"damage":1,"enemies":"Spheric Guardian","floor":20,"turns":3},{"damage":35,"enemies":"Gremlin Leader","floor":23,"turns":4},{"damage":33,"enemies":"Shelled Parasite and Fungi","floor":27,"turns":5},{"damage":29,"enemies":"Snake Plant","floor":28,"turns":4},{"damage":47,"enemies":"Book of Stabbing","floor":29,"turns":5}],"seed_played":"-4918616184758059678","potions_obtained":[{"floor":1,"key":"PowerPotion"},{"floor":14,"key":"Strength Potion"},{"floor":16,"key":"AttackPotion"},{"floor":20,"key":"SpeedPotion"},{"floor":23,"key":"Poison Potion"}],"is_trial":false,"path_per_floor":["M","?","M","$","M","E","R","E","T","R","T","?","M","M","R","B",null,"M","?","M","$","?","E","R","?","T","M","M","E"],"character_chosen":"IRONCLAD","items_purchased":["Uppercut","Good Instincts"],"campfire_rested":2,"item_purchase_floors":[4,21],"current_hp_per_floor":[80,80,80,80,80,63,80,55,55,79,79,76,74,80,80,41,80,80,80,80,80,56,43,55,55,55,44,37,0],"gold":288,"neow_bonus":"THREE_CARDS","is_prod":false,"is_daily":false,"chose_seed":false,"campfire_upgraded":2,"win_rate":1,"timestamp":1559413455,"path_taken":["M","?","?","?","M","E","R","E","T","R","?","?","M","M","R","BOSS","M","?","M","$","?","E","R","?","T","M","M","E"],"build_version":"2019-01-23","purchased_purges":0,"victory":false,"max_hp_per_floor":[80,80,80,80,80,80,80,80,80,80,80,80,80,80,80,80,80,80,80,80,80,56,56,56,56,56,56,56,56],"card_choices":[{"not_picked":["True Grit","Clash"],"picked":"Twin Strike","floor":0},{"not_picked":["Fire Breathing","Searing Blow"],"picked":"Reckless Charge","floor":1},{"not_picked":["Clash","Sever Soul"],"picked":"Flex","floor":3},{"not_picked":["Disarm","Body Slam"],"picked":"Anger","floor":5},{"not_picked":["Sword Boomerang","Warcry"],"picked":"Twin Strike","floor":6},{"not_picked":["Body Slam","Demon Form"],"picked":"Iron Wave","floor":8},{"not_picked":["Shrug It Off","Heavy Blade"],"picked":"Rampage","floor":13},{"not_picked":["Warcry","Searing Blow"],"picked":"Reckless Charge","floor":14},{"not_picked":["Fiend Fire","Limit Break"],"picked":"Bludgeon","floor":16},{"not_picked":["Body Slam","Heavy Blade"],"picked":"Anger","floor":18},{"not_picked":["Shrug It Off+1","Carnage"],"picked":"Anger","floor":20},{"not_picked":["Entrench","Armaments"],"picked":"Pommel Strike","floor":23},{"not_picked":["Armaments","Body Slam","Shrug It Off+1"],"picked":"Cleave+1","floor":27},{"not_picked":["Clash","Feed","Carnage"],"picked":"Cleave","floor":28}],"player_experience":13502,"relics_obtained":[{"floor":6,"key":"PreservedInsect"},{"floor":8,"key":"Mummified Hand"},{"floor":9,"key":"Potion Belt"},{"floor":11,"key":"Ornamental Fan"},{"floor":23,"key":"Matryoshka"},{"floor":26,"key":"Kunai"},{"floor":26,"key":"Question Card"}],"event_choices":[{"damage_healed":0,"gold_gain":0,"player_choice":"Bought 0 Potions","damage_taken":0,"max_hp_gain":0,"max_hp_loss":0,"event_name":"The Woman in Blue","floor":2,"gold_loss":0},{"damage_healed":0,"gold_gain":0,"player_choice":"Success","damage_taken":3,"relics_obtained":["Sundial"],"max_hp_gain":0,"max_hp_loss":0,"event_name":"Scrap Ooze","floor":12,"gold_loss":0},{"damage_healed":0,"gold_gain":0,"player_choice":"Opened","damage_taken":0,"relics_obtained":["Meat on the Bone"],"max_hp_gain":0,"max_hp_loss":0,"event_name":"The Mausoleum","floor":19,"gold_loss":0},{"damage_healed":0,"gold_gain":0,"player_choice":"Became a vampire","damage_taken":0,"max_hp_gain":0,"max_hp_loss":24,"event_name":"Vampires","floor":22,"gold_loss":0,"cards_obtained":["Bite","Bite","Bite","Bite","Bite"]},{"damage_healed":0,"gold_gain":0,"player_choice":"Ignored","damage_taken":0,"max_hp_gain":0,"max_hp_loss":0,"event_name":"Beggar","floor":25,"gold_loss":0}],"is_beta":false,"boss_relics":[{"not_picked":["Lizard Tail","Orrery"],"picked":"Eternal Feather"}],"items_purged_floors":[],"is_endless":false,"potions_floor_spawned":[1,3,14,16,20,23],"killed_by":"Book of Stabbing","ascension_level":0}