{"gold_per_floor":[114,114,129,144,133,133,53,66,66,66,80,93,109,128,128,224,224,235,253,263,263,274,274,288,288],"floor_reached":25,"playtime":2191,"items_purged":[],"score":203,"play_id":"88595ba5-70cf-403c-b7fd-5be10c9acf08","local_time":"20190602154931","is_ascension_mode":false,"campfire_choices":[{"data":"Neutralize","floor":6,"key":"SMITH"},{"data":"Adrenaline","floor":10,"key":"SMITH"},{"floor":15,"key":"REST"},{"floor":23,"key":"REST"}],"neow_cost":"NONE","seed_source_timestamp":48791401704176,"circlet_count":0,"master_deck":["Defend_G","Defend_G","Defend_G","Defend_G","Defend_G","Strike_G","Strike_G","Strike_G","Strike_G","Survivor","Neutralize+1","Backflip","Bane","Blur","Adrenaline+1","Noxious Fumes","Bane","Caltrops","Deflect","Noxious Fumes","Envenom","Corpse Explosion","Bane","Skewer","Bouncing Flask","Decay","Deadly Poison","PiercingWail"],"relics":["Ring of the Serpent","Happy Flower","Shuriken"],"potions_floor_usage":[],"damage_taken":[{"damage":0,"enemies":"Cultist","floor":1,"turns":4},{"damage":0,"enemies":"Jaw Worm","floor":3,"turns":7},{"damage":0,"enemies":"Small Slimes","floor":4,"turns":3},{"damage":0,"enemies":"Exordium Thugs","floor":5,"turns":7},{"damage":0,"enemies":"2 Fungi Beasts","floor":8,"turns":4},{"damage":28,"enemies":"Gremlin Gang","floor":11,"turns":6},{"damage":0,"enemies":"Looter","floor":12,"turns":3},{"damage":0,"enemies":"Blue Slaver","floor":13,"turns":4},{"damage":0,"enemies":"2 Fungi Beasts","floor":14,"turns":4},{"damage":17,"enemies":"Slime Boss","floor":16,"turns":8},{"damage":7,"enemies":"3 Byrds","floor":18,"turns":4},{"damage":24,"enemies":"Spheric Guardian","floor":19,"turns":5},{"damage":17,"enemies":"Snake Plant","floor":20,"turns":5},{"damage":19,"enemies":"3 Cultists","floor":22,"turns":4},{"damage":15,"enemies":"Snecko","floor":24,"turns":4},{"damage":25,"enemies":"Chosen and Byrds","floor":25,"turns":4}],"seed_played":"-3773144631695254653","potions_obtained":[{"floor":3,"key":"Strength Potion"},{"floor":4,"key":"SpeedPotion"},{"floor":5,"key":"PowerPotion"}],"is_trial":false,"path_per_floor":["M","?","M","M","M","R","$","M","T","R","M","M","M","M","R","B",null,"M","M","M","?","M","R","M","M"],"character_chosen":"THE_SILENT","items_purchased":["Noxious Fumes"],"campfire_rested":2,"item_purchase_floors":[7],"current_hp_per_floor":[70,63,63,63,63,63,63,63,63,63,35,35,35,35,56,39,70,63,39,22,22,3,24,9,0],"gold":288,"neow_bonus":"RANDOM_COMMON_RELIC","is_prod":false,"is_daily":false,"chose_seed":false,"campfire_upgraded":2,"win_rate":0,"timestamp":1559504971,"path_taken":["M","?","M","M","M","R","$","M","T","R","M","M","M","M","R","BOSS","M","M","M","?","M","R","M","M"],"build_version":"2019-01-23","purchased_purges":0,"victory":false,"max_hp_per_floor":[70,70,70,70,70,70,70,70,70,70,70,70,70,70,70,70,70,70,70,70,70,70,70,70,70],"card_choices":[{"not_picked":["Acrobatics","Expertise"],"picked":"Backflip","floor":1},{"not_picked":["Acrobatics","Predator"],"picked":"Bane","floor":3},{"not_picked":["Acrobatics","Expertise"],"picked":"Blur","floor":4},{"not_picked":["Prepared","Backflip"],"picked":"Adrenaline","floor":5},{"not_picked":["Dodge and Roll","Catalyst"],"picked":"Bane","floor":8},{"not_picked":["Masterful Stab","Endless Agony"],"picked":"Caltrops","floor":11},{"not_picked":["Flying Knee","Underhanded Strike"],"picked":"Deflect","floor":12},{"not_picked":["Poisoned Stab","Flying Knee"],"picked":"Noxious Fumes","floor":13},{"not_picked":["Endless Agony","Escape Plan"],"picked":"Envenom","floor":14},{"not_picked":["Burst","Adrenaline"],"picked":"Corpse Explosion","floor":16},{"not_picked":["Blade Dance","Acrobatics"],"picked":"Bane","floor":18},{"not_picked":["Underhanded Strike","Accuracy"],"picked":"Skewer","floor":19},{"not_picked":["Sucker Punch","Acrobatics"],"picked":"Bouncing Flask","floor":20},{"not_picked":["Acrobatics","Sucker Punch+1"],"picked":"Deadly Poison","floor":22},{"not_picked":["Blade Dance","Accuracy"],"picked":"PiercingWail","floor":24}],"player_experience":37297,"relics_obtained":[{"floor":9,"key":"Shuriken"}],"event_choices":[{"cards_removed":["Strike_G"],"damage_healed":0,"gold_gain":0,"player_choice":"Card Removal","damage_taken":7,"max_hp_gain":0,"max_hp_loss":0,"event_name":"Golden Wing","floor":2,"gold_loss":0},{"damage_healed":0,"gold_gain":0,"player_choice":"Smashed Altar","damage_taken":0,"max_hp_gain":0,"max_hp_loss":0,"event_name":"Forgotten Altar","floor":21,"gold_loss":0,"cards_obtained":["Decay"]}],"is_beta":false,"boss_relics":[{"not_picked":["White Beast Statue","Runic Pyramid"],"picked":"Ring of the Serpent"}],"items_purged_floors":[],"is_endless":false,"potions_floor_spawned":[3,4,5,13,14,16,19,22,24],"killed_by":"Chosen and Byrds","ascension_level":0}