{"gold_per_floor":[118,129,3,22,41,41,73,73,124,134,161,161,181,206,206,306,306,317,64,64,82,100,135,135,135,135,147,173,173,173,193,193,298,298,318,333,333,347,364,364,391,391,391,206,221,0,11,38,50,62],"floor_reached":50,"playtime":6417,"items_purged":["Strike_G+1"],"score":643,"play_id":"c5c4505c-166c-49e0-8709-54479111e936","local_time":"20190507220127","is_ascension_mode":true,"campfire_choices":[{"floor":6.0,"key":"RECALL"},{"floor":8.0,"key":"REST"},{"floor":15.0,"key":"REST"},{"data":"Glass Knife","floor":25.0,"key":"SMITH"},{"floor":29,"key":"REST"},{"data":"Finisher","floor":32,"key":"SMITH"},{"floor":40,"key":"REST"},{"floor":42,"key":"REST"},{"floor":49,"key":"REST"}],"neow_cost":"NONE","seed_source_timestamp":0,"circlet_count":0,"master_deck":["Defend_G+1","Defend_G+1","Defend_G+1","Defend_G+1","Strike_G+1","Strike_G+1","Survivor","Neutralize+1","Sucker Punch","Outmaneuver","Masterful Stab","Dodge and Roll","Cloak And Dagger","Dagger Throw","Glass Knife+1","Predator","Infinite Blades","Well Laid Plans","Cloak And Dagger","Adrenaline","Skewer","Accuracy","Quick Slash","PiercingWail","Leg Sweep","Caltrops+1","Finisher+1","Dodge and Roll+1","Grand Finale","Die Die Die+1","Outmaneuver+1","Dash+1","Accuracy+1","Noxious Fumes+1","Bane+1","Infinite Blades","Envenom","Backstab","Blade Dance+1"],"special_seed":0,"relics":["Ring of the Snake","Question Card","Bronze Scales","Omamori","StoneCalendar","Sozu","PreservedInsect","Mummified Hand","Ancient Tea Set","Astrolabe","Anchor","Ice Cream","Pen Nib","MawBank"],"potions_floor_usage":[28],"damage_taken":[{"damage":0.0,"enemies":"2 Louse","floor":1.0,"turns":2.0},{"damage":2.0,"enemies":"Jaw Worm","floor":2.0,"turns":5.0},{"damage":2.0,"enemies":"Small Slimes","floor":4.0,"turns":2.0},{"damage":4.0,"enemies":"Blue Slaver","floor":5.0,"turns":3.0},{"damage":28.0,"enemies":"Gremlin Nob","floor":7.0,"turns":5.0},{"damage":10.0,"enemies":"3 Louse","floor":10.0,"turns":4.0},{"damage":17.0,"enemies":"Lagavulin","floor":11.0,"turns":6.0},{"damage":0.0,"enemies":"Looter","floor":13.0,"turns":4.0},{"damage":14.0,"enemies":"3 Sentries","floor":14.0,"turns":6.0},{"damage":4.0,"enemies":"Hexaghost","floor":16.0,"turns":9.0},{"damage":7.0,"enemies":"2 Thieves","floor":18.0,"turns":4.0},{"damage":0.0,"enemies":"Chosen","floor":21.0,"turns":3.0},{"damage":9.0,"enemies":"Sentry and Sphere","floor":22.0,"turns":6.0},{"damage":0.0,"enemies":"Book of Stabbing","floor":23.0,"turns":4.0},{"damage":20,"enemies":"Cultist and Chosen","floor":27,"turns":6},{"damage":6,"enemies":"Slavers","floor":28,"turns":5},{"damage":4,"enemies":"Snake Plant","floor":31,"turns":2},{"damage":34,"enemies":"Automaton","floor":33,"turns":10},{"damage":5,"enemies":"Orb Walker","floor":35,"turns":4},{"damage":7,"enemies":"3 Darklings","floor":36,"turns":3},{"damage":0,"enemies":"Writhing Mass","floor":38,"turns":7},{"damage":21,"enemies":"Spire Growth","floor":39,"turns":6},{"damage":39,"enemies":"Reptomancer","floor":41,"turns":6},{"damage":5,"enemies":"3 Darklings","floor":45,"turns":4},{"damage":11,"enemies":"Sphere and 2 Shapes","floor":47,"turns":7},{"damage":5,"enemies":"Giant Head","floor":48,"turns":6},{"damage":48,"enemies":"Donu and Deca","floor":50,"turns":3}],"seed_played":"616652943221549843","potions_obtained":[{"floor":5.0,"key":"Weak Potion"},{"floor":7.0,"key":"FearPotion"},{"floor":16.0,"key":"Strength Potion"}],"is_trial":false,"path_per_floor":["M","M","$","M","M","R","E","R","T","M","E","?","M","E","R","B",null,"M","$","?","M","M","E","?","R","T","M","E","R","?","M","R","B",null,"M","M","?","M","M","R","E","R","T","$","M","$","M","E","R","B"],"character_chosen":"THE_SILENT","items_purchased":["Masterful Stab","Dodge and Roll","Accuracy","PreservedInsect","Quick Slash","Pen Nib","Infinite Blades","Envenom"],"campfire_rested":6,"item_purchase_floors":[3,3,19,19,19,44,44,46],"current_hp_per_floor":[70,68,68,66,62,62,34,55,55,45,28,25,25,11,32,28,70,63,63,63,63,54,54,54,54,54,34,28,49,49,45,45,11,70,65,58,58,58,37,58,19,40,40,40,35,35,24,19,40,0],"gold":62,"neow_bonus":"UPGRADE_CARD","is_prod":false,"is_daily":false,"chose_seed":false,"campfire_upgraded":2,"win_rate":0,"timestamp":1557259287,"path_taken":["M","M","$","M","M","R","E","R","T","M","E","?","M","E","R","BOSS","M","$","?","M","M","E","?","R","T","M","E","R","?","M","R","BOSS","M","M","?","M","M","R","E","R","T","$","M","$","M","E","R","BOSS"],"build_version":"2019-01-23","purchased_purges":1,"victory":false,"max_hp_per_floor":[70,70,70,70,70,70,70,70,70,70,70,70,70,70,70,70,70,70,70,70,70,70,70,70,70,70,70,70,70,70,70,70,70,70,70,70,70,70,70,70,70,70,70,70,70,70,70,70,70,70],"card_choices":[{"not_picked":["Deadly Poison","Eviscerate"],"picked":"Sucker Punch","floor":1.0},{"not_picked":["Deflect","Dagger Spray"],"picked":"Outmaneuver","floor":2.0},{"not_picked":["Bouncing Flask","Choke"],"picked":"Cloak And Dagger","floor":4.0},{"not_picked":["Outmaneuver","Dodge and Roll"],"picked":"Dagger Throw","floor":5.0},{"not_picked":["Flying Knee","Endless Agony"],"picked":"Glass Knife","floor":7.0},{"not_picked":["Dagger Spray","Acrobatics","Bane"],"picked":"Predator","floor":10.0},{"not_picked":["Flying Knee","Deadly Poison","Envenom"],"picked":"Infinite Blades","floor":11.0},{"not_picked":["Acrobatics","Dodge and Roll","Bane"],"picked":"Well Laid Plans","floor":13.0},{"not_picked":["Escape Plan","Bouncing Flask","Underhanded Strike"],"picked":"Cloak And Dagger","floor":14.0},{"not_picked":["Wraith Form v2","Corpse Explosion","Glass Knife"],"picked":"Adrenaline","floor":16.0},{"not_picked":["Sucker Punch","Prepared","Flying Knee"],"picked":"Skewer","floor":18.0},{"not_picked":["Acrobatics","Poisoned Stab","Flechettes"],"picked":"PiercingWail","floor":21.0},{"not_picked":["Flying Knee","Cloak And Dagger","Catalyst"],"picked":"Leg Sweep","floor":22.0},{"not_picked":["Calculated Gamble+1","Outmaneuver","Dagger Throw","Acrobatics+1"],"picked":"SKIP","floor":23.0},{"not_picked":["Concentrate","Bullet Time","Bane+1"],"picked":"Caltrops+1","floor":27},{"not_picked":["Cloak And Dagger","Dagger Throw+1","Calculated Gamble"],"picked":"Finisher","floor":28},{"not_picked":["Dagger Throw","Dagger Spray","Blade Dance"],"picked":"Dodge and Roll+1","floor":31},{"not_picked":["A Thousand Cuts","Adrenaline","Venomology"],"picked":"Grand Finale","floor":33},{"not_picked":["Dodge and Roll+1","Slice","Deflect+1"],"picked":"Accuracy+1","floor":35},{"not_picked":["Well Laid Plans+1","Sucker Punch+1","Bane+1"],"picked":"Noxious Fumes+1","floor":36},{"not_picked":["Tactician+1","Cloak And Dagger","Storm of Steel"],"picked":"Bane+1","floor":38},{"not_picked":["Cloak And Dagger","Slice","Quick Slash+1","Dagger Throw+1"],"picked":"SKIP","floor":39},{"not_picked":["Calculated Gamble+1","Underhanded Strike+1","Quick Slash+1","Flying Knee"],"picked":"SKIP","floor":41},{"not_picked":["PiercingWail","Prepared","Noxious Fumes","Outmaneuver+1"],"picked":"SKIP","floor":45},{"not_picked":["Well Laid Plans+1","Grand Finale","Dodge and Roll+1"],"picked":"Backstab","floor":47},{"not_picked":["Calculated Gamble","Poisoned Stab+1","Outmaneuver+1"],"picked":"Blade Dance+1","floor":48}],"player_experience":260149,"relics_obtained":[{"floor":7.0,"key":"Question Card"},{"floor":11.0,"key":"Bronze Scales"},{"floor":14.0,"key":"StoneCalendar"},{"floor":23.0,"key":"Mummified Hand"},{"floor":28,"key":"Ancient Tea Set"},{"floor":41,"key":"Anchor"},{"floor":43,"key":"Ice Cream"},{"floor":48,"key":"MawBank"}],"event_choices":[{"damage_healed":0.0,"max_hp_gain":0.0,"max_hp_loss":0.0,"gold_gain":0.0,"event_name":"Scrap Ooze","player_choice":"Success","floor":12.0,"gold_loss":0.0,"damage_taken":3.0,"relics_obtained":["Omamori"]},{"damage_healed":0.0,"max_hp_gain":0.0,"max_hp_loss":0.0,"gold_gain":0.0,"event_name":"Back to Basics","player_choice":"Simplicity","floor":20.0,"gold_loss":0.0,"damage_taken":0.0,"cards_upgraded":["Defend_G","Defend_G","Defend_G","Defend_G","Defend_G","Strike_G","Strike_G","Strike_G","Strike_G","Strike_G"]},{"damage_healed":0.0,"max_hp_gain":0.0,"max_hp_loss":0.0,"gold_gain":0.0,"event_name":"Beggar","player_choice":"Ignored","floor":24.0,"gold_loss":0.0,"damage_taken":0.0},{"damage_healed":0,"gold_gain":0,"player_choice":"Ignored","damage_taken":0,"max_hp_gain":0,"max_hp_loss":0,"event_name":"Vampires","floor":30,"gold_loss":0},{"damage_healed":0,"gold_gain":0,"player_choice":"Ignored","damage_taken":0,"max_hp_gain":0,"max_hp_loss":0,"event_name":"Tomb of Lord Red Mask","floor":37,"gold_loss":0}],"is_beta":false,"boss_relics":[{"not_picked":["Runic Pyramid","Snecko Eye"],"picked":"Sozu"},{"not_picked":["White Beast Statue","Coffee Dripper"],"picked":"Astrolabe"}],"items_purged_floors":[46],"is_endless":false,"potions_floor_spawned":[5,7,16,21,22,28,33,36,45],"killed_by":"Donu and Deca","ascension_level":1}