{"gold_per_floor":[111,44,56,76,87,87,102,137,137,148,160,160,9,37,37,37],"floor_reached":16,"playtime":993,"items_purged":["Strike_R"],"score":153,"play_id":"61f149a1-e63b-4b05-8f5f-dd5dd38a5e6d","local_time":"20181028212611","is_ascension_mode":true,"campfire_choices":[{"data":"Iron Wave","floor":6,"key":"SMITH"},{"data":"Body Slam","floor":12,"key":"SMITH"},{"data":"Flex","floor":15,"key":"SMITH"}],"neow_cost":"NONE","seed_source_timestamp":919770851306402,"circlet_count":0,"master_deck":["Strike_R","Strike_R","Strike_R","Strike_R","Defend_R","Defend_R","Defend_R","Defend_R","Bash","Thunderclap","Pummel","Iron Wave+1","Impervious","Cleave","Body Slam+1","Flex+1","Heavy Blade","Whirlwind"],"relics":["Burning Blood","NeowsBlessing","Juzu Bracelet","Unceasing Top","Dead Branch"],"potions_floor_usage":[8,8,16,16,16],"damage_taken":[{"damage":0,"enemies":"Cultist","floor":1,"turns":1},{"damage":0,"enemies":"2 Louse","floor":3,"turns":1},{"damage":0,"enemies":"Jaw Worm","floor":4,"turns":1},{"damage":0,"enemies":"Large Slime","floor":5,"turns":6},{"damage":4,"enemies":"3 Louse","floor":7,"turns":3},{"damage":26,"enemies":"3 Sentries","floor":8,"turns":8},{"damage":0,"enemies":"2 Fungi Beasts","floor":10,"turns":2},{"damage":4,"enemies":"Blue Slaver","floor":11,"turns":4},{"damage":0,"enemies":"Gremlin Nob","floor":14,"turns":3},{"damage":97,"enemies":"Hexaghost","floor":16,"turns":11}],"seed_played":"-6220784500177947077","potions_obtained":[{"floor":1,"key":"Fire Potion"},{"floor":7,"key":"Energy Potion"},{"floor":8,"key":"Regen Potion"},{"floor":11,"key":"BloodPotion"}],"is_trial":false,"path_per_floor":["M","$","M","M","M","R","M","E","T","M","M","R","$","E","R"],"character_chosen":"IRONCLAD","items_purchased":["Pummel","EssenceOfSteel"],"campfire_rested":0,"item_purchase_floors":[2,13],"current_hp_per_floor":[80,80,80,80,80,80,80,60,60,66,68,68,68,74,74,0],"gold":37,"neow_bonus":"THREE_ENEMY_KILL","is_prod":false,"is_daily":false,"chose_seed":false,"campfire_upgraded":3,"win_rate":0,"timestamp":1540758371,"path_taken":["M","?","?","M","M","R","M","E","T","M","M","R","$","E","R","BOSS"],"build_version":"2018-10-25v2","purchased_purges":1,"victory":false,"max_hp_per_floor":[80,80,80,80,80,80,80,80,80,80,80,80,80,80,80,80],"card_choices":[{"not_picked":["Feel No Pain","Twin Strike"],"picked":"Thunderclap","floor":1},{"not_picked":["Headbutt","Seeing Red"],"picked":"Iron Wave","floor":3},{"not_picked":["Combust","Warcry"],"picked":"Impervious","floor":4},{"not_picked":["Warcry","Battle Trance"],"picked":"Cleave","floor":5},{"not_picked":["Blood for Blood","Havoc"],"picked":"Body Slam","floor":7},{"not_picked":["Carnage","Corruption","Cleave"],"picked":"SKIP","floor":8},{"not_picked":["Infernal Blade","Sentinel"],"picked":"Flex","floor":10},{"not_picked":["Corruption","Infernal Blade"],"picked":"Heavy Blade","floor":11},{"not_picked":["Double Tap","Flex"],"picked":"Whirlwind","floor":14}],"player_experience":165492,"relics_obtained":[{"floor":8,"key":"Juzu Bracelet"},{"floor":9,"key":"Unceasing Top"},{"floor":14,"key":"Dead Branch"}],"event_choices":[],"is_beta":false,"boss_relics":[],"items_purged_floors":[13],"is_endless":false,"potions_floor_spawned":[1,7,8,11],"killed_by":"Hexaghost","ascension_level":2}