{"gold_per_floor":[117,117,128,148,223,223,234,234,234,251,22,52,80,123,135,246,258,287,41,0,0,0,0,18,18,18,53,65,83,83,83,83,182,182,197,217,49,60,60,60,78,78,129,163,163,195,5,5,5,5],"floor_reached":51,"playtime":2101,"items_purged":["Venomology+1"],"score":1200,"play_id":"5564d94e-12ea-4b08-8504-ea33c39ddbab","local_time":"20190605071628","is_ascension_mode":true,"campfire_choices":[{"data":"Footwork","floor":6.0,"key":"SMITH"},{"data":"Bouncing Flask","floor":8.0,"key":"SMITH"},{"floor":15.0,"key":"REST"},{"floor":23.0,"key":"REST"},{"data":"Well Laid Plans","floor":25.0,"key":"SMITH"},{"floor":30.0,"key":"REST"},{"floor":32.0,"key":"REST"},{"data":"Survivor","floor":40,"key":"SMITH"},{"floor":42,"key":"REST"},{"data":"Well Laid Plans","floor":45,"key":"SMITH"},{"data":"Caltrops","floor":49,"key":"SMITH"}],"neow_cost":"NONE","seed_source_timestamp":93472961708400,"circlet_count":0,"master_deck":["AscendersBane","Defend_G","Defend_G","Defend_G","Defend_G","Defend_G","Strike_G","Strike_G","Strike_G","Strike_G","Survivor+1","Neutralize","Dagger Spray+1","Footwork+1","Well Laid Plans+1","Bouncing Flask+1","Leg Sweep+1","Blur+1","Dodge and Roll+1","PiercingWail+1","Quick Slash","Catalyst+1","Bouncing Flask+1","Well Laid Plans+1","Distraction+1","Acrobatics+1","Dodge and Roll+1","Apotheosis+1","Crippling Poison+1","Catalyst+1","Deadly Poison+1","Doppelganger+1","Caltrops+1","Dodge and Roll+1","Corpse Explosion+1","Bane+1","Good Instincts+1","Dodge and Roll+1","Writhe","Poisoned Stab+1","Dodge and Roll+1","Outmaneuver+1"],"special_seed":0,"relics":["Ring of the Snake","Regal Pillow","Toxic Egg 2","PreservedInsect","MawBank","Letter Opener","Orrery","Nilry\u0027s Codex","Paper Crane","Anchor","Sozu","Vajra","Snake Skull","Smiling Mask","TwistedFunnel"],"potions_floor_usage":[44],"damage_taken":[{"damage":3.0,"enemies":"2 Louse","floor":1.0,"turns":3.0},{"damage":1.0,"enemies":"Cultist","floor":3.0,"turns":4.0},{"damage":0.0,"enemies":"Small Slimes","floor":4.0,"turns":4.0},{"damage":11.0,"enemies":"Looter","floor":7.0,"turns":4.0},{"damage":6.0,"enemies":"Blue Slaver","floor":10.0,"turns":4.0},{"damage":5.0,"enemies":"3 Sentries","floor":12.0,"turns":5.0},{"damage":0.0,"enemies":"Large Slime","floor":13.0,"turns":7.0},{"damage":12.0,"enemies":"Lagavulin","floor":14.0,"turns":5.0},{"damage":40.0,"enemies":"Slime Boss","floor":16.0,"turns":18.0},{"damage":7.0,"enemies":"Shell Parasite","floor":18.0,"turns":4.0},{"damage":4.0,"enemies":"3 Byrds","floor":24.0,"turns":3.0},{"damage":47.0,"enemies":"Gremlin Leader","floor":27.0,"turns":7.0},{"damage":17.0,"enemies":"Cultist and Chosen","floor":28.0,"turns":6.0},{"damage":0.0,"enemies":"Snake Plant","floor":29.0,"turns":2.0},{"damage":17.0,"enemies":"Collector","floor":33.0,"turns":7.0},{"damage":0.0,"enemies":"3 Shapes","floor":35.0,"turns":4.0},{"damage":0.0,"enemies":"Orb Walker","floor":36.0,"turns":3.0},{"damage":17,"enemies":"Jaw Worm Horde","floor":38,"turns":5},{"damage":37,"enemies":"Sphere and 2 Shapes","floor":41,"turns":4},{"damage":0,"enemies":"Reptomancer","floor":44,"turns":6},{"damage":7,"enemies":"Giant Head","floor":46,"turns":5},{"damage":34,"enemies":"Time Eater","floor":50,"turns":8}],"seed_played":"-4204824989976049099","potions_obtained":[{"floor":1.0,"key":"Regen Potion"},{"floor":10.0,"key":"Fire Potion"},{"floor":12.0,"key":"Dexterity Potion"},{"floor":13.0,"key":"Strength Potion"},{"floor":24.0,"key":"Fruit Juice"},{"floor":27.0,"key":"PowerPotion"}],"is_trial":false,"path_per_floor":["M","?","M","M","?","R","M","R","T","M","$","E","M","E","R","B",null,"M","$","?","?","?","R","M","R","T","E","M","M","R","?","R","B",null,"M","M","$","M","?","R","M","R","T","E","R","E","$","?","R","B",null],"character_chosen":"THE_SILENT","items_purchased":["Blur+1","PreservedInsect","Apotheosis+1","Crippling Poison+1","Good Instincts+1","TwistedFunnel"],"campfire_rested":5,"item_purchase_floors":[11,11,19,19,37,47],"current_hp_per_floor":[60,60,59,59,48,48,37,37,37,31,31,41,41,29,65,25,59,52,52,52,36,36,70,66,66,66,24,7,7,44,44,75,58,71,71,71,71,54,73,73,36,73,73,73,73,66,66,66,66,32],"gold":5,"neow_bonus":"RANDOM_COMMON_RELIC","is_prod":false,"is_daily":false,"chose_seed":false,"campfire_upgraded":6,"win_rate":0,"timestamp":1559744188,"path_taken":["M","?","?","M","?","R","M","R","T","M","$","E","M","E","R","BOSS","M","$","?","?","?","R","M","R","T","E","?","M","R","?","R","BOSS","M","M","$","M","?","R","M","R","T","E","R","E","$","?","R","BOSS"],"build_version":"2019-01-23","purchased_purges":1,"victory":true,"max_hp_per_floor":[70,70,70,70,70,70,70,70,70,70,70,70,70,70,70,70,70,70,70,70,70,70,70,70,70,70,75,75,75,75,75,75,75,75,75,75,75,75,75,75,75,75,75,75,75,75,75,75,75,75],"card_choices":[{"not_picked":["Calculated Gamble","Deflect"],"picked":"Dagger Spray","floor":1.0},{"not_picked":["Infinite Blades","Underhanded Strike"],"picked":"Footwork","floor":3.0},{"not_picked":["Blade Dance","Backstab"],"picked":"Well Laid Plans","floor":4.0},{"not_picked":["Deflect","Calculated Gamble"],"picked":"Bouncing Flask","floor":7.0},{"not_picked":["Dodge and Roll+1","Blade Dance+1"],"picked":"Leg Sweep+1","floor":10.0},{"not_picked":["Dagger Spray","Terror+1"],"picked":"Dodge and Roll+1","floor":12.0},{"not_picked":["Flying Knee","Outmaneuver+1"],"picked":"PiercingWail+1","floor":13.0},{"not_picked":["Underhanded Strike","Blade Dance+1"],"picked":"Quick Slash","floor":14.0},{"not_picked":["Wraith Form v2","Grand Finale"],"picked":"Venomology+1","floor":16.0},{"not_picked":["Backstab","Flying Knee"],"picked":"Catalyst+1","floor":17.0},{"not_picked":["Prepared+1","Terror+1"],"picked":"Bouncing Flask+1","floor":17.0},{"not_picked":["Slice","Blade Dance+1"],"picked":"Well Laid Plans","floor":17.0},{"not_picked":["Flechettes","Finisher"],"picked":"Distraction+1","floor":17.0},{"not_picked":["Masterful Stab","Well Laid Plans"],"picked":"Acrobatics+1","floor":17.0},{"not_picked":["Heel Hook","Predator"],"picked":"Dodge and Roll+1","floor":18.0},{"not_picked":["Night Terror+1","Distraction+1"],"picked":"Deadly Poison+1","floor":24.0},{"not_picked":["Underhanded Strike","Quick Slash"],"picked":"Doppelganger+1","floor":27.0},{"not_picked":["Acrobatics+1","Masterful Stab"],"picked":"Caltrops","floor":28.0},{"not_picked":["Cloak And Dagger+1","Finisher"],"picked":"Dodge and Roll+1","floor":29.0},{"not_picked":["Adrenaline+1","Phantasmal Killer+1"],"picked":"Corpse Explosion+1","floor":33.0},{"not_picked":["Backstab","Underhanded Strike","Well Laid Plans"],"picked":"SKIP","floor":35.0},{"not_picked":["Backflip+1","Dodge and Roll+1"],"picked":"Bane+1","floor":36.0},{"not_picked":["Cloak And Dagger+1","Quick Slash+1"],"picked":"Dodge and Roll+1","floor":38},{"not_picked":["Blade Dance+1","Phantasmal Killer+1"],"picked":"Poisoned Stab+1","floor":41},{"not_picked":["Calculated Gamble+1","Cloak And Dagger+1"],"picked":"Dodge and Roll+1","floor":44},{"not_picked":["Bane","Concentrate+1"],"picked":"Outmaneuver+1","floor":46}],"player_experience":306246,"relics_obtained":[{"floor":9.0,"key":"Toxic Egg 2"},{"floor":12.0,"key":"MawBank"},{"floor":14.0,"key":"Letter Opener"},{"floor":21.0,"key":"Nilry\u0027s Codex"},{"floor":26.0,"key":"Paper Crane"},{"floor":27.0,"key":"Anchor"},{"floor":43,"key":"Vajra"},{"floor":44,"key":"Snake Skull"},{"floor":46,"key":"Smiling Mask"}],"event_choices":[{"damage_healed":0.0,"max_hp_gain":0.0,"max_hp_loss":0.0,"gold_gain":0.0,"event_name":"Accursed Blacksmith","player_choice":"Forge","floor":2.0,"gold_loss":0.0,"damage_taken":0.0,"cards_upgraded":["Dagger Spray"]},{"damage_healed":0.0,"max_hp_gain":0.0,"max_hp_loss":0.0,"gold_gain":75.0,"event_name":"World of Goop","player_choice":"Gather Gold","floor":5.0,"gold_loss":0.0,"damage_taken":11.0},{"damage_healed":0.0,"max_hp_gain":0.0,"max_hp_loss":0.0,"gold_gain":0.0,"event_name":"Masked Bandits","player_choice":"Paid Fearfully","floor":20.0,"gold_loss":41.0,"damage_taken":0.0},{"damage_healed":0.0,"max_hp_gain":0.0,"max_hp_loss":0.0,"gold_gain":0.0,"event_name":"Cursed Tome","player_choice":"Obtained Book","floor":21.0,"gold_loss":0.0,"damage_taken":16.0},{"damage_healed":0.0,"max_hp_gain":0.0,"max_hp_loss":0.0,"gold_gain":0.0,"event_name":"Duplicator","player_choice":"Copied","floor":22.0,"gold_loss":0.0,"damage_taken":0.0,"cards_obtained":["Catalyst"]},{"damage_healed":0.0,"max_hp_gain":0.0,"max_hp_loss":0.0,"gold_gain":0.0,"event_name":"Ghosts","player_choice":"Ignored","floor":31.0,"gold_loss":0.0,"damage_taken":0.0},{"damage_healed":19,"gold_gain":0,"player_choice":"Writhe","damage_taken":0,"max_hp_gain":0,"max_hp_loss":0,"event_name":"Winding Halls","floor":39,"gold_loss":0,"cards_obtained":["Writhe"]},{"cards_removed":["Strike_G"],"damage_healed":0,"gold_gain":0,"player_choice":"Removed Attack","damage_taken":0,"max_hp_gain":0,"max_hp_loss":0,"event_name":"Falling","floor":48,"gold_loss":0}],"is_beta":false,"boss_relics":[{"not_picked":["Busted Crown","Velvet Choker"],"picked":"Orrery"},{"not_picked":["Snecko Eye","Runic Dome"],"picked":"Sozu"}],"items_purged_floors":[37],"is_endless":false,"potions_floor_spawned":[1,10,12,13,24,27,36,41,46],"ascension_level":10}