{"gold_per_floor":[118,193,193,193,212,212,212,19,19,29,56,83,103,138,138,234,234,234,234,234,234,234,234,234,234,234,234,234,7,7,7],"floor_reached":31,"playtime":5350,"items_purged":["Strike_R"],"score":383,"play_id":"f700472d-04e8-4e19-9d3e-4d018389d740","local_time":"20190517173751","is_ascension_mode":true,"campfire_choices":[{"data":"Armaments","floor":6,"key":"SMITH"},{"floor":15,"key":"REST"},{"data":"Limit Break","floor":24,"key":"SMITH"}],"neow_cost":"NONE","seed_source_timestamp":137544185783000,"circlet_count":0,"master_deck":["Strike_R","Strike_R","Strike_R","Strike_R","Defend_R","Defend_R","Defend_R","Defend_R","Bash+1","Armaments+1","Iron Wave","The Bomb","Body Slam","Dropkick","Body Slam","Immolate","Whirlwind+1","Writhe","Flex+1","Warcry+1","Limit Break+1","Shrug It Off","Decay","Rage+1","Inflame"],"relics":["Burning Blood","NeowsBlessing","Odd Mushroom","Vajra","Question Card","Ectoplasm","Anchor","Bronze Scales","Letter Opener","Potion Belt","Strawberry"],"potions_floor_usage":[11,16,25,28,30,31],"damage_taken":[{"damage":0,"enemies":"2 Louse","floor":1,"turns":1},{"damage":0,"enemies":"Jaw Worm","floor":5,"turns":1},{"damage":0,"enemies":"Cultist","floor":10,"turns":1},{"damage":7,"enemies":"The Mushroom Lair","floor":11,"turns":5},{"damage":0,"enemies":"Gremlin Nob","floor":12,"turns":3},{"damage":13,"enemies":"Blue Slaver","floor":13,"turns":3},{"damage":35,"enemies":"Lagavulin","floor":14,"turns":4},{"damage":18,"enemies":"Slime Boss","floor":16,"turns":9},{"damage":2,"enemies":"Chosen","floor":18,"turns":4},{"damage":27,"enemies":"3 Byrds","floor":20,"turns":4},{"damage":26,"enemies":"Snecko","floor":22,"turns":5},{"damage":0,"enemies":"Gremlin Leader","floor":23,"turns":6},{"damage":39,"enemies":"Book of Stabbing","floor":25,"turns":4},{"damage":12,"enemies":"Snake Plant","floor":28,"turns":3},{"damage":12,"enemies":"3 Cultists","floor":30,"turns":4},{"damage":30,"enemies":"Gremlin Leader","floor":31,"turns":4}],"seed_played":"-3157055385465533304","potions_obtained":[{"floor":5,"key":"Block Potion"},{"floor":12,"key":"Regen Potion"},{"floor":14,"key":"Explosive Potion"},{"floor":16,"key":"Ancient Potion"},{"floor":20,"key":"SpeedPotion"},{"floor":25,"key":"GamblersBrew"}],"is_trial":false,"path_per_floor":["M","?","?","?","M","R","?","$","T","M","?","E","M","E","R","B",null,"M","?","M","?","M","E","R","E","T","?","M","$","M","E"],"character_chosen":"IRONCLAD","items_purchased":["The Bomb","Strawberry"],"campfire_rested":1,"item_purchase_floors":[8,29],"current_hp_per_floor":[80,69,69,74,80,80,80,80,80,85,84,85,78,49,74,62,85,85,85,64,64,44,50,50,29,29,29,23,30,24,0],"gold":7,"neow_bonus":"THREE_ENEMY_KILL","is_prod":false,"is_daily":false,"chose_seed":false,"campfire_upgraded":2,"win_rate":0,"timestamp":1558107471,"path_taken":["M","?","?","?","M","R","?","$","T","?","?","E","M","E","R","BOSS","M","?","M","?","M","E","R","E","T","?","?","$","?","E"],"build_version":"2019-05-07","purchased_purges":1,"victory":false,"max_hp_per_floor":[80,80,80,85,85,85,85,85,85,85,85,85,85,85,85,85,85,85,85,85,85,85,85,85,85,85,85,85,92,92,92],"card_choices":[{"not_picked":["Sword Boomerang","Warcry"],"picked":"Armaments","floor":1},{"not_picked":["Sword Boomerang","Warcry"],"picked":"Iron Wave","floor":5},{"not_picked":["Brutality","Havoc"],"picked":"Body Slam","floor":10},{"not_picked":["Iron Wave","Clothesline"],"picked":"Dropkick","floor":11},{"not_picked":["Thunderclap","Pommel Strike","Flex"],"picked":"SKIP","floor":12},{"not_picked":["Havoc","Flex","Anger"],"picked":"SKIP","floor":13},{"not_picked":["Clothesline","Ghostly Armor"],"picked":"Body Slam","floor":14},{"not_picked":["Fiend Fire","Limit Break","Exhume"],"picked":"Immolate","floor":16},{"not_picked":["Clothesline","Anger+1","Warcry"],"picked":"Whirlwind+1","floor":18},{"not_picked":["Clash","Pommel Strike","Uppercut"],"picked":"Flex+1","floor":20},{"not_picked":["Hemokinesis","Juggernaut","Shrug It Off"],"picked":"Warcry+1","floor":22},{"not_picked":["Feed","Hemokinesis+1","Bloodletting"],"picked":"Limit Break","floor":23},{"not_picked":["Anger","Blood for Blood","Clash"],"picked":"Shrug It Off","floor":25},{"not_picked":["Cleave","Body Slam","Heavy Blade"],"picked":"Rage+1","floor":28},{"not_picked":["Heavy Blade+1","Sever Soul","Thunderclap+1"],"picked":"Inflame","floor":30}],"player_experience":278521,"relics_obtained":[{"floor":11,"key":"Odd Mushroom"},{"floor":12,"key":"Vajra"},{"floor":14,"key":"Question Card"},{"floor":23,"key":"Bronze Scales"},{"floor":25,"key":"Letter Opener"},{"floor":26,"key":"Potion Belt"}],"event_choices":[{"damage_healed":0,"gold_gain":75,"player_choice":"Gather Gold","damage_taken":11,"max_hp_gain":0,"max_hp_loss":0,"event_name":"World of Goop","floor":2,"gold_loss":0},{"damage_healed":0,"gold_gain":0,"player_choice":"Ignored","damage_taken":0,"max_hp_gain":0,"max_hp_loss":0,"event_name":"Shining Light","floor":3,"gold_loss":0},{"damage_healed":0,"gold_gain":0,"player_choice":"Donut","damage_taken":0,"max_hp_gain":5,"max_hp_loss":0,"event_name":"Big Fish","floor":4,"gold_loss":0},{"damage_healed":0,"gold_gain":0,"player_choice":"Forge","damage_taken":0,"max_hp_gain":0,"max_hp_loss":0,"event_name":"Accursed Blacksmith","floor":7,"gold_loss":0,"cards_upgraded":["Bash"]},{"damage_healed":0,"gold_gain":0,"player_choice":"Fought Mushrooms","damage_taken":0,"max_hp_gain":0,"max_hp_loss":0,"event_name":"Mushrooms","floor":11,"gold_loss":0},{"damage_healed":0,"gold_gain":0,"player_choice":"Opened","damage_taken":0,"relics_obtained":["Anchor"],"max_hp_gain":0,"max_hp_loss":0,"event_name":"The Mausoleum","floor":19,"gold_loss":0,"cards_obtained":["Writhe"]},{"damage_healed":0,"gold_gain":0,"player_choice":"Ignored","damage_taken":0,"max_hp_gain":0,"max_hp_loss":0,"event_name":"Vampires","floor":21,"gold_loss":0},{"damage_healed":0,"gold_gain":0,"player_choice":"Smashed Altar","damage_taken":0,"max_hp_gain":0,"max_hp_loss":0,"event_name":"Forgotten Altar","floor":27,"gold_loss":0,"cards_obtained":["Decay"]}],"is_beta":true,"boss_relics":[{"not_picked":["Runic Pyramid","Runic Cube"],"picked":"Ectoplasm"}],"items_purged_floors":[29],"is_endless":false,"potions_floor_spawned":[5,12,14,16,20,22,25],"killed_by":"Gremlin Leader","ascension_level":3}