{"gold_per_floor":[111,111,261,11,28,59,59,59,84,100,115,147,147,173,173,245,245,258,258,273,16,16,16,43,55,55,55,71,71,89,118,118,118],"floor_reached":33,"playtime":1550,"items_purged":["Regret","Strike_R"],"score":607,"play_id":"d2c4771d-6518-421e-9e9c-291703617210","local_time":"20190605134319","is_ascension_mode":true,"campfire_choices":[{"data":"Bash","floor":7.0,"key":"SMITH"},{"data":"Doubt","floor":13.0,"key":"PURGE"},{"data":"Flame Barrier","floor":15.0,"key":"SMITH"},{"floor":23,"key":"REST"},{"floor":29,"key":"REST"},{"floor":32,"key":"REST"}],"neow_cost":"NONE","seed_source_timestamp":1194622744754587,"circlet_count":0,"master_deck":["AscendersBane","Strike_R","Strike_R","Strike_R","Strike_R","Defend_R","Defend_R","Defend_R","Defend_R","Bash+1","Offering","Flash of Steel","Feel No Pain","Disarm","Flame Barrier+1","Ghostly Armor","Spot Weakness","Offering","Demon Form","Shrug It Off","Pommel Strike+1","Limit Break","Barricade","Rupture","Shrug It Off","Heavy Blade","Whirlwind"],"special_seed":0,"relics":["Burning Blood","NeowsBlessing","PreservedInsect","Regal Pillow","Peace Pipe","Blood Vial","Self Forming Clay","Bottled Tornado","Black Star","Enchiridion","Letter Opener","Kunai","Mercury Hourglass","Ginger","Bottled Flame","Matryoshka"],"potions_floor_usage":[31],"damage_taken":[{"damage":0.0,"enemies":"Small Slimes","floor":1.0,"turns":1.0},{"damage":0.0,"enemies":"Jaw Worm","floor":5.0,"turns":1.0},{"damage":0.0,"enemies":"Gremlin Nob","floor":6.0,"turns":1.0},{"damage":9.0,"enemies":"2 Louse","floor":10.0,"turns":4.0},{"damage":12.0,"enemies":"Looter","floor":11.0,"turns":4.0},{"damage":18.0,"enemies":"3 Sentries","floor":12.0,"turns":11.0},{"damage":17.0,"enemies":"Gremlin Nob","floor":14.0,"turns":4.0},{"damage":46.0,"enemies":"Slime Boss","floor":16.0,"turns":11.0},{"damage":23.0,"enemies":"Spheric Guardian","floor":18.0,"turns":6.0},{"damage":18.0,"enemies":"Shell Parasite","floor":20.0,"turns":6.0},{"damage":19,"enemies":"Book of Stabbing","floor":24,"turns":5},{"damage":11,"enemies":"Cultist and Chosen","floor":25,"turns":6},{"damage":36,"enemies":"Snecko","floor":28,"turns":5},{"damage":15,"enemies":"Centurion and Healer","floor":30,"turns":7},{"damage":24,"enemies":"Slavers","floor":31,"turns":4},{"damage":62,"enemies":"Champ","floor":33,"turns":7}],"seed_played":"1851524008586318585","potions_obtained":[{"floor":1.0,"key":"Ancient Potion"},{"floor":10.0,"key":"Weak Potion"},{"floor":14.0,"key":"SteroidPotion"},{"floor":20.0,"key":"Swift Potion"},{"floor":25,"key":"Explosive Potion"},{"floor":30,"key":"Fire Potion"}],"is_trial":false,"path_per_floor":["M","?","?","$","M","E","R","T","T","M","M","E","R","E","R","B",null,"M","?","M","$","T","R","E","M","T","$","M","R","M","E","R","B"],"character_chosen":"IRONCLAD","items_purchased":["Offering","Flash of Steel","Limit Break"],"campfire_rested":3,"item_purchase_floors":[4,4,21],"current_hp_per_floor":[74,74,74,74,75,75,75,75,75,72,68,58,58,49,49,11,59,44,23,13,13,13,50,39,36,36,36,8,45,38,22,59,0],"gold":118,"neow_bonus":"THREE_ENEMY_KILL","is_prod":false,"is_daily":false,"chose_seed":false,"campfire_upgraded":2,"win_rate":0,"timestamp":1559767399,"path_taken":["M","?","?","$","M","E","R","?","T","M","M","E","R","E","R","BOSS","M","?","M","$","?","R","E","M","T","?","M","R","M","E","R","BOSS"],"build_version":"2019-01-23","purchased_purges":2,"victory":false,"max_hp_per_floor":[75,75,75,75,75,75,75,75,75,75,75,75,75,75,75,75,75,75,75,75,75,75,75,75,75,75,75,75,75,75,75,75,75],"card_choices":[{"not_picked":["Second Wind","Clash","Iron Wave"],"picked":"SKIP","floor":1.0},{"not_picked":["Warcry","Clash"],"picked":"Feel No Pain","floor":5.0},{"not_picked":["Combust","Havoc"],"picked":"Disarm","floor":6.0},{"not_picked":["Dropkick","Cleave"],"picked":"Flame Barrier","floor":10.0},{"not_picked":["Twin Strike","Dark Embrace"],"picked":"Ghostly Armor","floor":11.0},{"not_picked":["Carnage","Havoc"],"picked":"Spot Weakness","floor":12.0},{"not_picked":["Anger","Armaments"],"picked":"Offering","floor":14.0},{"not_picked":["Reaper","Bludgeon"],"picked":"Demon Form","floor":16.0},{"not_picked":["Rampage+1","Burning Pact"],"picked":"Shrug It Off","floor":18.0},{"not_picked":["Perfected Strike","Clash+1"],"picked":"Pommel Strike+1","floor":20.0},{"not_picked":["Shockwave","Wild Strike"],"picked":"Barricade","floor":24},{"not_picked":["Sentinel","Perfected Strike"],"picked":"Rupture","floor":25},{"not_picked":["Feel No Pain","Rampage"],"picked":"Shrug It Off","floor":28},{"not_picked":["Spot Weakness","Warcry"],"picked":"Heavy Blade","floor":30},{"not_picked":["Anger","Second Wind"],"picked":"Whirlwind","floor":31}],"player_experience":808792,"relics_obtained":[{"floor":6.0,"key":"Regal Pillow"},{"floor":8.0,"key":"Peace Pipe"},{"floor":9.0,"key":"Blood Vial"},{"floor":12.0,"key":"Self Forming Clay"},{"floor":14.0,"key":"Bottled Tornado"},{"floor":19.0,"key":"Enchiridion"},{"floor":22,"key":"Letter Opener"},{"floor":24,"key":"Kunai"},{"floor":24,"key":"Mercury Hourglass"},{"floor":26,"key":"Ginger"},{"floor":31,"key":"Bottled Flame"},{"floor":31,"key":"Matryoshka"}],"event_choices":[{"damage_healed":0.0,"max_hp_gain":0.0,"max_hp_loss":0.0,"gold_gain":0.0,"event_name":"Big Fish","player_choice":"Box","floor":2.0,"gold_loss":0.0,"damage_taken":0.0,"relics_obtained":["PreservedInsect"],"cards_obtained":["Regret"]},{"damage_healed":0.0,"max_hp_gain":0.0,"max_hp_loss":0.0,"gold_gain":150.0,"event_name":"Liars Game","player_choice":"AGREE","floor":3.0,"gold_loss":0.0,"damage_taken":0.0,"cards_obtained":["Doubt"]},{"damage_healed":0.0,"max_hp_gain":0.0,"max_hp_loss":0.0,"gold_gain":0.0,"event_name":"Cursed Tome","player_choice":"Obtained Book","floor":19.0,"gold_loss":0.0,"damage_taken":21.0}],"is_beta":false,"boss_relics":[{"not_picked":["Eternal Feather","Velvet Choker"],"picked":"Black Star"}],"items_purged_floors":[4,21],"is_endless":false,"potions_floor_spawned":[1,10,12,14,20,25,30],"killed_by":"Champ","ascension_level":17}