{"gold_per_floor":[216,232,232,129,146,181,181,210,259,259,409,409,409,27,27,106,106,124,135,149,149,199,199],"floor_reached":23,"playtime":869,"items_purged":["Decay","Doubt"],"score":364,"play_id":"21fa5ca2-7917-45d3-a21f-8065e6191c40","local_time":"20190526171847","is_ascension_mode":true,"campfire_choices":[{"floor":7.0,"key":"REST"},{"data":"Go for the Eyes","floor":13.0,"key":"SMITH"},{"data":"Zap","floor":15.0,"key":"SMITH"}],"neow_cost":"NONE","seed_source_timestamp":0,"circlet_count":0,"master_deck":["AscendersBane","Strike_B","Defend_B","Defend_B","Defend_B","Defend_B","Zap+1","Dualcast","Genetic Algorithm","Ball Lightning","Coolheaded","Go for the Eyes+1","Ball Lightning","Genetic Algorithm","Machine Learning","Rebound+1","Lockon+1","Loop+1","Go for the Eyes+1","BootSequence"],"special_seed":0,"relics":["Cracked Core","Gremlin Horn","Dream Catcher","Lantern","Meat on the Bone","Astrolabe"],"potions_floor_usage":[20,23],"damage_taken":[{"damage":13.0,"enemies":"Small Slimes","floor":1.0,"turns":3.0},{"damage":0.0,"enemies":"Cultist","floor":2.0,"turns":3.0},{"damage":0.0,"enemies":"2 Louse","floor":5.0,"turns":2.0},{"damage":35.0,"enemies":"3 Sentries","floor":6.0,"turns":7.0},{"damage":33.0,"enemies":"Lagavulin","floor":8.0,"turns":5.0},{"damage":25.0,"enemies":"The Guardian","floor":16.0,"turns":13.0},{"damage":21.0,"enemies":"Chosen","floor":18.0,"turns":4.0},{"damage":26.0,"enemies":"2 Thieves","floor":19.0,"turns":3.0},{"damage":13,"enemies":"Sentry and Sphere","floor":20,"turns":5},{"damage":25,"enemies":"Slavers","floor":23,"turns":2}],"seed_played":"-328066519996727143","potions_obtained":[{"floor":1.0,"key":"GamblersBrew"},{"floor":8.0,"key":"Explosive Potion"},{"floor":16.0,"key":"PowerPotion"},{"floor":19,"key":"SpeedPotion"}],"is_trial":false,"path_per_floor":["M","M","?","$","M","E","R","E","T","?","?","?","R","$","R","B",null,"M","M","M","?","?","E"],"character_chosen":"DEFECT","items_purchased":["Coolheaded","Meat on the Bone"],"campfire_rested":1,"item_purchase_floors":[4,14],"current_hp_per_floor":[51,51,51,51,51,16,37,4,4,4,4,27,27,27,27,14,57,36,22,21,21,21,0],"gold":199,"neow_bonus":"HUNDRED_GOLD","is_prod":false,"is_daily":false,"chose_seed":false,"campfire_upgraded":2,"win_rate":0,"timestamp":1558916327,"path_taken":["M","M","?","$","?","E","R","E","T","?","?","?","R","?","R","BOSS","M","?","M","?","?","E"],"build_version":"2019-01-23","purchased_purges":2,"victory":false,"max_hp_per_floor":[71,71,71,71,71,71,71,71,71,71,71,71,71,71,71,71,71,71,71,71,71,71,71],"card_choices":[{"not_picked":["Reprogram","Hologram"],"picked":"Genetic Algorithm","floor":1.0},{"not_picked":["Recycle","Hologram"],"picked":"Ball Lightning","floor":2.0},{"not_picked":["Undo","Melter"],"picked":"Go for the Eyes","floor":5.0},{"not_picked":["Static Discharge","Leap"],"picked":"Ball Lightning","floor":6.0},{"not_picked":["Barrage","Leap"],"picked":"Genetic Algorithm","floor":8.0},{"not_picked":["Rainbow","Hyperbeam"],"picked":"Machine Learning","floor":16.0},{"not_picked":["Beam Cell","Turbo"],"picked":"Go for the Eyes+1","floor":18.0},{"not_picked":["Sweeping Beam+1","Barrage"],"picked":"BootSequence","floor":19},{"not_picked":["Streamline","Gash","Fusion"],"picked":"SKIP","floor":20},{"not_picked":["Streamline","Gash","Fusion"],"picked":"SKIP","floor":20}],"player_experience":735625,"relics_obtained":[{"floor":6.0,"key":"Gremlin Horn"},{"floor":8.0,"key":"Dream Catcher"},{"floor":9.0,"key":"Lantern"}],"event_choices":[{"damage_healed":0.0,"max_hp_gain":0.0,"max_hp_loss":0.0,"gold_gain":0.0,"event_name":"Wheel of Change","player_choice":"Cursed","floor":3.0,"gold_loss":0.0,"damage_taken":0.0,"cards_obtained":["Decay"]},{"damage_healed":0.0,"max_hp_gain":0.0,"max_hp_loss":0.0,"gold_gain":0.0,"event_name":"Golden Wing","player_choice":"Ignored","floor":10.0,"gold_loss":0.0,"damage_taken":0.0},{"damage_healed":0.0,"max_hp_gain":0.0,"max_hp_loss":0.0,"gold_gain":150.0,"event_name":"Liars Game","player_choice":"AGREE","floor":11.0,"gold_loss":0.0,"damage_taken":0.0,"cards_obtained":["Doubt"]},{"damage_healed":23.0,"max_hp_gain":0.0,"max_hp_loss":0.0,"gold_gain":0.0,"event_name":"Big Fish","player_choice":"Banana","floor":12.0,"gold_loss":0.0,"damage_taken":0.0},{"damage_healed":0,"gold_gain":0,"player_choice":"Ignored","damage_taken":0,"max_hp_gain":0,"max_hp_loss":0,"event_name":"Vampires","floor":21,"gold_loss":0},{"damage_healed":0,"gold_gain":50,"player_choice":"Pray","damage_taken":0,"max_hp_gain":0,"max_hp_loss":0,"event_name":"Golden Shrine","floor":22,"gold_loss":0}],"is_beta":false,"boss_relics":[{"not_picked":["Cursed Key","Sozu"],"picked":"Astrolabe"}],"items_purged_floors":[4,14],"is_endless":false,"potions_floor_spawned":[1,8,16,19],"killed_by":"Slavers","ascension_level":17}