{"gold_per_floor":[113,123,136,136,136,136,152,152,152,186,13,0,61,78,78,182,182,192,5,5,24,36,71,71,87,163,176,4,4,15,15,15,111,111,129,140,0,0,19,34,34,50,102,42,74,74,74,87,87,87,87,87,7,33,33],"floor_reached":55,"playtime":6645,"items_purged":["Defend_G","Strike_G"],"score":927,"play_id":"c38337ae-4810-458c-b618-e5fb518430ac","local_time":"20190417190649","is_ascension_mode":true,"campfire_choices":[{"data":"Neutralize","floor":6.0,"key":"SMITH"},{"data":"Cloak And Dagger","floor":8.0,"key":"SMITH"},{"data":"Footwork","floor":15.0,"key":"SMITH"},{"floor":24.0,"key":"REST"},{"data":"After Image","floor":32.0,"key":"SMITH"},{"floor":41.0,"key":"REST"},{"floor":47.0,"key":"RECALL"},{"data":"Bullet Time","floor":49.0,"key":"SMITH"},{"data":"Cloak And Dagger","floor":52.0,"key":"SMITH"}],"neow_cost":"NONE","seed_source_timestamp":0,"circlet_count":0,"master_deck":["Defend_G","Defend_G","Defend_G","Strike_G","Strike_G","Strike_G","Survivor","Neutralize+1","Crippling Poison+1","Cloak And Dagger+1","Well Laid Plans","Backflip","Footwork","After Image+1","Footwork+1","Noxious Fumes","After Image","Blur","Corpse Explosion","Flash of Steel","Purity","Caltrops+1","After Image","Cloak And Dagger+1","Concentrate","Bullet Time+1","Crippling Poison","Dagger Throw","Corpse Explosion","Bouncing Flask","Bouncing Flask","Leg Sweep+1","Backflip+1","Crippling Poison+1","Noxious Fumes","Leg Sweep+1","Backflip+1"],"special_seed":0,"relics":["Ring of the Snake","The Courier","Lantern","Bird Faced Urn","Runic Pyramid","Omamori","Orrery","Red Mask","Bronze Scales","Pen Nib","Letter Opener"],"potions_floor_usage":[55,55],"damage_taken":[{"damage":5.0,"enemies":"Jaw Worm","floor":1.0,"turns":7.0},{"damage":0.0,"enemies":"Small Slimes","floor":2.0,"turns":4.0},{"damage":1.0,"enemies":"Cultist","floor":3.0,"turns":5.0},{"damage":4.0,"enemies":"Red Slaver","floor":7.0,"turns":5.0},{"damage":12.0,"enemies":"Gremlin Nob","floor":10.0,"turns":5.0},{"damage":2.0,"enemies":"3 Sentries","floor":13.0,"turns":13.0},{"damage":0.0,"enemies":"Blue Slaver","floor":14.0,"turns":4.0},{"damage":20.0,"enemies":"Hexaghost","floor":16.0,"turns":14.0},{"damage":0.0,"enemies":"Chosen","floor":18.0,"turns":6.0},{"damage":6.0,"enemies":"2 Thieves","floor":21.0,"turns":5.0},{"damage":18.0,"enemies":"3 Cultists","floor":22.0,"turns":6.0},{"damage":58.0,"enemies":"Slavers","floor":23.0,"turns":4.0},{"damage":15.0,"enemies":"Sentry and Sphere","floor":25.0,"turns":7.0},{"damage":0.0,"enemies":"Centurion and Healer","floor":27.0,"turns":7.0},{"damage":0.0,"enemies":"Snecko","floor":30.0,"turns":8.0},{"damage":12.0,"enemies":"Champ","floor":33.0,"turns":17.0},{"damage":16.0,"enemies":"3 Shapes","floor":35.0,"turns":3.0},{"damage":39.0,"enemies":"3 Darklings","floor":36.0,"turns":5.0},{"damage":1.0,"enemies":"Spire Growth","floor":39.0,"turns":8.0},{"damage":55.0,"enemies":"Transient","floor":40.0,"turns":5.0},{"damage":0.0,"enemies":"4 Shapes","floor":42.0,"turns":3.0},{"damage":1.0,"enemies":"Giant Head","floor":45.0,"turns":11.0},{"damage":2.0,"enemies":"3 Darklings","floor":48.0,"turns":6.0},{"damage":24.0,"enemies":"Awakened One","floor":50.0,"turns":17.0},{"damage":50.0,"enemies":"Shield and Spear","floor":54.0,"turns":7.0},{"damage":54,"enemies":"The Heart","floor":55,"turns":6}],"seed_played":"-2492546613284708206","potions_obtained":[{"floor":1.0,"key":"GhostInAJar"},{"floor":2.0,"key":"EssenceOfSteel"},{"floor":18.0,"key":"Block Potion"},{"floor":22.0,"key":"GamblersBrew"},{"floor":27.0,"key":"Dexterity Potion"},{"floor":33.0,"key":"SpeedPotion"},{"floor":40.0,"key":"SneckoOil"},{"floor":45.0,"key":"LiquidBronze"},{"floor":48.0,"key":"Block Potion"}],"is_trial":false,"path_per_floor":["M","M","M","?","?","R","M","R","T","E","$","?","?","M","R","B",null,"M","$","?","M","M","E","R","M","T","M","$","?","M","?","R","B",null,"M","M","?","?","M","M","R","M","T","$","E","?","R","M","R","B",null,"R","$","E","B"],"character_chosen":"THE_SILENT","items_purchased":["Footwork","After Image","Blur","Corpse Explosion","Concentrate","Bullet Time"],"campfire_rested":2,"item_purchase_floors":[11,11,19,19,28,28],"current_hp_per_floor":[65,65,64,69,69,69,65,65,65,53,53,53,51,59,59,49,74,82,82,58,62,56,10,34,35,35,51,51,51,63,63,63,67,78,70,45,45,45,58,15,39,41,41,41,58,79,79,82,82,71,79,79,79,40,0],"gold":33,"neow_bonus":"TEN_PERCENT_HP_BONUS","is_prod":false,"is_daily":false,"chose_seed":false,"campfire_upgraded":6,"win_rate":0,"timestamp":1555553209,"path_taken":["M","M","M","?","?","R","M","R","T","E","$","?","?","?","R","BOSS","M","$","?","?","M","E","R","M","T","M","$","?","?","?","R","BOSS","M","M","?","?","M","M","R","M","T","$","E","?","R","M","R","BOSS","R","$","E","BOSS"],"build_version":"2019-01-23","purchased_purges":2,"victory":false,"max_hp_per_floor":[77,77,77,82,82,82,82,82,82,82,82,82,82,82,82,82,82,82,82,82,82,82,82,82,82,82,82,82,82,82,82,82,82,82,82,82,82,82,82,82,82,82,82,82,82,82,82,82,82,82,82,82,82,82,82],"card_choices":[{"not_picked":["PiercingWail","Cloak And Dagger"],"picked":"Crippling Poison","floor":1.0},{"not_picked":["Blade Dance","Quick Slash","Poisoned Stab"],"picked":"SKIP","floor":2.0},{"not_picked":["Quick Slash","Deadly Poison"],"picked":"Cloak And Dagger","floor":3.0},{"not_picked":["Deadly Poison","Quick Slash"],"picked":"Well Laid Plans","floor":7.0},{"not_picked":["Bane","All Out Attack"],"picked":"Backflip","floor":10.0},{"not_picked":["Sucker Punch","Outmaneuver"],"picked":"Footwork","floor":13.0},{"not_picked":["Poisoned Stab","Flying Knee"],"picked":"Noxious Fumes","floor":14.0},{"not_picked":["Doppelganger","Burst"],"picked":"After Image","floor":16.0},{"not_picked":["Distraction","Poisoned Stab","Flying Knee+1"],"picked":"SKIP","floor":18.0},{"not_picked":["Flying Knee","Deflect","Sucker Punch+1"],"picked":"SKIP","floor":21.0},{"not_picked":["Deadly Poison+1","Sucker Punch"],"picked":"Caltrops+1","floor":22.0},{"not_picked":["Outmaneuver","Tactician"],"picked":"After Image","floor":23.0},{"not_picked":["Caltrops+1","Deflect+1"],"picked":"Cloak And Dagger","floor":25.0},{"not_picked":["Deflect","Choke","Slice"],"picked":"SKIP","floor":27.0},{"not_picked":["Dagger Throw","Dodge and Roll","Outmaneuver"],"picked":"SKIP","floor":30.0},{"not_picked":["Venomology","Unload"],"picked":"Corpse Explosion","floor":33.0},{"not_picked":["Heel Hook+1","Acrobatics"],"picked":"Bouncing Flask","floor":34.0},{"not_picked":["Dagger Spray","Blade Dance"],"picked":"Bouncing Flask","floor":34.0},{"not_picked":["Outmaneuver","Underhanded Strike"],"picked":"Leg Sweep+1","floor":35.0},{"not_picked":["Expertise+1","Skewer"],"picked":"Backflip+1","floor":36.0},{"not_picked":["Underhanded Strike+1","Deadly Poison","Doppelganger"],"picked":"SKIP","floor":39.0},{"not_picked":["Poisoned Stab","Slice"],"picked":"Crippling Poison+1","floor":40.0},{"not_picked":["PiercingWail","Underhanded Strike"],"picked":"Noxious Fumes","floor":42.0},{"not_picked":["Underhanded Strike+1","Deflect+1","Blade Dance"],"picked":"SKIP","floor":45.0},{"not_picked":["PiercingWail","Skewer+1"],"picked":"Leg Sweep+1","floor":48.0},{"not_picked":["After Image","Acrobatics"],"picked":"Backflip+1","floor":54.0}],"player_experience":467175,"relics_obtained":[{"floor":9.0,"key":"The Courier"},{"floor":10.0,"key":"Lantern"},{"floor":13.0,"key":"Bird Faced Urn"},{"floor":23.0,"key":"Omamori"},{"floor":43.0,"key":"Bronze Scales"},{"floor":45.0,"key":"Pen Nib"},{"floor":54.0,"key":"Letter Opener"}],"event_choices":[{"damage_healed":0.0,"max_hp_gain":5.0,"max_hp_loss":0.0,"gold_gain":0.0,"event_name":"Big Fish","player_choice":"Donut","floor":4.0,"gold_loss":0.0,"damage_taken":0.0},{"damage_healed":0.0,"max_hp_gain":0.0,"max_hp_loss":0.0,"gold_gain":0.0,"event_name":"Living Wall","player_choice":"Grow","floor":5.0,"gold_loss":0.0,"damage_taken":0.0,"cards_upgraded":["Crippling Poison"]},{"damage_healed":0.0,"max_hp_gain":0.0,"max_hp_loss":0.0,"gold_gain":0.0,"event_name":"World of Goop","player_choice":"Left Gold","floor":12.0,"gold_loss":13.0,"damage_taken":0.0},{"damage_healed":0.0,"max_hp_gain":0.0,"max_hp_loss":0.0,"gold_gain":30.0,"event_name":"Dead Adventurer","player_choice":"Searched \u00273\u0027 times","floor":13.0,"gold_loss":0.0,"damage_taken":0.0},{"damage_healed":0.0,"max_hp_gain":0.0,"max_hp_loss":0.0,"gold_gain":0.0,"event_name":"Knowing Skull","player_choice":"CARD CARD ","floor":20.0,"potions_obtained":[],"gold_loss":0.0,"damage_taken":24.0,"cards_obtained":["Flash of Steel","Purity"]},{"damage_healed":0.0,"max_hp_gain":0.0,"max_hp_loss":0.0,"gold_gain":0.0,"event_name":"Match and Keep!","player_choice":"2 cards matched","floor":29.0,"gold_loss":0.0,"damage_taken":0.0,"cards_obtained":["Crippling Poison","Dagger Throw"]},{"cards_removed":["Strike_G"],"damage_healed":0.0,"max_hp_gain":0.0,"max_hp_loss":0.0,"gold_gain":0.0,"event_name":"Wheel of Change","player_choice":"Card Removal","floor":31.0,"gold_loss":0.0,"damage_taken":0.0},{"damage_healed":0.0,"max_hp_gain":0.0,"max_hp_loss":0.0,"gold_gain":0.0,"event_name":"Tomb of Lord Red Mask","player_choice":"Paid","floor":37.0,"gold_loss":140.0,"damage_taken":0.0,"relics_obtained":["Red Mask"]},{"cards_removed":["Defend_G"],"damage_healed":0.0,"max_hp_gain":0.0,"max_hp_loss":0.0,"gold_gain":0.0,"event_name":"Falling","player_choice":"Removed Skill","floor":38.0,"gold_loss":0.0,"damage_taken":0.0},{"damage_healed":21.0,"max_hp_gain":0.0,"max_hp_loss":0.0,"gold_gain":0.0,"event_name":"Winding Halls","player_choice":"Writhe","floor":46.0,"gold_loss":0.0,"damage_taken":0.0,"cards_obtained":["Writhe"]}],"is_beta":false,"boss_relics":[{"not_picked":["Snecko Eye","Black Star"],"picked":"Runic Pyramid"},{"not_picked":["White Beast Statue","Runic Dome"],"picked":"Orrery"}],"items_purged_floors":[44,53],"is_endless":false,"potions_floor_spawned":[1,2,18,22,27,33,40,45,48],"killed_by":"The Heart","ascension_level":6}