{"gold_per_floor":[111,111,126,126,13,13,13,13,13,90,90,15,15,40,40,40],"floor_reached":16,"playtime":356,"items_purged":["Regret"],"score":151,"play_id":"22b5956d-e186-4c62-8e59-8cef35ffbe41","local_time":"20190607062601","is_ascension_mode":true,"campfire_choices":[{"data":"Accuracy","floor":6,"key":"SMITH"},{"data":"Finisher","floor":8,"key":"SMITH"},{"data":"Backstab","floor":11,"key":"SMITH"},{"data":"Survivor","floor":13,"key":"SMITH"},{"floor":15,"key":"REST"}],"neow_cost":"PERCENT_DAMAGE","seed_source_timestamp":265107332696500,"circlet_count":0,"master_deck":["AscendersBane","Defend_G","Defend_G","Defend_G","Defend_G","Defend_G","Strike_G","Strike_G","Strike_G","Strike_G","Strike_G","Survivor+1","Neutralize","Accuracy+1","Finisher+1","Backstab+1","Accuracy","Slice"],"relics":["Ring of the Snake","FossilizedHelix","Golden Idol","Bronze Scales","Regal Pillow"],"potions_floor_usage":[16],"damage_taken":[{"damage":0,"enemies":"Small Slimes","floor":1,"turns":5},{"damage":1,"enemies":"Jaw Worm","floor":3,"turns":5},{"damage":0,"enemies":"2 Louse","floor":14,"turns":1},{"damage":62,"enemies":"Hexaghost","floor":16,"turns":14}],"seed_played":"1769892953829812162","potions_obtained":[{"floor":3,"key":"Dexterity Potion"},{"floor":14,"key":"SpeedPotion"}],"is_trial":false,"path_per_floor":["M","?","M","?","$","R","?","R","T","?","R","$","R","M","R","B"],"character_chosen":"THE_SILENT","items_purchased":["Backstab","Accuracy"],"campfire_rested":1,"item_purchase_floors":[5,5],"current_hp_per_floor":[44,44,43,43,43,43,43,43,43,43,43,43,43,43,60,0],"gold":40,"neow_bonus":"ONE_RARE_RELIC","is_prod":false,"is_daily":false,"chose_seed":false,"campfire_upgraded":4,"win_rate":0,"timestamp":1559913961,"path_taken":["M","?","M","?","$","R","?","R","T","?","R","?","R","M","R","BOSS"],"build_version":"2019-01-23","purchased_purges":1,"victory":false,"max_hp_per_floor":[66,60,60,60,60,60,60,60,60,60,60,60,60,60,60,60],"card_choices":[{"not_picked":["Underhanded Strike","Sucker Punch"],"picked":"Accuracy","floor":1},{"not_picked":["Dodge and Roll","Caltrops"],"picked":"Finisher","floor":3},{"not_picked":["Underhanded Strike","Flechettes"],"picked":"Slice","floor":14}],"player_experience":355063,"relics_obtained":[{"floor":9,"key":"Regal Pillow"}],"event_choices":[{"damage_healed":0,"gold_gain":0,"player_choice":"Lose Max HP","damage_taken":0,"relics_obtained":["Golden Idol"],"max_hp_gain":0,"max_hp_loss":6,"event_name":"Golden Idol","floor":2,"gold_loss":0},{"damage_healed":0,"gold_gain":0,"player_choice":"Box","damage_taken":0,"relics_obtained":["Bronze Scales"],"max_hp_gain":0,"max_hp_loss":0,"event_name":"Big Fish","floor":4,"gold_loss":0,"cards_obtained":["Regret"]},{"damage_healed":0,"gold_gain":0,"player_choice":"Leave","damage_taken":0,"max_hp_gain":0,"max_hp_loss":0,"event_name":"The Cleric","floor":7,"gold_loss":0},{"damage_healed":0,"gold_gain":77,"player_choice":"Gained Gold","damage_taken":0,"max_hp_gain":0,"max_hp_loss":0,"event_name":"Golden Wing","floor":10,"gold_loss":0}],"is_beta":false,"boss_relics":[],"items_purged_floors":[12],"is_endless":false,"potions_floor_spawned":[3,14],"killed_by":"Hexaghost","ascension_level":15}