{"gold_per_floor":[110,110,110,126,201,235,255,286,286,286,286,308,339,379,391,480,492,483,495,532,138,138,138,150,183,183,195,195,215,215,228,228,228],"floor_reached":33,"playtime":1654,"items_purged":["Defend_R"],"score":620,"play_id":"3e30e0c9-0a52-49f8-b09c-730a2794eb75","local_time":"20190526215905","is_ascension_mode":true,"campfire_choices":[{"data":"Carnage","floor":10.0,"key":"SMITH"},{"data":"Disarm","floor":15.0,"key":"SMITH"},{"data":"Flame Barrier","floor":23.0,"key":"SMITH"},{"floor":28.0,"key":"REST"},{"floor":32.0,"key":"REST"}],"neow_cost":"NONE","seed_source_timestamp":39149055690888,"circlet_count":0,"master_deck":["AscendersBane","Strike_R+1","Defend_R+1","Defend_R","Defend_R","Bash+1","Disarm+1","Carnage+1","Cleave","Shrug It Off","Flame Barrier+1","Headbutt","Juggernaut","Bloodletting+1","Clash+1","Twin Strike+1","Spot Weakness+1","Second Wind+1","Ghostly Armor","Bloodletting"],"special_seed":0,"relics":["Burning Blood","NeowsBlessing","Centennial Puzzle","Champion Belt","Pantograph","MawBank","Ice Cream","Astrolabe","Red Mask","Oddly Smooth Stone","Omamori","Happy Flower","Bag of Preparation","War Paint"],"potions_floor_usage":[33],"damage_taken":[{"damage":0.0,"enemies":"Jaw Worm","floor":1.0,"turns":1.0},{"damage":0.0,"enemies":"Small Slimes","floor":4.0,"turns":1.0},{"damage":0.0,"enemies":"Lagavulin","floor":6.0,"turns":1.0},{"damage":0.0,"enemies":"2 Louse","floor":7.0,"turns":2.0},{"damage":27.0,"enemies":"Gremlin Nob","floor":8.0,"turns":4.0},{"damage":1.0,"enemies":"2 Fungi Beasts","floor":12.0,"turns":4.0},{"damage":3.0,"enemies":"Red Slaver","floor":13.0,"turns":3.0},{"damage":23.0,"enemies":"Lagavulin","floor":14.0,"turns":5.0},{"damage":17.0,"enemies":"Hexaghost","floor":16.0,"turns":9.0},{"damage":12.0,"enemies":"2 Thieves","floor":18.0,"turns":4.0},{"damage":17.0,"enemies":"Masked Bandits","floor":20.0,"turns":4.0},{"damage":21.0,"enemies":"3 Byrds","floor":24.0,"turns":4.0},{"damage":17.0,"enemies":"Slavers","floor":25.0,"turns":6.0},{"damage":13.0,"enemies":"Centurion and Healer","floor":27.0,"turns":5.0},{"damage":14.0,"enemies":"Shelled Parasite and Fungi","floor":29.0,"turns":4.0},{"damage":5.0,"enemies":"3 Cultists","floor":31.0,"turns":5.0},{"damage":82,"enemies":"Collector","floor":33,"turns":7}],"seed_played":"-7128209192520706511","potions_obtained":[{"floor":1.0,"key":"BloodPotion"},{"floor":4.0,"key":"GamblersBrew"},{"floor":8.0,"key":"FearPotion"},{"floor":12.0,"key":"Energy Potion"},{"floor":20.0,"key":"Poison Potion"},{"floor":25.0,"key":"SkillPotion"},{"floor":31.0,"key":"SkillPotion"}],"is_trial":false,"path_per_floor":["M","?","?","M","?","E","M","E","T","R","?","M","M","E","R","B",null,"M","$","?","$","?","R","M","E","T","M","R","M","?","M","R","B"],"character_chosen":"IRONCLAD","items_purchased":["Oddly Smooth Stone","Omamori"],"campfire_rested":2,"item_purchase_floors":[21,21],"current_hp_per_floor":[74,67,44,50,39,45,51,30,30,30,30,42,45,28,28,42,67,61,61,50,50,50,50,35,24,24,17,39,31,31,32,54,0],"gold":228,"neow_bonus":"THREE_ENEMY_KILL","is_prod":false,"is_daily":false,"chose_seed":false,"campfire_upgraded":3,"win_rate":0,"timestamp":1558900745,"path_taken":["M","?","?","M","?","E","M","E","T","R","?","?","M","E","R","BOSS","M","$","?","$","?","R","M","E","T","M","R","M","?","?","R","BOSS"],"build_version":"2019-01-23","purchased_purges":1,"victory":false,"max_hp_per_floor":[75,75,75,75,75,75,75,75,75,75,75,75,75,75,75,75,75,75,75,75,75,75,75,75,75,75,75,75,75,75,75,75,75],"card_choices":[{"not_picked":["Clash","Warcry"],"picked":"Disarm","floor":1.0},{"not_picked":["Thunderclap","Rupture"],"picked":"Carnage","floor":4.0},{"not_picked":["Uppercut","Perfected Strike"],"picked":"Cleave","floor":6.0},{"not_picked":["Perfected Strike","Shockwave"],"picked":"Shrug It Off","floor":7.0},{"not_picked":["Hemokinesis","Bloodletting"],"picked":"Pommel Strike","floor":8.0},{"not_picked":["Warcry","Seeing Red"],"picked":"Flame Barrier","floor":12.0},{"not_picked":["Evolve","Flame Barrier"],"picked":"Headbutt","floor":13.0},{"not_picked":["Entrench","Sword Boomerang","Clash"],"picked":"SKIP","floor":14.0},{"not_picked":["Bludgeon","Berserk"],"picked":"Juggernaut","floor":16.0},{"not_picked":["Sentinel","Rampage+1"],"picked":"Spot Weakness","floor":18.0},{"not_picked":["Rage","Dual Wield"],"picked":"Second Wind+1","floor":24.0},{"not_picked":["Rage","Double Tap","Thunderclap"],"picked":"SKIP","floor":25.0},{"not_picked":["Combust","Heavy Blade"],"picked":"Ghostly Armor","floor":27.0},{"not_picked":["Armaments","Twin Strike","Second Wind"],"picked":"SKIP","floor":29.0},{"not_picked":["Armaments","Wild Strike"],"picked":"Bloodletting","floor":31.0}],"player_experience":84360,"relics_obtained":[{"floor":6.0,"key":"Centennial Puzzle"},{"floor":8.0,"key":"Champion Belt"},{"floor":9.0,"key":"Pantograph"},{"floor":14.0,"key":"Ice Cream"},{"floor":20.0,"key":"Red Mask"},{"floor":25.0,"key":"Bag of Preparation"},{"floor":26.0,"key":"War Paint"}],"event_choices":[{"cards_removed":["Strike_R"],"damage_healed":0.0,"max_hp_gain":0.0,"max_hp_loss":0.0,"gold_gain":0.0,"event_name":"Golden Wing","player_choice":"Card Removal","floor":2.0,"gold_loss":0.0,"damage_taken":7.0},{"damage_healed":0.0,"max_hp_gain":0.0,"max_hp_loss":0.0,"gold_gain":0.0,"event_name":"Shining Light","player_choice":"Entered Light","floor":3.0,"gold_loss":0.0,"damage_taken":23.0,"cards_upgraded":["Strike_R","Bash"]},{"damage_healed":0.0,"max_hp_gain":0.0,"max_hp_loss":0.0,"gold_gain":75.0,"event_name":"World of Goop","player_choice":"Gather Gold","floor":5.0,"gold_loss":0.0,"damage_taken":11.0},{"cards_removed":["Pommel Strike"],"damage_healed":0.0,"max_hp_gain":0.0,"max_hp_loss":0.0,"gold_gain":0.0,"event_name":"WeMeetAgain","player_choice":"Gave Card","floor":11.0,"gold_loss":0.0,"damage_taken":0.0,"relics_obtained":["MawBank"]},{"damage_healed":0.0,"max_hp_gain":0.0,"max_hp_loss":0.0,"gold_gain":0.0,"event_name":"Masked Bandits","player_choice":"Fought Bandits","floor":20.0,"gold_loss":0.0,"damage_taken":0.0},{"damage_healed":0.0,"max_hp_gain":0.0,"max_hp_loss":0.0,"gold_gain":0.0,"event_name":"The Mausoleum","player_choice":"Opened","floor":22.0,"gold_loss":0.0,"damage_taken":0.0,"relics_obtained":["Happy Flower"],"cards_obtained":["Writhe"]},{"damage_healed":0.0,"max_hp_gain":0.0,"max_hp_loss":0.0,"gold_gain":0.0,"event_name":"N\u0027loth","player_choice":"Ignored","floor":30.0,"gold_loss":0.0,"damage_taken":0.0}],"is_beta":false,"boss_relics":[{"not_picked":["Runic Cube","Black Star"],"picked":"Astrolabe"}],"items_purged_floors":[21],"is_endless":false,"potions_floor_spawned":[1,4,8,12,13,20,25,31],"killed_by":"Collector","ascension_level":20}