{"gold_per_floor":[15,25,43,53,68,68,88,122,173,173,173,187,219,235,235,340,340,352,363,363,378,390,390,405,405,405,423,423,448,0,18,18,121,121,136,36,51,61,76,76,76,76,102,0,0,0,18,28,28,28],"floor_reached":50,"playtime":6271,"items_purged":["Parasite","Defend_R"],"score":507,"play_id":"b3642fc2-d12d-42a0-a6e9-dfe9e8159415","local_time":"20190606205608","is_ascension_mode":false,"campfire_choices":[{"data":"True Grit","floor":6,"key":"SMITH"},{"data":"Evolve","floor":10,"key":"SMITH"},{"data":"Disarm","floor":15,"key":"SMITH"},{"data":"Limit Break","floor":23,"key":"SMITH"},{"floor":25,"key":"REST"},{"data":"Shockwave","floor":28,"key":"SMITH"},{"data":"Heavy Blade","floor":32,"key":"SMITH"},{"data":"Limit Break","floor":40,"key":"SMITH"},{"data":"Madness","floor":42,"key":"SMITH"},{"data":"True Grit","floor":49,"key":"SMITH"}],"neow_cost":"NO_GOLD","seed_source_timestamp":214649399466800,"circlet_count":0,"master_deck":["Strike_R","Strike_R","Defend_R","Defend_R","Defend_R","Shockwave+1","Combust","Evolve+1","Immolate","True Grit+1","Power Through","Feel No Pain","Disarm+1","Berserk","Bludgeon+1","Twin Strike+1","Spot Weakness+1","True Grit+1","Bloodletting","Spot Weakness+1","Limit Break+1","Ghostly Armor","Flex+1","Reaper","Pummel","Heavy Blade+1","Limit Break+1","Shrug It Off+1","Pummel","Pummel+1","Madness","Madness+1","Parasite"],"relics":["Burning Blood","StoneCalendar","PreservedInsect","Bronze Scales","Regal Pillow","Astrolabe","Question Card","Shuriken","Lee\u0027s Waffle","Coffee Dripper","Orichalcum","Red Mask"],"potions_floor_usage":[8,8,14,16,21,24,29,29,33,33,33,38],"damage_taken":[{"damage":4,"enemies":"Small Slimes","floor":1,"turns":4},{"damage":5,"enemies":"Cultist","floor":2,"turns":4},{"damage":3,"enemies":"2 Louse","floor":3,"turns":3},{"damage":13,"enemies":"Large Slime","floor":4,"turns":5},{"damage":1,"enemies":"2 Fungi Beasts","floor":5,"turns":3},{"damage":7,"enemies":"Exordium Thugs","floor":7,"turns":5},{"damage":22,"enemies":"Lagavulin","floor":8,"turns":7},{"damage":2,"enemies":"3 Louse","floor":12,"turns":2},{"damage":4,"enemies":"3 Sentries","floor":13,"turns":2},{"damage":10,"enemies":"Large Slime","floor":14,"turns":5},{"damage":64,"enemies":"Hexaghost","floor":16,"turns":9},{"damage":23,"enemies":"3 Byrds","floor":18,"turns":3},{"damage":5,"enemies":"Chosen","floor":19,"turns":4},{"damage":5,"enemies":"Snecko","floor":21,"turns":5},{"damage":24,"enemies":"Centurion and Healer","floor":22,"turns":6},{"damage":17,"enemies":"Shelled Parasite and Fungi","floor":24,"turns":4},{"damage":18,"enemies":"Snecko","floor":27,"turns":5},{"damage":13,"enemies":"Book of Stabbing","floor":29,"turns":6},{"damage":16,"enemies":"Chosen and Byrds","floor":31,"turns":4},{"damage":44,"enemies":"Automaton","floor":33,"turns":6},{"damage":24,"enemies":"3 Darklings","floor":35,"turns":5},{"damage":16,"enemies":"3 Shapes","floor":37,"turns":6},{"damage":42,"enemies":"Transient","floor":38,"turns":5},{"damage":16,"enemies":"Jaw Worm Horde","floor":39,"turns":4},{"damage":20,"enemies":"Writhing Mass","floor":47,"turns":3},{"damage":22,"enemies":"Sphere and 2 Shapes","floor":48,"turns":4},{"damage":46,"enemies":"Donu and Deca","floor":50,"turns":4}],"seed_played":"-8431341061173074450","potions_obtained":[{"floor":1,"key":"Energy Potion"},{"floor":4,"key":"Poison Potion"},{"floor":5,"key":"BloodPotion"},{"floor":7,"key":"Block Potion"},{"floor":12,"key":"Ancient Potion"},{"floor":14,"key":"Swift Potion"},{"floor":16,"key":"Block Potion"},{"floor":19,"key":"Dexterity Potion"},{"floor":24,"key":"Energy Potion"},{"floor":27,"key":"Dexterity Potion"},{"floor":37,"key":"AttackPotion"},{"floor":39,"key":"AttackPotion"},{"floor":48,"key":"AttackPotion"}],"is_trial":false,"path_per_floor":["M","M","M","M","M","R","M","E","T","R","?","M","E","M","R","B",null,"M","M","?","M","M","R","M","R","T","M","R","E","$","M","R","B",null,"M","$","M","M","M","R","?","R","T","?","?","?","M","M","R","B"],"character_chosen":"IRONCLAD","items_purchased":["Pummel","Lee\u0027s Waffle","Weak Potion","FearPotion"],"campfire_rested":1,"item_purchase_floors":[30,30,30,30],"current_hp_per_floor":[80,80,80,73,78,78,77,69,69,69,80,80,80,76,76,18,80,63,64,64,65,47,47,36,75,75,63,63,56,84,82,82,44,84,66,66,84,84,74,74,63,63,63,63,63,63,49,33,33,0],"gold":28,"neow_bonus":"ONE_RARE_RELIC","is_prod":false,"is_daily":false,"chose_seed":false,"campfire_upgraded":9,"win_rate":0,"timestamp":1559822168,"path_taken":["M","M","M","M","M","R","M","E","T","R","?","M","E","M","R","BOSS","M","M","?","M","M","R","M","R","T","M","R","E","$","M","R","BOSS","M","$","M","?","M","R","?","R","T","?","?","?","?","M","R","BOSS"],"build_version":"2019-01-23","purchased_purges":2,"victory":false,"max_hp_per_floor":[80,80,80,80,80,80,80,80,80,80,80,80,80,80,80,80,80,80,80,80,80,80,80,80,80,80,80,80,80,84,84,84,84,84,84,84,84,84,84,84,84,84,84,84,84,84,84,84,84,84],"card_choices":[{"not_picked":["Flex","Perfected Strike"],"picked":"Shockwave","floor":1},{"not_picked":["Anger","Clash"],"picked":"Combust","floor":2},{"not_picked":["Clothesline","Headbutt"],"picked":"Evolve","floor":3},{"not_picked":["Perfected Strike","Shrug It Off"],"picked":"Immolate","floor":4},{"not_picked":["Pummel","Twin Strike"],"picked":"True Grit","floor":5},{"not_picked":["Rage","Twin Strike"],"picked":"Power Through","floor":7},{"not_picked":["Blood for Blood","Clothesline","Searing Blow"],"picked":"SKIP","floor":8},{"not_picked":["Iron Wave","Intimidate"],"picked":"Feel No Pain","floor":12},{"not_picked":["Hemokinesis","Demon Form"],"picked":"Disarm","floor":13},{"not_picked":["Iron Wave","Armaments","Rampage"],"picked":"SKIP","floor":14},{"not_picked":["Bludgeon","Dark Embrace"],"picked":"Berserk","floor":16},{"not_picked":["Pommel Strike+1","Perfected Strike+1","Flex"],"picked":"SKIP","floor":18},{"not_picked":["Cleave+1","Rampage"],"picked":"True Grit","floor":19},{"not_picked":["Sword Boomerang","Sever Soul"],"picked":"Spot Weakness+1","floor":21},{"not_picked":["Dual Wield+1","Iron Wave+1"],"picked":"Limit Break","floor":22},{"not_picked":["Anger+1","Warcry"],"picked":"Ghostly Armor","floor":24},{"not_picked":["Heavy Blade","Wild Strike","Thunderclap+1"],"picked":"Flex+1","floor":27},{"not_picked":["Shrug It Off","Pommel Strike","Carnage+1"],"picked":"Reaper","floor":29},{"not_picked":["Twin Strike","Warcry+1","Pommel Strike"],"picked":"Heavy Blade","floor":31},{"not_picked":["Offering","Demon Form","Berserk"],"picked":"Limit Break","floor":33},{"not_picked":["Blood for Blood","Hemokinesis","Thunderclap"],"picked":"Shrug It Off+1","floor":35},{"not_picked":["Wild Strike+1","Sever Soul+1","Armaments+1","Fire Breathing+1"],"picked":"SKIP","floor":37},{"not_picked":["True Grit","Disarm+1","Heavy Blade"],"picked":"Pummel","floor":38},{"not_picked":["Hemokinesis+1","Bloodletting","True Grit"],"picked":"Pummel+1","floor":39},{"not_picked":["Wild Strike+1","Reckless Charge","Heavy Blade","Burning Pact+1"],"picked":"SKIP","floor":47},{"not_picked":["Pummel","Perfected Strike+1","Disarm","Warcry+1"],"picked":"SKIP","floor":48}],"player_experience":45397,"relics_obtained":[{"floor":8,"key":"PreservedInsect"},{"floor":9,"key":"Bronze Scales"},{"floor":13,"key":"Regal Pillow"},{"floor":26,"key":"Question Card"},{"floor":29,"key":"Shuriken"},{"floor":43,"key":"Orichalcum"}],"event_choices":[{"damage_healed":20,"gold_gain":0,"player_choice":"Healed and dodged fight","damage_taken":0,"max_hp_gain":0,"max_hp_loss":0,"event_name":"Mushrooms","floor":11,"gold_loss":0,"cards_obtained":["Parasite"]},{"damage_healed":0,"gold_gain":0,"cards_transformed":["Bash"],"player_choice":"Transformed","damage_taken":0,"max_hp_gain":0,"max_hp_loss":0,"event_name":"Transmorgrifier","floor":20,"gold_loss":0,"cards_obtained":["Bloodletting"]},{"damage_healed":0,"gold_gain":0,"player_choice":"Embrace Madness","damage_taken":11,"max_hp_gain":0,"max_hp_loss":0,"event_name":"Winding Halls","floor":41,"gold_loss":0,"cards_obtained":["Madness","Madness"]},{"damage_healed":0,"gold_gain":0,"player_choice":"Paid","damage_taken":0,"relics_obtained":["Red Mask"],"max_hp_gain":0,"max_hp_loss":0,"event_name":"Tomb of Lord Red Mask","floor":44,"gold_loss":102},{"damage_healed":0,"gold_gain":0,"player_choice":"Ignored","damage_taken":0,"max_hp_gain":0,"max_hp_loss":0,"event_name":"Mysterious Sphere","floor":45,"gold_loss":0},{"damage_healed":0,"gold_gain":0,"player_choice":"Memory 1","damage_taken":0,"max_hp_gain":0,"max_hp_loss":0,"event_name":"SensoryStone","floor":46,"gold_loss":0}],"is_beta":false,"boss_relics":[{"not_picked":["Runic Dome","Snecko Eye"],"picked":"Astrolabe"},{"not_picked":["Eternal Feather","Black Star"],"picked":"Coffee Dripper"}],"items_purged_floors":[30,36],"is_endless":false,"potions_floor_spawned":[1,4,5,7,12,14,16,19,24,27,37,39,48],"killed_by":"Donu and Deca","ascension_level":0}