{"gold_per_floor":[116,116,136,211,112,144,144,144,144,175,192,222,232,248,248,322,322,337,1,17,17,28,57,57,91,115,115,115,135,135,135,135,208,208,223,237,113,129,143,143,168,268,291,308,308,341,341,341,341,341,341,341,15,15],"floor_reached":54,"playtime":4721,"items_purged":[],"score":1520,"play_id":"24404196-b815-4f14-bb7f-0dfb46aa54d2","local_time":"20190521110313","is_ascension_mode":true,"campfire_choices":[{"floor":8.0,"key":"REST"},{"data":"A Thousand Cuts","floor":15.0,"key":"SMITH"},{"floor":24.0,"key":"REST"},{"data":"Backflip","floor":28.0,"key":"SMITH"},{"data":"Blur","floor":30.0,"key":"SMITH"},{"data":"After Image","floor":32.0,"key":"SMITH"},{"data":"Leg Sweep","floor":40.0,"key":"SMITH"},{"floor":45.0,"key":"RECALL"},{"data":"Envenom","floor":49.0,"key":"SMITH"},{"data":"Footwork","floor":52,"key":"SMITH"}],"neow_cost":"NONE","seed_source_timestamp":0,"circlet_count":0,"master_deck":["AscendersBane","Survivor","Neutralize+1","Blur+1","Neutralize","A Thousand Cuts+1","Blade Dance","Backflip+1","Dark Shackles","Leg Sweep","Cloak And Dagger","Deadly Poison","Caltrops","After Image+1","PiercingWail","Well Laid Plans","Bouncing Flask","Leg Sweep+1","Cloak And Dagger+1","Backflip","Corpse Explosion","After Image","A Thousand Cuts","A Thousand Cuts","Cloak And Dagger","Venomology","Envenom+1","Dodge and Roll","A Thousand Cuts","Glass Knife","Bouncing Flask","Leg Sweep","Blur+1","Backflip","Footwork+1","Backstab","Prepared+1","Malaise","Backflip+1","Footwork"],"special_seed":0,"relics":["Ring of the Serpent","NeowsBlessing","Dream Catcher","Mercury Hourglass","Whetstone","Meat on the Bone","Oddly Smooth Stone","Boot","Snake Skull","Art of War","Pandora\u0027s Box","Bag of Preparation","Tingsha","Juzu Bracelet","Sundial","Shuriken"],"potions_floor_usage":[50,54],"damage_taken":[{"damage":0.0,"enemies":"Small Slimes","floor":1.0,"turns":2.0},{"damage":0.0,"enemies":"Cultist","floor":3.0,"turns":1.0},{"damage":0.0,"enemies":"Gremlin Nob","floor":6.0,"turns":1.0},{"damage":10.0,"enemies":"3 Sentries","floor":10.0,"turns":7.0},{"damage":0.0,"enemies":"Jaw Worm","floor":11.0,"turns":4.0},{"damage":10.0,"enemies":"Lagavulin","floor":12.0,"turns":10.0},{"damage":2.0,"enemies":"Exordium Wildlife","floor":13.0,"turns":5.0},{"damage":0.0,"enemies":"Looter","floor":14.0,"turns":3.0},{"damage":7.0,"enemies":"Hexaghost","floor":16.0,"turns":11.0},{"damage":2.0,"enemies":"3 Byrds","floor":18.0,"turns":3.0},{"damage":0.0,"enemies":"Chosen","floor":20.0,"turns":6.0},{"damage":20.0,"enemies":"3 Cultists","floor":22.0,"turns":8.0},{"damage":23.0,"enemies":"Slavers","floor":23.0,"turns":6.0},{"damage":36.0,"enemies":"Book of Stabbing","floor":25.0,"turns":9.0},{"damage":22.0,"enemies":"Snecko","floor":29.0,"turns":5.0},{"damage":16.0,"enemies":"Collector","floor":33.0,"turns":12.0},{"damage":10.0,"enemies":"Orb Walker","floor":35.0,"turns":6.0},{"damage":11.0,"enemies":"3 Darklings","floor":36.0,"turns":6.0},{"damage":14.0,"enemies":"Spire Growth","floor":38.0,"turns":7.0},{"damage":6.0,"enemies":"4 Shapes","floor":39.0,"turns":6.0},{"damage":0.0,"enemies":"Nemesis","floor":41.0,"turns":11.0},{"damage":0.0,"enemies":"Mind Bloom Boss Battle","floor":42.0,"turns":10.0},{"damage":4.0,"enemies":"Sphere and 2 Shapes","floor":44.0,"turns":7.0},{"damage":6.0,"enemies":"Giant Head","floor":46.0,"turns":11.0},{"damage":34,"enemies":"Donu and Deca","floor":50,"turns":13},{"damage":70,"enemies":"Shield and Spear","floor":54,"turns":9}],"seed_played":"-7850333702882003763","potions_obtained":[{"floor":6.0,"key":"Block Potion"},{"floor":11.0,"key":"Fruit Juice"},{"floor":12.0,"key":"Block Potion"},{"floor":18.0,"key":"Dexterity Potion"},{"floor":25.0,"key":"SteroidPotion"},{"floor":29.0,"key":"PowerPotion"},{"floor":33.0,"key":"SkillPotion"},{"floor":36.0,"key":"Block Potion"},{"floor":42.0,"key":"Dexterity Potion"}],"is_trial":false,"path_per_floor":["M","?","M","?","$","E","?","R","T","E","M","E","M","M","R","B",null,"M","$","M","?","M","E","R","E","T","?","R","M","R","?","R","B",null,"M","M","$","M","M","R","E","?","T","M","R","E","?","T","R","B",null,"R","$","E"],"character_chosen":"THE_SILENT","items_purchased":["Dark Shackles","Oddly Smooth Stone","Well Laid Plans","Bouncing Flask","Footwork","Backstab","Shuriken","SkillPotion"],"campfire_rested":2,"item_purchase_floors":[5,19,19,19,37,37,53,53],"current_hp_per_floor":[59,59,59,48,48,48,28,47,47,37,37,32,42,42,42,47,65,63,63,63,63,43,32,53,29,29,81,81,59,59,59,59,43,72,62,51,51,49,43,43,43,43,43,51,51,45,45,45,45,23,67,67,67,0],"gold":15,"neow_bonus":"THREE_ENEMY_KILL","is_prod":false,"is_daily":false,"chose_seed":false,"campfire_upgraded":7,"win_rate":0,"timestamp":1558461793,"path_taken":["M","?","?","?","$","E","?","R","T","E","?","E","M","M","R","BOSS","M","$","M","?","M","E","R","E","T","?","R","?","R","?","R","BOSS","M","M","$","M","M","R","E","?","T","M","R","E","?","?","R","BOSS","R","$","E"],"build_version":"2019-01-23","purchased_purges":0,"victory":false,"max_hp_per_floor":[66,66,66,66,66,66,66,66,66,66,66,71,71,71,71,71,71,71,71,71,71,71,71,71,71,71,81,81,81,81,81,81,81,81,81,81,81,81,81,81,81,81,81,81,81,81,81,81,81,81,81,81,81,81],"card_choices":[{"not_picked":["Acrobatics","Cloak And Dagger"],"picked":"Blur","floor":1.0},{"not_picked":["Underhanded Strike","Cloak And Dagger"],"picked":"Backflip","floor":3.0},{"not_picked":["PiercingWail","Concentrate"],"picked":"Leg Sweep","floor":6.0},{"not_picked":["Deflect","Outmaneuver"],"picked":"Cloak And Dagger","floor":8.0},{"not_picked":["Choke","Masterful Stab"],"picked":"Deadly Poison","floor":10.0},{"not_picked":["Eviscerate","Acrobatics"],"picked":"Caltrops","floor":11.0},{"not_picked":["Dodge and Roll","Sucker Punch"],"picked":"Glass Knife","floor":12.0},{"not_picked":["Skewer","Riddle With Holes","Slice"],"picked":"SKIP","floor":13.0},{"not_picked":["Dagger Spray","Deflect","Predator"],"picked":"SKIP","floor":14.0},{"not_picked":["Malaise","Envenom"],"picked":"After Image","floor":16.0},{"not_picked":["Blade Dance","Prepared"],"picked":"PiercingWail","floor":18.0},{"not_picked":["Blade Dance","Acrobatics","Phantasmal Killer"],"picked":"SKIP","floor":20.0},{"not_picked":["Choke","Skewer"],"picked":"Cloak And Dagger+1","floor":22.0},{"not_picked":["Storm of Steel","Bane"],"picked":"Backflip","floor":23.0},{"not_picked":["Flechettes","Dash"],"picked":"Corpse Explosion","floor":25.0},{"not_picked":["Dodge and Roll","Masterful Stab","Poisoned Stab"],"picked":"SKIP","floor":29.0},{"not_picked":["Night Terror","Wraith Form v2"],"picked":"A Thousand Cuts","floor":33.0},{"not_picked":["Cloak And Dagger+1","Heel Hook"],"picked":"Blur+1","floor":35.0},{"not_picked":["Cloak And Dagger","Deflect"],"picked":"Backflip","floor":36.0},{"not_picked":["Sucker Punch","Infinite Blades"],"picked":"Prepared+1","floor":38.0},{"not_picked":["Tactician+1","Quick Slash","Sucker Punch"],"picked":"SKIP","floor":39.0},{"not_picked":["Deflect+1","Backflip"],"picked":"Malaise","floor":41.0},{"not_picked":["All Out Attack+1","Poisoned Stab"],"picked":"Backflip+1","floor":42.0},{"not_picked":["Bouncing Flask","Deflect","Underhanded Strike"],"picked":"SKIP","floor":44.0},{"not_picked":["Flying Knee","PiercingWail"],"picked":"Footwork","floor":46.0}],"player_experience":677183,"relics_obtained":[{"floor":6.0,"key":"Dream Catcher"},{"floor":9.0,"key":"Mercury Hourglass"},{"floor":10.0,"key":"Whetstone"},{"floor":12.0,"key":"Meat on the Bone"},{"floor":23.0,"key":"Boot"},{"floor":25.0,"key":"Snake Skull"},{"floor":26.0,"key":"Art of War"},{"floor":41.0,"key":"Bag of Preparation"},{"floor":42.0,"key":"Tingsha"},{"floor":46.0,"key":"Juzu Bracelet"},{"floor":48.0,"key":"Sundial"}],"event_choices":[{"damage_healed":0.0,"max_hp_gain":0.0,"max_hp_loss":0.0,"gold_gain":0.0,"event_name":"Match and Keep!","player_choice":"3 cards matched","floor":2.0,"gold_loss":0.0,"damage_taken":0.0,"cards_obtained":["Neutralize","A Thousand Cuts","Blade Dance"]},{"damage_healed":0.0,"max_hp_gain":0.0,"max_hp_loss":0.0,"gold_gain":75.0,"event_name":"World of Goop","player_choice":"Gather Gold","floor":4.0,"gold_loss":0.0,"damage_taken":11.0},{"damage_healed":0.0,"max_hp_gain":0.0,"max_hp_loss":0.0,"gold_gain":0.0,"event_name":"Shining Light","player_choice":"Entered Light","floor":7.0,"gold_loss":0.0,"damage_taken":20.0,"cards_upgraded":["Neutralize","Defend_G"]},{"damage_healed":0.0,"max_hp_gain":0.0,"max_hp_loss":0.0,"gold_gain":0.0,"event_name":"The Library","player_choice":"Read","floor":21.0,"gold_loss":0.0,"damage_taken":0.0,"cards_obtained":["Leg Sweep"]},{"cards_removed":["Glass Knife"],"damage_healed":42.0,"max_hp_gain":10.0,"max_hp_loss":0.0,"gold_gain":0.0,"event_name":"Bonfire Elementals","player_choice":"Offered Rare","floor":27.0,"gold_loss":0.0,"damage_taken":0.0},{"damage_healed":0.0,"max_hp_gain":0.0,"max_hp_loss":0.0,"gold_gain":0.0,"cards_transformed":["Strike_G"],"event_name":"Transmorgrifier","player_choice":"Transformed","floor":31.0,"gold_loss":0.0,"damage_taken":0.0,"cards_obtained":["After Image"]},{"damage_healed":0.0,"max_hp_gain":0.0,"max_hp_loss":0.0,"gold_gain":0.0,"event_name":"MindBloom","player_choice":"Fight","floor":42.0,"gold_loss":0.0,"damage_taken":0.0},{"damage_healed":0.0,"max_hp_gain":0.0,"max_hp_loss":0.0,"gold_gain":0.0,"event_name":"Mysterious Sphere","player_choice":"Ignored","floor":47.0,"gold_loss":0.0,"damage_taken":0.0}],"is_beta":false,"boss_relics":[{"not_picked":["Tiny House","Orrery"],"picked":"Ring of the Serpent"},{"not_picked":["Runic Dome","Fusion Hammer"],"picked":"Pandora\u0027s Box"}],"items_purged_floors":[],"is_endless":false,"potions_floor_spawned":[6,11,12,14,18,25,29,33,36,38,42,44],"killed_by":"Shield and Spear","ascension_level":16}