{"gold_per_floor":[113,113,123,138,63,97,97,26,26,38,58,133,133,133,133,231,231,248,248,262,262],"floor_reached":21,"playtime":1402,"items_purged":["Strike_G"],"score":188,"play_id":"4084eaa7-48c6-4112-b69e-66ab9ff4c7b6","local_time":"20181020121100","is_ascension_mode":true,"campfire_choices":[{"data":"Sucker Punch","floor":7,"key":"SMITH"},{"data":"Noxious Fumes","floor":13,"key":"SMITH"},{"floor":15,"key":"REST"}],"neow_cost":"NONE","seed_source_timestamp":191240097624307,"circlet_count":0,"master_deck":["Defend_G","Defend_G","Defend_G","Defend_G","Defend_G","Strike_G","Strike_G","Strike_G","Survivor","Neutralize","Quick Slash","Sucker Punch+1","Dagger Spray","Dodge and Roll","Noxious Fumes+1","Crippling Poison","A Thousand Cuts","Heel Hook","Writhe"],"relics":["Ring of the Snake","NeowsBlessing","Bird Faced Urn","Gambling Chip","Eternal Feather","Juzu Bracelet"],"potions_floor_usage":[16,16,20],"damage_taken":[{"damage":0,"enemies":"Jaw Worm","floor":1,"turns":1},{"damage":0,"enemies":"Small Slimes","floor":3,"turns":1},{"damage":0,"enemies":"2 Louse","floor":4,"turns":1},{"damage":14,"enemies":"Gremlin Nob","floor":6,"turns":5},{"damage":0,"enemies":"2 Fungi Beasts","floor":10,"turns":3},{"damage":7,"enemies":"Exordium Thugs","floor":11,"turns":4},{"damage":21,"enemies":"Hexaghost","floor":16,"turns":10},{"damage":28,"enemies":"Spheric Guardian","floor":18,"turns":7},{"damage":18,"enemies":"2 Thieves","floor":20,"turns":4},{"damage":35,"enemies":"3 Cultists","floor":21,"turns":4}],"seed_played":"2518449461387785466","potions_obtained":[{"floor":3,"key":"Energy Potion"},{"floor":11,"key":"Dexterity Potion"},{"floor":16,"key":"SkillPotion"}],"is_trial":false,"path_per_floor":["M","?","M","M","$","E","R","$","T","M","M","?","R","?","R","B",null,"M","?","M"],"character_chosen":"THE_SILENT","items_purchased":["Noxious Fumes"],"campfire_rested":1,"item_purchase_floors":[8],"current_hp_per_floor":[70,63,63,63,63,49,49,49,49,51,46,39,39,39,60,41,70,42,42,26,0],"gold":262,"neow_bonus":"THREE_ENEMY_KILL","is_prod":false,"is_daily":false,"chose_seed":false,"campfire_upgraded":2,"win_rate":0,"timestamp":1540030260,"path_taken":["M","?","M","M","$","E","R","$","T","M","M","?","R","?","R","BOSS","M","?","M","M"],"build_version":"2018-10-18","purchased_purges":1,"victory":false,"max_hp_per_floor":[70,70,70,70,70,70,70,70,70,70,70,70,70,70,70,70,70,70,70,70,70],"card_choices":[{"not_picked":["Prepared","Choke"],"picked":"Quick Slash","floor":1},{"not_picked":["Dagger Spray","Slice"],"picked":"Sucker Punch","floor":3},{"not_picked":["Night Terror","Quick Slash"],"picked":"Dagger Spray","floor":4},{"not_picked":["Distraction","Bouncing Flask"],"picked":"Dodge and Roll","floor":6},{"not_picked":["Riddle With Holes","Dagger Spray"],"picked":"Crippling Poison","floor":10},{"not_picked":["Predator","Riddle With Holes","Finisher"],"picked":"SKIP","floor":11},{"not_picked":["Doppelganger","Unload"],"picked":"A Thousand Cuts","floor":16},{"not_picked":["Dagger Spray+1","Dagger Throw"],"picked":"Heel Hook","floor":18},{"not_picked":["Riddle With Holes","Slice","Noxious Fumes"],"picked":"SKIP","floor":20}],"player_experience":52512,"relics_obtained":[{"floor":6,"key":"Bird Faced Urn"},{"floor":9,"key":"Gambling Chip"}],"event_choices":[{"cards_removed":["Strike_G"],"damage_healed":0,"gold_gain":0,"player_choice":"Card Removal","damage_taken":7,"max_hp_gain":0,"max_hp_loss":0,"event_name":"Golden Wing","floor":2,"gold_loss":0},{"damage_healed":0,"gold_gain":75,"player_choice":"Touch","damage_taken":7,"max_hp_gain":0,"max_hp_loss":0,"event_name":"FaceTrader","floor":12,"gold_loss":0},{"damage_healed":0,"gold_gain":30,"player_choice":"Searched \u00271\u0027 times","damage_taken":0,"max_hp_gain":0,"max_hp_loss":0,"event_name":"Dead Adventurer","floor":14,"gold_loss":0},{"damage_healed":0,"gold_gain":0,"player_choice":"Opened","damage_taken":0,"relics_obtained":["Juzu Bracelet"],"max_hp_gain":0,"max_hp_loss":0,"event_name":"The Mausoleum","floor":19,"gold_loss":0,"cards_obtained":["Writhe"]}],"is_beta":false,"boss_relics":[{"not_picked":["Ectoplasm","Ring of the Serpent"],"picked":"Eternal Feather"}],"items_purged_floors":[5],"is_endless":false,"potions_floor_spawned":[3,11,16],"killed_by":"3 Cultists","ascension_level":1}