{"gold_per_floor":[119,194,212,224,224,224,241,272,272,272,272,15,15,41,41,142,142,159,178,178],"floor_reached":20,"playtime":1957,"items_purged":["Defend_G"],"score":228,"play_id":"1d75c871-6f6f-44f7-b1ef-2447219961d2","local_time":"20190414080221","is_ascension_mode":true,"campfire_choices":[{"floor":6.0,"key":"REST"},{"data":"Neutralize","floor":11.0,"key":"SMITH"},{"data":"Magnetism","floor":13.0,"key":"SMITH"},{"floor":15.0,"key":"REST"}],"neow_cost":"NONE","seed_source_timestamp":290319361366265,"circlet_count":0,"master_deck":["Survivor","Neutralize+1","Infinite Blades","Sucker Punch","Skewer","Storm of Steel","Backstab","Magnetism+1","Cloak And Dagger","Well Laid Plans","Envenom","A Thousand Cuts","Terror","Dodge and Roll","Sucker Punch","Predator","Predator","Infinite Blades","Tactician","Infinite Blades","Tools of the Trade","Sucker Punch+1","Deflect+1"],"special_seed":0,"relics":["Eternal Feather","The Courier","Pear","Darkstone Periapt","Pandora\u0027s Box"],"potions_floor_usage":[],"damage_taken":[{"damage":2.0,"enemies":"Jaw Worm","floor":1.0,"turns":5.0},{"damage":4.0,"enemies":"Small Slimes","floor":3.0,"turns":5.0},{"damage":0.0,"enemies":"2 Louse","floor":4.0,"turns":3.0},{"damage":5.0,"enemies":"Gremlin Gang","floor":7.0,"turns":3.0},{"damage":44.0,"enemies":"3 Sentries","floor":8.0,"turns":11.0},{"damage":22.0,"enemies":"Gremlin Nob","floor":14.0,"turns":5.0},{"damage":33,"enemies":"The Guardian","floor":16,"turns":12},{"damage":21,"enemies":"Chosen","floor":18,"turns":6},{"damage":39,"enemies":"Shell Parasite","floor":19,"turns":6},{"damage":14,"enemies":"Sentry and Sphere","floor":20,"turns":3}],"seed_played":"-6581116974920927011","potions_obtained":[{"floor":1.0,"key":"GhostInAJar"},{"floor":3.0,"key":"Strength Potion"},{"floor":8.0,"key":"Weak Potion"},{"floor":10.0,"key":"LiquidBronze"}],"is_trial":false,"path_per_floor":["M","?","M","M","?","R","M","E","T","?","R","$","R","E","R","B",null,"M","M","M"],"character_chosen":"THE_SILENT","items_purchased":["Magnetism","Cloak And Dagger","Well Laid Plans"],"campfire_rested":2,"item_purchase_floors":[12,12,12],"current_hp_per_floor":[68,57,53,53,39,69,64,20,30,30,39,39,48,26,62,29,67,46,7,0],"gold":178,"neow_bonus":"BOSS_RELIC","is_prod":false,"is_daily":false,"chose_seed":false,"campfire_upgraded":2,"win_rate":0,"timestamp":1555254141,"path_taken":["M","?","M","M","?","R","M","E","T","?","R","$","R","E","R","BOSS","M","M","?"],"build_version":"2019-01-23","purchased_purges":1,"victory":false,"max_hp_per_floor":[70,70,70,70,70,70,70,70,80,80,80,80,80,80,80,80,80,80,80,80],"card_choices":[{"not_picked":["Quick Slash","Prepared"],"picked":"Infinite Blades","floor":1.0},{"not_picked":["Escape Plan","Poisoned Stab"],"picked":"Sucker Punch","floor":3.0},{"not_picked":["PiercingWail","Bouncing Flask"],"picked":"Skewer","floor":4.0},{"not_picked":["Blade Dance","Heel Hook"],"picked":"Storm of Steel","floor":7.0},{"not_picked":["Acrobatics","Concentrate"],"picked":"Backstab","floor":8.0},{"not_picked":["Leg Sweep","Predator"],"picked":"Envenom","floor":14.0},{"not_picked":["Wraith Form v2","Malaise"],"picked":"A Thousand Cuts","floor":16},{"not_picked":["Underhanded Strike","Bane"],"picked":"Sucker Punch+1","floor":18},{"not_picked":["Bane","Predator+1"],"picked":"Deflect+1","floor":19}],"player_experience":409141,"relics_obtained":[{"floor":8.0,"key":"The Courier"},{"floor":9.0,"key":"Pear"},{"floor":14.0,"key":"Darkstone Periapt"}],"event_choices":[{"damage_healed":0.0,"max_hp_gain":0.0,"max_hp_loss":0.0,"gold_gain":75.0,"event_name":"World of Goop","player_choice":"Gather Gold","floor":2.0,"gold_loss":0.0,"damage_taken":11.0},{"damage_healed":0.0,"max_hp_gain":0.0,"max_hp_loss":0.0,"gold_gain":0.0,"event_name":"Shining Light","player_choice":"Entered Light","floor":5.0,"gold_loss":0.0,"damage_taken":14.0,"cards_upgraded":["Strike_G","Strike_G"]},{"damage_healed":0.0,"max_hp_gain":0.0,"max_hp_loss":0.0,"gold_gain":0.0,"event_name":"Lab","player_choice":"Got Potions","floor":10.0,"gold_loss":0.0,"damage_taken":0.0}],"is_beta":false,"boss_relics":[{"not_picked":["Coffee Dripper","Philosopher\u0027s Stone"],"picked":"Pandora\u0027s Box"}],"items_purged_floors":[12],"is_endless":false,"potions_floor_spawned":[1,3,8],"killed_by":"Sentry and Sphere","ascension_level":5}