{"gold_per_floor":[115,128,140,156,175,233,408,408,408,408,428,428,453,466,466,565,565,581,598,299,333,333,333,353,353,353,353,369,383,383,394,394,498,498,510,341,341,352,371,397,408,64,64,64,64,90,108,120,120,120,120,120,120,147,147],"floor_reached":56,"playtime":8229,"items_purged":["Doubt","Writhe","Writhe"],"score":1340,"play_id":"5bd7cc67-9e97-4f8d-bcab-3344bd067ce9","local_time":"20190415184623","is_ascension_mode":true,"campfire_choices":[{"data":"Zap","floor":8.0,"key":"SMITH"},{"data":"Defragment","floor":12.0,"key":"SMITH"},{"data":"Capacitor","floor":15.0,"key":"SMITH"},{"data":"Defragment","floor":23.0,"key":"SMITH"},{"data":"White Noise","floor":25.0,"key":"SMITH"},{"floor":30.0,"key":"RECALL"},{"data":"Glacier","floor":32.0,"key":"SMITH"},{"data":"Fission","floor":49,"key":"SMITH"},{"data":"Machine Learning","floor":52,"key":"SMITH"}],"neow_cost":"NONE","seed_source_timestamp":408318157941958,"circlet_count":0,"master_deck":["Strike_B","Strike_B","Strike_B","Strike_B","Defend_B","Defend_B","Defend_B","Defend_B","Zap+1","Dualcast","Defragment+1","Conserve Battery","Glacier","Ball Lightning","Glacier+1","Fission+1","Capacitor+1","Machine Learning","White Noise+1","Machine Learning+1","Defragment+1","Self Repair","Shame","Ball Lightning","Meteor Strike","Defragment+1","Heatsinks","Writhe","Reinforced Body+1","White Noise+1","Glacier+1","FTL+1","Chill","Shame"],"special_seed":0,"relics":["Cracked Core","Tiny Chest","Mummified Hand","Orichalcum","Cursed Key","Red Mask","Ice Cream","Gremlin Horn","Black Star","Anchor","Sundial","Torii","PreservedInsect","Dodecahedron","Dead Branch","Gambling Chip","Thread and Needle","Vajra"],"potions_floor_usage":[47],"damage_taken":[{"damage":1.0,"enemies":"Cultist","floor":1.0,"turns":3.0},{"damage":8.0,"enemies":"Small Slimes","floor":2.0,"turns":3.0},{"damage":1.0,"enemies":"2 Louse","floor":3.0,"turns":3.0},{"damage":8.0,"enemies":"Blue Slaver","floor":4.0,"turns":3.0},{"damage":0.0,"enemies":"Looter","floor":5.0,"turns":4.0},{"damage":17.0,"enemies":"3 Sentries","floor":6.0,"turns":12.0},{"damage":11.0,"enemies":"Gremlin Gang","floor":11.0,"turns":6.0},{"damage":16.0,"enemies":"Gremlin Nob","floor":13.0,"turns":4.0},{"damage":0.0,"enemies":"Red Slaver","floor":14.0,"turns":5.0},{"damage":2.0,"enemies":"Hexaghost","floor":16.0,"turns":12.0},{"damage":17.0,"enemies":"Chosen","floor":18.0,"turns":6.0},{"damage":0.0,"enemies":"Spheric Guardian","floor":19.0,"turns":6.0},{"damage":4.0,"enemies":"Masked Bandits","floor":21.0,"turns":4.0},{"damage":2.0,"enemies":"Centurion and Healer","floor":24.0,"turns":6.0},{"damage":0.0,"enemies":"Cultist and Chosen","floor":28.0,"turns":7.0},{"damage":12.0,"enemies":"Chosen and Byrds","floor":29.0,"turns":8.0},{"damage":12.0,"enemies":"3 Cultists","floor":31.0,"turns":5.0},{"damage":33.0,"enemies":"Automaton","floor":33.0,"turns":13.0},{"damage":22.0,"enemies":"3 Darklings","floor":35.0,"turns":4.0},{"damage":10.0,"enemies":"Orb Walker","floor":38.0,"turns":5.0},{"damage":15.0,"enemies":"Writhing Mass","floor":39.0,"turns":8.0},{"damage":0.0,"enemies":"Reptomancer","floor":40.0,"turns":7.0},{"damage":9.0,"enemies":"4 Shapes","floor":41.0,"turns":7.0},{"damage":0,"enemies":"Giant Head","floor":46,"turns":9},{"damage":12,"enemies":"Maw","floor":47,"turns":7},{"damage":0,"enemies":"Sphere and 2 Shapes","floor":48,"turns":5},{"damage":1,"enemies":"Time Eater","floor":50,"turns":18},{"damage":11,"enemies":"Shield and Spear","floor":54,"turns":6},{"damage":40,"enemies":"The Heart","floor":55,"turns":14}],"seed_played":"-1837835069011556432","potions_obtained":[{"floor":1.0,"key":"SteroidPotion"},{"floor":2.0,"key":"Explosive Potion"},{"floor":14.0,"key":"SteroidPotion"},{"floor":19.0,"key":"SteroidPotion"},{"floor":29.0,"key":"FearPotion"},{"floor":31.0,"key":"GamblersBrew"},{"floor":33.0,"key":"AttackPotion"},{"floor":39.0,"key":"SkillPotion"},{"floor":46,"key":"Swift Potion"}],"is_trial":false,"path_per_floor":["M","M","M","M","M","E","?","R","T","?","M","R","E","M","R","B",null,"M","M","$","?","?","R","M","R","T","T","M","M","R","M","R","B",null,"M","$","T","M","M","E","M","$","T","?","$","E","M","M","R","B",null,"R","$","E","B",null],"character_chosen":"DEFECT","items_purchased":["White Noise","Machine Learning","Heatsinks","Chill","PreservedInsect"],"campfire_rested":0,"item_purchase_floors":[20,20,36,42,42],"current_hp_per_floor":[81,73,72,64,64,47,47,47,47,74,63,63,47,47,47,45,82,65,65,65,61,61,61,59,59,59,59,66,61,61,56,56,30,82,67,67,67,64,56,63,61,61,61,61,61,68,63,77,77,82,82,82,82,78,45],"gold":147,"neow_bonus":"TEN_PERCENT_HP_BONUS","is_prod":false,"is_daily":false,"chose_seed":false,"campfire_upgraded":8,"win_rate":0,"timestamp":1555379183,"path_taken":["M","M","M","M","?","E","?","R","T","?","M","R","E","M","R","BOSS","M","M","$","?","?","R","M","R","T","?","?","M","R","M","R","BOSS","M","$","?","M","M","E","?","$","T","?","$","E","?","M","R","BOSS","R","$","E","BOSS"],"build_version":"2019-01-23","purchased_purges":3,"victory":true,"max_hp_per_floor":[82,82,82,82,82,82,82,82,82,82,82,82,82,82,82,82,82,82,82,82,82,82,82,82,82,82,82,82,82,82,82,82,82,82,82,82,82,82,82,82,82,82,82,82,82,82,82,82,82,82,82,82,82,82,82],"card_choices":[{"not_picked":["Heatsinks","Rip and Tear"],"picked":"Defragment","floor":1.0},{"not_picked":["Rebound","Compile Driver"],"picked":"Conserve Battery","floor":2.0},{"not_picked":["Streamline","Leap","Rebound"],"picked":"SKIP","floor":3.0},{"not_picked":["Turbo","Lockon"],"picked":"Glacier","floor":4.0},{"not_picked":["Defragment","Conserve Battery"],"picked":"Ball Lightning","floor":5.0},{"not_picked":["Blizzard","Stack"],"picked":"Glacier","floor":6.0},{"not_picked":["Gash","Barrage"],"picked":"Fission","floor":11.0},{"not_picked":["Lockon","Barrage","Compile Driver"],"picked":"SKIP","floor":13.0},{"not_picked":["Turbo","Static Discharge"],"picked":"Capacitor","floor":14.0},{"not_picked":["Rainbow","Hyperbeam"],"picked":"Machine Learning","floor":16.0},{"not_picked":["Turbo","Rip and Tear","Streamline"],"picked":"SKIP","floor":18.0},{"not_picked":["Gash+1","Go for the Eyes","Static Discharge+1"],"picked":"SKIP","floor":19.0},{"not_picked":["Turbo+1","Go for the Eyes"],"picked":"Defragment","floor":21.0},{"not_picked":["Redo+1","Steam Power"],"picked":"Self Repair","floor":24.0},{"not_picked":["Steam","Barrage+1","Sweeping Beam"],"picked":"SKIP","floor":28.0},{"not_picked":["Scrape","Rebound","Streamline"],"picked":"SKIP","floor":29.0},{"not_picked":["Undo","Biased Cognition"],"picked":"Ball Lightning","floor":31.0},{"not_picked":["Reboot","Multi-Cast"],"picked":"Meteor Strike","floor":33.0},{"not_picked":["Ball Lightning","Scrape"],"picked":"Defragment+1","floor":35.0},{"not_picked":["Sunder+1","Beam Cell"],"picked":"Reinforced Body+1","floor":38.0},{"not_picked":["BootSequence+1","Reinforced Body"],"picked":"White Noise+1","floor":39.0},{"not_picked":["Hyperbeam","Sunder+1"],"picked":"Glacier+1","floor":40.0},{"not_picked":["Gash","Rip and Tear+1"],"picked":"FTL+1","floor":41.0},{"not_picked":["Stack+1","Steam","Aggregate"],"picked":"SKIP","floor":46},{"not_picked":["Turbo","Barrage+1","Go for the Eyes"],"picked":"SKIP","floor":47},{"not_picked":["Steam Power+1","Reboot","Hello World+1"],"picked":"SKIP","floor":48},{"not_picked":["Static Discharge+1","Compile Driver+1","Conserve Battery+1"],"picked":"SKIP","floor":54}],"player_experience":441964,"relics_obtained":[{"floor":6.0,"key":"Tiny Chest"},{"floor":9.0,"key":"Mummified Hand"},{"floor":13.0,"key":"Orichalcum"},{"floor":21.0,"key":"Red Mask"},{"floor":26.0,"key":"Gremlin Horn"},{"floor":37.0,"key":"Anchor"},{"floor":40.0,"key":"Sundial"},{"floor":40.0,"key":"Torii"},{"floor":43.0,"key":"Dodecahedron"},{"floor":46,"key":"Dead Branch"},{"floor":46,"key":"Gambling Chip"},{"floor":54,"key":"Thread and Needle"},{"floor":54,"key":"Vajra"}],"event_choices":[{"damage_healed":0.0,"max_hp_gain":0.0,"max_hp_loss":0.0,"gold_gain":175.0,"event_name":"Liars Game","player_choice":"AGREE","floor":7.0,"gold_loss":0.0,"damage_taken":0.0,"cards_obtained":["Doubt"]},{"damage_healed":27.0,"max_hp_gain":0.0,"max_hp_loss":0.0,"gold_gain":0.0,"event_name":"Big Fish","player_choice":"Banana","floor":10.0,"gold_loss":0.0,"damage_taken":0.0},{"damage_healed":0.0,"max_hp_gain":0.0,"max_hp_loss":0.0,"gold_gain":0.0,"event_name":"Masked Bandits","player_choice":"Fought Bandits","floor":21.0,"gold_loss":0.0,"damage_taken":0.0},{"damage_healed":0.0,"max_hp_gain":0.0,"max_hp_loss":0.0,"gold_gain":0.0,"event_name":"The Mausoleum","player_choice":"Opened","floor":22.0,"gold_loss":0.0,"damage_taken":0.0,"relics_obtained":["Ice Cream"],"cards_obtained":["Writhe"]},{"damage_healed":0,"gold_gain":0,"player_choice":"Ignored","damage_taken":0,"max_hp_gain":0,"max_hp_loss":0,"event_name":"WeMeetAgain","floor":44,"gold_loss":0}],"is_beta":false,"boss_relics":[{"not_picked":["Snecko Eye","Coffee Dripper"],"picked":"Cursed Key"},{"not_picked":["Runic Dome","Busted Crown"],"picked":"Black Star"}],"items_purged_floors":[20,36,42],"is_endless":false,"potions_floor_spawned":[1,2,14,19,29,31,33,39,46],"ascension_level":3}