{"gold_per_floor":[117,133,145,145,157,192,212,212,212,230,263,263,263,263,263,263],"floor_reached":16,"playtime":707,"items_purged":[],"score":213,"play_id":"30327728-c4a9-41ef-8d56-78a9440b347e","local_time":"20190605160233","is_ascension_mode":true,"campfire_choices":[{"floor":8.0,"key":"REST"},{"data":"True Grit","floor":15.0,"key":"SMITH"}],"neow_cost":"NONE","seed_source_timestamp":1203604367290299,"circlet_count":0,"master_deck":["AscendersBane","Strike_R+1","Strike_R","Strike_R","Strike_R","Defend_R","Defend_R","Defend_R","Defend_R","Bash+1","Headbutt","Ghostly Armor+1","Pommel Strike","Clothesline","Intimidate","True Grit+1","Ghostly Armor"],"special_seed":0,"relics":["Burning Blood","Vajra","Pantograph","Juzu Bracelet","Pear","Toxic Egg 2"],"potions_floor_usage":[16],"damage_taken":[{"damage":9.0,"enemies":"Jaw Worm","floor":1.0,"turns":4.0},{"damage":6.0,"enemies":"Cultist","floor":2.0,"turns":3.0},{"damage":9.0,"enemies":"2 Louse","floor":3.0,"turns":3.0},{"damage":11.0,"enemies":"Blue Slaver","floor":5.0,"turns":5.0},{"damage":45.0,"enemies":"3 Sentries","floor":6.0,"turns":12.0},{"damage":4.0,"enemies":"Exordium Thugs","floor":7.0,"turns":3.0},{"damage":1.0,"enemies":"Exordium Wildlife","floor":10.0,"turns":4.0},{"damage":25.0,"enemies":"Lagavulin","floor":11.0,"turns":8.0},{"damage":37,"enemies":"Hexaghost","floor":16,"turns":12}],"seed_played":"-4745718045417491758","potions_obtained":[{"floor":6.0,"key":"SpeedPotion"},{"floor":10.0,"key":"Block Potion"},{"floor":11.0,"key":"Weak Potion"}],"is_trial":false,"path_per_floor":["M","M","M","?","M","E","M","R","T","M","E","T","?","T","R","B"],"character_chosen":"IRONCLAD","items_purchased":[],"campfire_rested":1,"item_purchase_floors":[],"current_hp_per_floor":[65,65,62,62,57,18,20,42,42,47,28,38,12,12,12,0],"gold":263,"neow_bonus":"UPGRADE_CARD","is_prod":false,"is_daily":false,"chose_seed":false,"campfire_upgraded":1,"win_rate":0,"timestamp":1559775753,"path_taken":["M","M","M","?","M","E","M","R","T","?","E","?","?","?","R","BOSS"],"build_version":"2019-01-23","purchased_purges":0,"victory":false,"max_hp_per_floor":[75,75,75,75,75,75,75,75,75,75,75,85,85,85,85,85],"card_choices":[{"not_picked":["Iron Wave","Combust"],"picked":"Headbutt","floor":1.0},{"not_picked":["Iron Wave","Heavy Blade"],"picked":"Ghostly Armor","floor":2.0},{"not_picked":["Evolve","Fire Breathing"],"picked":"Pommel Strike","floor":3.0},{"not_picked":["Anger","Iron Wave","Rage"],"picked":"SKIP","floor":5.0},{"not_picked":["Searing Blow","Headbutt"],"picked":"Clothesline","floor":6.0},{"not_picked":["Rampage","Clothesline"],"picked":"Intimidate","floor":7.0},{"not_picked":["Rage","Perfected Strike"],"picked":"True Grit","floor":10.0},{"not_picked":["Searing Blow","Bloodletting"],"picked":"Ghostly Armor","floor":11.0}],"player_experience":813810,"relics_obtained":[{"floor":6.0,"key":"Vajra"},{"floor":9.0,"key":"Pantograph"},{"floor":11.0,"key":"Juzu Bracelet"},{"floor":12.0,"key":"Pear"},{"floor":14.0,"key":"Toxic Egg 2"}],"event_choices":[{"cards_removed":["Strike_R"],"damage_healed":0.0,"max_hp_gain":0.0,"max_hp_loss":0.0,"gold_gain":0.0,"event_name":"Bonfire Elementals","player_choice":"Offered Basic","floor":4.0,"gold_loss":0.0,"damage_taken":0.0},{"damage_healed":0.0,"max_hp_gain":0.0,"max_hp_loss":0.0,"gold_gain":0.0,"event_name":"Shining Light","player_choice":"Entered Light","floor":13.0,"gold_loss":0.0,"damage_taken":26.0,"cards_upgraded":["Ghostly Armor","Strike_R"]}],"is_beta":false,"boss_relics":[],"items_purged_floors":[],"is_endless":false,"potions_floor_spawned":[6,10,11],"killed_by":"Hexaghost","ascension_level":18}