{"gold_per_floor":[118,129,149,168,183,200,200,229,229,247,247,247],"floor_reached":12,"playtime":699,"items_purged":[],"score":101,"play_id":"268fa739-7e0e-4313-bc5d-6b62e180f7b6","local_time":"20190414060717","is_ascension_mode":true,"campfire_choices":[{"data":"True Grit","floor":7,"key":"SMITH"}],"neow_cost":"NONE","seed_source_timestamp":284527050610166,"circlet_count":0,"master_deck":["Strike_R","Strike_R","Strike_R","Strike_R","Strike_R","Defend_R","Defend_R","Defend_R","Defend_R","Bash","Uppercut","Seeing Red","Shrug It Off","Flex","Barricade","True Grit+1","Spot Weakness","Whirlwind","Armaments","Corruption","Metallicize","Flame Barrier","Reckless Charge"],"special_seed":0,"relics":["Orrery","Red Skull","Anchor","Dodecahedron"],"potions_floor_usage":[5,6,6],"damage_taken":[{"damage":4.0,"enemies":"Cultist","floor":1.0,"turns":3.0},{"damage":0.0,"enemies":"2 Louse","floor":2.0,"turns":2.0},{"damage":7.0,"enemies":"Jaw Worm","floor":3.0,"turns":3.0},{"damage":1.0,"enemies":"Looter","floor":4.0,"turns":3.0},{"damage":0,"enemies":"Lots of Slimes","floor":5,"turns":2},{"damage":3,"enemies":"Gremlin Gang","floor":6,"turns":3},{"damage":36,"enemies":"Gremlin Nob","floor":8,"turns":5},{"damage":0,"enemies":"Looter","floor":10,"turns":3}],"seed_played":"1752624636145540200","potions_obtained":[{"floor":1.0,"key":"SneckoOil"},{"floor":2.0,"key":"PowerPotion"},{"floor":4.0,"key":"Block Potion"},{"floor":5,"key":"BloodPotion"},{"floor":10,"key":"GamblersBrew"}],"is_trial":false,"path_per_floor":["M","M","M","M","M","M","R","E","T","M","?","?"],"character_chosen":"IRONCLAD","items_purchased":[],"campfire_rested":0,"item_purchase_floors":[],"current_hp_per_floor":[76,76,69,68,68,73,73,37,37,37,4,0],"gold":247,"neow_bonus":"BOSS_RELIC","is_prod":false,"is_daily":false,"chose_seed":false,"campfire_upgraded":1,"win_rate":0,"timestamp":1555247237,"path_taken":["M","M","M","M","?","M","R","E","T","M","?","?"],"build_version":"2019-01-23","purchased_purges":0,"victory":false,"max_hp_per_floor":[80,80,80,80,80,80,80,80,80,80,80,80],"card_choices":[{"not_picked":["Entrench","Warcry"],"picked":"Uppercut","floor":0.0},{"not_picked":["Metallicize","Armaments"],"picked":"Seeing Red","floor":0.0},{"not_picked":["Whirlwind","Blood for Blood"],"picked":"Shrug It Off","floor":0.0},{"not_picked":["Warcry","Havoc"],"picked":"Flex","floor":0.0},{"not_picked":["Pummel","Cleave"],"picked":"Barricade","floor":0.0},{"not_picked":["Clothesline","Havoc"],"picked":"True Grit","floor":1.0},{"not_picked":["Rampage","Flex"],"picked":"Spot Weakness","floor":2.0},{"not_picked":["Flex","Iron Wave"],"picked":"Whirlwind","floor":3.0},{"not_picked":["Thunderclap","Dropkick"],"picked":"Armaments","floor":4.0},{"not_picked":["Inflame","Armaments"],"picked":"Corruption","floor":5},{"not_picked":["Rampage","Clash"],"picked":"Metallicize","floor":6},{"not_picked":["Carnage","Whirlwind"],"picked":"Flame Barrier","floor":8},{"not_picked":["Perfected Strike","Wild Strike"],"picked":"Reckless Charge","floor":10}],"player_experience":405945,"relics_obtained":[{"floor":8,"key":"Red Skull"},{"floor":9,"key":"Anchor"}],"event_choices":[{"damage_healed":0,"gold_gain":0,"player_choice":"Success","damage_taken":33,"relics_obtained":["Dodecahedron"],"max_hp_gain":0,"max_hp_loss":0,"event_name":"Scrap Ooze","floor":11,"gold_loss":0}],"is_beta":false,"boss_relics":[],"items_purged_floors":[],"is_endless":false,"potions_floor_spawned":[1,2,4,5,10],"ascension_level":4}