{"gold_per_floor":[113,133,150,169,188,188,213,213,239,44,79,92,92,108,108,205,205,217,236,247,44,54,54,72,72],"floor_reached":25,"playtime":3027,"items_purged":[],"score":219,"play_id":"62f2ab74-97d3-4a3b-ab1d-2e2a3d3f893b","local_time":"20190417195733","is_ascension_mode":false,"campfire_choices":[{"data":"Flying Knee","floor":6,"key":"SMITH"},{"floor":8,"key":"REST"},{"floor":13,"key":"REST"},{"data":"Flying Knee","floor":15,"key":"SMITH"},{"floor":23,"key":"REST"}],"neow_cost":"NONE","seed_source_timestamp":0,"circlet_count":0,"master_deck":["Defend_G","Defend_G+1","Defend_G","Defend_G+1","Defend_G","Strike_G","Strike_G","Strike_G","Strike_G","Survivor","Neutralize","Predator","Flying Knee+1","Backflip","Accuracy","Corpse Explosion","Outmaneuver","Flying Knee+1","Envenom","Crippling Poison+1","Deflect+1","Noxious Fumes","Deadly Poison+1","Bane+1"],"special_seed":0,"relics":["Ring of the Snake","Ice Cream","War Paint","HandDrill","Boot","Empty Cage","TwistedFunnel"],"potions_floor_usage":[7,7,12,12,16,24],"damage_taken":[{"damage":1.0,"enemies":"Cultist","floor":1.0,"turns":4.0},{"damage":0.0,"enemies":"Small Slimes","floor":2.0,"turns":3.0},{"damage":0.0,"enemies":"2 Louse","floor":3.0,"turns":3.0},{"damage":12.0,"enemies":"Exordium Thugs","floor":4.0,"turns":7.0},{"damage":1,"enemies":"2 Fungi Beasts","floor":5,"turns":5},{"damage":24,"enemies":"3 Sentries","floor":7,"turns":10},{"damage":27,"enemies":"Gremlin Nob","floor":11,"turns":5},{"damage":0,"enemies":"Large Slime","floor":12,"turns":5},{"damage":0,"enemies":"Red Slaver","floor":14,"turns":5},{"damage":36,"enemies":"Hexaghost","floor":16,"turns":10},{"damage":10,"enemies":"Chosen","floor":18,"turns":5},{"damage":34,"enemies":"Spheric Guardian","floor":19,"turns":6},{"damage":0,"enemies":"Chosen and Byrds","floor":20,"turns":6},{"damage":26,"enemies":"Centurion and Healer","floor":22,"turns":7},{"damage":19,"enemies":"Shelled Parasite and Fungi","floor":24,"turns":4},{"damage":15,"enemies":"Slavers","floor":25,"turns":1}],"seed_played":"-7691733317911371005","potions_obtained":[{"floor":1.0,"key":"FearPotion"},{"floor":5,"key":"Swift Potion"},{"floor":7,"key":"SneckoOil"},{"floor":11,"key":"Dexterity Potion"},{"floor":14,"key":"Strength Potion"},{"floor":22,"key":"Explosive Potion"}],"is_trial":false,"path_per_floor":["M","M","M","M","M","R","E","R","T","$","E","M","R","M","R","B",null,"M","M","M","$","M","R","M","E"],"character_chosen":"THE_SILENT","items_purchased":["HandDrill","TwistedFunnel"],"campfire_rested":3,"item_purchase_floors":[10,21],"current_hp_per_floor":[76,76,76,64,63,63,39,62,62,62,35,35,58,58,58,22,77,67,33,33,33,7,30,11,0],"gold":72,"neow_bonus":"TEN_PERCENT_HP_BONUS","is_prod":false,"is_daily":false,"chose_seed":false,"campfire_upgraded":2,"win_rate":0.0,"timestamp":1555523853,"path_taken":["M","M","M","M","M","R","E","R","T","$","E","M","R","M","R","BOSS","M","M","M","$","M","R","M","E"],"build_version":"2019-01-23","purchased_purges":0,"victory":false,"max_hp_per_floor":[77,77,77,77,77,77,77,77,77,77,77,77,77,77,77,77,77,77,77,77,77,77,77,77,77],"card_choices":[{"not_picked":["Prepared","Slice"],"picked":"Predator","floor":1.0},{"not_picked":["Infinite Blades","Prepared","Dagger Throw"],"picked":"SKIP","floor":2.0},{"not_picked":["PiercingWail","Tactician"],"picked":"Night Terror","floor":3.0},{"not_picked":["Bane","Cloak And Dagger"],"picked":"Flying Knee","floor":4.0},{"not_picked":["Dagger Spray","Deflect"],"picked":"Backflip","floor":5},{"not_picked":["Skewer","Heel Hook"],"picked":"Accuracy","floor":7},{"not_picked":["Acrobatics","A Thousand Cuts"],"picked":"Corpse Explosion","floor":11},{"not_picked":["Backflip","Slice"],"picked":"Outmaneuver","floor":12},{"not_picked":["Sucker Punch","Caltrops"],"picked":"Flying Knee","floor":14},{"not_picked":["Doppelganger","Night Terror"],"picked":"Envenom","floor":16},{"not_picked":["Flying Knee+1","All Out Attack+1"],"picked":"Crippling Poison+1","floor":18},{"not_picked":["Dagger Spray","Eviscerate+1"],"picked":"Deflect+1","floor":19},{"not_picked":["Backflip","Deflect"],"picked":"Noxious Fumes","floor":20},{"not_picked":["Backstab+1","Dagger Throw+1"],"picked":"Deadly Poison+1","floor":22},{"not_picked":["Underhanded Strike","Finisher"],"picked":"Bane+1","floor":24}],"player_experience":90638,"relics_obtained":[{"floor":7,"key":"Ice Cream"},{"floor":9,"key":"War Paint"},{"floor":11,"key":"Boot"}],"event_choices":[],"is_beta":false,"boss_relics":[{"not_picked":["Philosopher\u0027s Stone","Ring of the Serpent"],"picked":"Empty Cage"}],"items_purged_floors":[],"is_endless":false,"potions_floor_spawned":[1,5,7,11,14,22],"killed_by":"Slavers","ascension_level":0}