{"gold_per_floor":[112,124,124,136,211,276,276,301,324,342,352,254,7,23,23,125,125,140,159,170,8,21,21,47,47,47,63,80,80,21,35,35,35],"floor_reached":33,"playtime":3144,"items_purged":["Strike_R","Strike_R","Strike_R"],"score":337,"play_id":"f3115559-5d66-4315-93f2-02d90b0d57ff","local_time":"20190606230218","is_ascension_mode":true,"campfire_choices":[{"floor":7.0,"key":"REST"},{"floor":15.0,"key":"REST"},{"floor":23.0,"key":"REST"},{"floor":25,"key":"RECALL"},{"floor":29,"key":"REST"},{"floor":32,"key":"REST"}],"neow_cost":"NONE","seed_source_timestamp":0,"circlet_count":0,"master_deck":["Strike_R","Strike_R+1","Defend_R","Defend_R","Defend_R","Defend_R","Bash","Juggernaut+1","Armaments","True Grit","Anger","Feel No Pain","True Grit","Shrug It Off","Shrug It Off","Dark Embrace","Immolate","Normality","Writhe","Regret","Armaments","Metallicize","Fiend Fire","Shrug It Off","Whirlwind","Carnage+1"],"special_seed":0,"relics":["Burning Blood","Tiny Chest","Regal Pillow","Bronze Scales","Anchor","Calling Bell","Orichalcum","The Courier","WingedGreaves","Pear"],"potions_floor_usage":[33,33],"damage_taken":[{"damage":1.0,"enemies":"Cultist","floor":1.0,"turns":4.0},{"damage":13.0,"enemies":"Jaw Worm","floor":2.0,"turns":4.0},{"damage":3.0,"enemies":"2 Louse","floor":4.0,"turns":4.0},{"damage":40.0,"enemies":"Gremlin Nob","floor":6.0,"turns":5.0},{"damage":34.0,"enemies":"Lagavulin","floor":8.0,"turns":8.0},{"damage":20.0,"enemies":"Exordium Thugs","floor":10.0,"turns":5.0},{"damage":0.0,"enemies":"3 Louse","floor":11.0,"turns":3.0},{"damage":0.0,"enemies":"Gremlin Gang","floor":14.0,"turns":4.0},{"damage":61.0,"enemies":"Hexaghost","floor":16.0,"turns":11.0},{"damage":14.0,"enemies":"Shell Parasite","floor":18.0,"turns":7.0},{"damage":4.0,"enemies":"3 Byrds","floor":19.0,"turns":3.0},{"damage":33.0,"enemies":"Snake Plant","floor":20.0,"turns":6.0},{"damage":29.0,"enemies":"Snecko","floor":22.0,"turns":7.0},{"damage":25.0,"enemies":"Gremlin Leader","floor":24.0,"turns":8.0},{"damage":12,"enemies":"3 Cultists","floor":27,"turns":5},{"damage":44,"enemies":"Chosen and Byrds","floor":28,"turns":8},{"damage":34,"enemies":"Snecko","floor":31,"turns":5},{"damage":84,"enemies":"Champ","floor":33,"turns":11}],"seed_played":"-4605659246609109838","potions_obtained":[{"floor":2.0,"key":"SteroidPotion"},{"floor":4.0,"key":"SkillPotion"},{"floor":6.0,"key":"Regen Potion"},{"floor":8.0,"key":"EssenceOfSteel"},{"floor":20.0,"key":"SkillPotion"},{"floor":22.0,"key":"LiquidBronze"},{"floor":27,"key":"SteroidPotion"},{"floor":31,"key":"SkillPotion"}],"is_trial":false,"path_per_floor":["M","M","?","M","?","E","R","E","T","M","M","$","$","M","R","B",null,"M","M","M","$","M","R","E","R","T","M","M","R","$","M","R","B"],"character_chosen":"IRONCLAD","items_purchased":["Shrug It Off","Anchor","Metallicize","Whirlwind"],"campfire_rested":5,"item_purchase_floors":[12,13,21,30],"current_hp_per_floor":[80,73,57,60,49,15,39,26,26,12,18,18,18,24,63,8,80,72,74,47,47,24,63,44,44,54,48,10,52,52,24,66,0],"gold":35,"neow_bonus":"ONE_RANDOM_RARE_CARD","is_prod":false,"is_daily":false,"chose_seed":false,"campfire_upgraded":0,"win_rate":0,"timestamp":1559854938,"path_taken":["M","M","?","M","?","E","R","E","T","M","M","?","$","?","R","BOSS","M","M","M","$","M","R","E","R","T","?","M","R","$","M","R","BOSS"],"build_version":"2019-01-23","purchased_purges":3,"victory":false,"max_hp_per_floor":[80,80,80,80,80,80,80,80,80,80,80,80,80,80,80,80,80,80,80,80,80,80,80,80,80,90,90,90,90,90,90,90,90],"card_choices":[{"not_picked":["Havoc","Anger"],"picked":"Armaments","floor":1.0},{"not_picked":["Dropkick","Rage"],"picked":"True Grit","floor":2.0},{"not_picked":["Seeing Red","Body Slam","Corruption"],"picked":"SKIP","floor":4.0},{"not_picked":["Searing Blow","Heavy Blade"],"picked":"Anger","floor":6.0},{"not_picked":["Shockwave","Iron Wave"],"picked":"Feel No Pain","floor":8.0},{"not_picked":["Heavy Blade","Body Slam"],"picked":"True Grit","floor":10.0},{"not_picked":["Wild Strike","Flex"],"picked":"Shrug It Off","floor":11.0},{"not_picked":["Searing Blow","Sword Boomerang"],"picked":"Dark Embrace","floor":14.0},{"not_picked":["Juggernaut","Offering"],"picked":"Immolate","floor":16.0},{"not_picked":["Wild Strike","Fire Breathing"],"picked":"Armaments","floor":18.0},{"not_picked":["Clash","Blood for Blood","Warcry"],"picked":"SKIP","floor":19.0},{"not_picked":["Twin Strike","Clash","Iron Wave+1"],"picked":"SKIP","floor":20.0},{"not_picked":["Sword Boomerang","True Grit"],"picked":"Fiend Fire","floor":22.0},{"not_picked":["Anger","Wild Strike"],"picked":"Shrug It Off","floor":24},{"not_picked":["Heavy Blade+1","Twin Strike+1","Sword Boomerang"],"picked":"SKIP","floor":27},{"not_picked":["Iron Wave","Dropkick","Warcry"],"picked":"SKIP","floor":28},{"not_picked":["Berserk","Heavy Blade"],"picked":"Carnage+1","floor":31}],"player_experience":374881,"relics_obtained":[{"floor":6.0,"key":"Tiny Chest"},{"floor":8.0,"key":"Regal Pillow"},{"floor":9.0,"key":"Bronze Scales"},{"floor":17.0,"key":"Orichalcum"},{"floor":17.0,"key":"The Courier"},{"floor":17.0,"key":"WingedGreaves"},{"floor":26,"key":"Pear"}],"event_choices":[{"damage_healed":0.0,"max_hp_gain":0.0,"max_hp_loss":0.0,"gold_gain":0.0,"event_name":"Shining Light","player_choice":"Entered Light","floor":3.0,"gold_loss":0.0,"damage_taken":16.0,"cards_upgraded":["Juggernaut","Strike_R"]},{"damage_healed":0.0,"max_hp_gain":0.0,"max_hp_loss":0.0,"gold_gain":75.0,"event_name":"World of Goop","player_choice":"Gather Gold","floor":5.0,"gold_loss":0.0,"damage_taken":11.0}],"is_beta":false,"boss_relics":[{"not_picked":["Runic Dome","Pandora\u0027s Box"],"picked":"Calling Bell"}],"items_purged_floors":[12,13,21],"is_endless":false,"potions_floor_spawned":[2,4,6,8,20,22,27,31],"killed_by":"Champ","ascension_level":4}