{"gold_per_floor":[117,117,117,128,53,78,92,92,92,44,72,72,72,91,91,91],"floor_reached":16,"playtime":1113,"items_purged":["Strike_R"],"score":140,"play_id":"cb13d8eb-d2aa-4532-b732-d2f858f4730e","local_time":"20181101010142","is_ascension_mode":true,"campfire_choices":[{"data":"Flame Barrier","floor":8,"key":"SMITH"},{"floor":12,"key":"RECALL"},{"data":"Armaments","floor":15,"key":"SMITH"}],"neow_cost":"NONE","seed_source_timestamp":1730614011626080,"circlet_count":0,"master_deck":["Strike_R+1","Strike_R","Strike_R","Strike_R","Defend_R","Defend_R","Defend_R","Defend_R+1","Bash","Shrug It Off+1","Flame Barrier+1","Heavy Blade","Armaments+1","Pummel"],"relics":["Burning Blood","NeowsBlessing","Blue Candle","Incense Burner"],"potions_floor_usage":[11,11],"damage_taken":[{"damage":0,"enemies":"Small Slimes","floor":1,"turns":1},{"damage":0,"enemies":"Jaw Worm","floor":4,"turns":1},{"damage":0,"enemies":"Lagavulin","floor":6,"turns":1},{"damage":0,"enemies":"2 Louse","floor":7,"turns":4},{"damage":23,"enemies":"3 Sentries","floor":11,"turns":13},{"damage":0,"enemies":"Large Slime","floor":14,"turns":6},{"damage":77,"enemies":"The Guardian","floor":16,"turns":20}],"seed_played":"-1618325320697477922","potions_obtained":[{"floor":4,"key":"SkillPotion"},{"floor":6,"key":"Explosive Potion"},{"floor":11,"key":"Ancient Potion"},{"floor":14,"key":"LiquidBronze"}],"is_trial":false,"path_per_floor":["M","?","?","M","$","E","M","R","T","$","E","R","$","M","R","B"],"character_chosen":"IRONCLAD","items_purchased":["Armaments"],"campfire_rested":0,"item_purchase_floors":[10],"current_hp_per_floor":[80,80,64,70,70,76,80,80,80,80,63,63,63,69,69,0],"gold":91,"neow_bonus":"THREE_ENEMY_KILL","is_prod":false,"is_daily":false,"chose_seed":false,"campfire_upgraded":2,"win_rate":0,"timestamp":1541030502,"path_taken":["M","?","?","M","$","E","M","R","T","$","E","R","?","M","R","BOSS"],"build_version":"2018-10-30","purchased_purges":1,"victory":false,"max_hp_per_floor":[80,80,80,80,80,80,80,80,80,80,80,80,80,80,80,80],"card_choices":[{"not_picked":["Flex","Reckless Charge"],"picked":"Shrug It Off","floor":1},{"not_picked":["Clash","True Grit"],"picked":"Flame Barrier","floor":4},{"not_picked":["Wild Strike","Berserk","Evolve"],"picked":"SKIP","floor":6},{"not_picked":["Headbutt","Anger"],"picked":"Heavy Blade","floor":7},{"not_picked":["Intimidate","Iron Wave"],"picked":"Pummel","floor":11},{"not_picked":["Wild Strike","Armaments","Warcry"],"picked":"SKIP","floor":14}],"player_experience":198594,"relics_obtained":[{"floor":6,"key":"Blue Candle"},{"floor":11,"key":"Incense Burner"}],"event_choices":[{"damage_healed":0,"gold_gain":0,"player_choice":"Grow","damage_taken":0,"max_hp_gain":0,"max_hp_loss":0,"event_name":"Living Wall","floor":2,"gold_loss":0,"cards_upgraded":["Shrug It Off"]},{"damage_healed":0,"gold_gain":0,"player_choice":"Entered Light","damage_taken":16,"max_hp_gain":0,"max_hp_loss":0,"event_name":"Shining Light","floor":3,"gold_loss":0,"cards_upgraded":["Strike_R","Defend_R"]}],"is_beta":true,"boss_relics":[],"items_purged_floors":[5],"is_endless":false,"potions_floor_spawned":[4,6,11,14],"killed_by":"The Guardian","ascension_level":1}