{"gold_per_floor":[111,124,141,316,49,49,63,63,93,93,111,111,11,24,24,119,119,132,150,65,65,75,75,75,89,115,115,147,159,173,187,187,187],"floor_reached":33,"playtime":3533,"items_purged":["Doubt","Strike_B"],"score":261,"play_id":"ef475377-6e60-4e86-961f-b63c6894e4b7","local_time":"20180807010512","is_ascension_mode":false,"campfire_choices":[{"data":"Sunder","floor":6.0,"key":"SMITH"},{"data":"Rip and Tear","floor":10.0,"key":"SMITH"},{"data":"Fusion","floor":15.0,"key":"SMITH"},{"floor":23,"key":"REST"},{"data":"Seek","floor":27,"key":"SMITH"},{"floor":32,"key":"REST"}],"neow_cost":"NONE","seed_source_timestamp":0,"circlet_count":0,"master_deck":["Strike_B+1","Defend_B","Defend_B","Defend_B","Defend_B","Zap+1","Dualcast","Capacitor","Defragment","Sunder+1","Rip and Tear+1","Reinforced Body","Fusion+1","Seek+1","Compile Driver+1","Conserve Battery+1","Tempest+1","Streamline","Redo+1","Chill+1"],"special_seed":0,"relics":["Cracked Core","Happy Flower","Tiny Chest","Busted Crown","Toxic Egg 2","Boot","Regal Pillow"],"potions_floor_usage":[25,31,31,33],"damage_taken":[{"damage":1.0,"enemies":"Cultist","floor":1.0,"turns":3.0},{"damage":0.0,"enemies":"Small Slimes","floor":2.0,"turns":3.0},{"damage":1.0,"enemies":"2 Louse","floor":3.0,"turns":3.0},{"damage":5.0,"enemies":"Looter","floor":7.0,"turns":3.0},{"damage":0.0,"enemies":"Large Slime","floor":11.0,"turns":3.0},{"damage":0.0,"enemies":"3 Louse","floor":14.0,"turns":2.0},{"damage":16.0,"enemies":"The Guardian","floor":16.0,"turns":9.0},{"damage":0,"enemies":"Chosen","floor":18,"turns":3},{"damage":10,"enemies":"Spheric Guardian","floor":19,"turns":3},{"damage":18,"enemies":"Snake Plant","floor":22,"turns":3},{"damage":3,"enemies":"Slaver and Parasite","floor":25,"turns":5},{"damage":29,"enemies":"Gremlin Leader","floor":28,"turns":9},{"damage":2,"enemies":"Centurion and Healer","floor":29,"turns":4},{"damage":13,"enemies":"3 Cultists","floor":30,"turns":4},{"damage":0,"enemies":"Snecko","floor":31,"turns":3},{"damage":55,"enemies":"Champ","floor":33,"turns":9}],"seed_played":"-4011554784781874306","potions_obtained":[{"floor":1.0,"key":"Regen Potion"},{"floor":7.0,"key":"FearPotion"},{"floor":16.0,"key":"Dexterity Potion"},{"floor":18,"key":"FearPotion"},{"floor":28,"key":"Fire Potion"},{"floor":29,"key":"SpeedPotion"}],"is_trial":false,"path_per_floor":["M","M","M","?","$","R","M","?","T","R","M","?","$","M","R","B",null,"M","M","?","?","M","R","?","M","T","R","E","M","M","M","R"],"character_chosen":"DEFECT","items_purchased":["Happy Flower","Rip and Tear"],"campfire_rested":2,"item_purchase_floors":[5,5],"current_hp_per_floor":[74,74,73,73,73,73,68,53,53,53,53,46,46,46,46,45,75,75,65,65,51,33,57,57,54,54,54,25,23,10,10,49,0],"gold":187,"neow_bonus":"REMOVE_CARD","is_prod":false,"is_daily":false,"chose_seed":false,"campfire_upgraded":4,"win_rate":0.0,"timestamp":1533596712,"path_taken":["M","M","?","?","$","R","M","?","T","R","?","?","?","M","R","BOSS","M","M","?","?","M","R","?","M","T","R","E","M","?","M","R","BOSS"],"build_version":"2018-08-02","purchased_purges":2,"victory":false,"max_hp_per_floor":[75,75,75,75,75,75,75,75,75,75,75,75,75,75,75,75,75,75,75,75,80,80,80,80,80,80,80,80,80,80,80,80,80],"card_choices":[{"not_picked":["Blizzard","Beam Cell"],"picked":"Capacitor","floor":1.0},{"not_picked":["Compile Driver","Ball Lightning"],"picked":"Defragment","floor":2.0},{"not_picked":["BootSequence","Sweeping Beam"],"picked":"Sunder","floor":3.0},{"not_picked":["Force Field","Compile Driver","Beam Cell"],"picked":"SKIP","floor":7.0},{"not_picked":["Beam Cell","Consume"],"picked":"Reinforced Body","floor":11.0},{"not_picked":["Rebound","Consume"],"picked":"Fusion","floor":14.0},{"not_picked":["Buffer","Biased Cognition"],"picked":"Seek","floor":16.0},{"not_picked":[],"picked":"Compile Driver+1","floor":18},{"not_picked":["Scrape"],"picked":"SKIP","floor":19},{"not_picked":[],"picked":"Conserve Battery+1","floor":22},{"not_picked":[],"picked":"Tempest+1","floor":25},{"not_picked":["Scrape"],"picked":"SKIP","floor":28},{"not_picked":[],"picked":"Streamline","floor":29},{"not_picked":[],"picked":"Redo+1","floor":30},{"not_picked":[],"picked":"Chill+1","floor":31}],"player_experience":219363,"relics_obtained":[{"floor":9.0,"key":"Tiny Chest"},{"floor":26,"key":"Boot"},{"floor":28,"key":"Regal Pillow"}],"event_choices":[{"event_name":"Liars Game","player_choice":"agreed","floor":4.0,"damage_taken":0.0},{"event_name":"Shining Light","player_choice":"Entered Light","floor":8.0,"damage_taken":0.0},{"event_name":"Golden Wing","player_choice":"Card Removal","floor":12.0,"damage_taken":0.0},{"event_name":"Addict","player_choice":"Obtained Relic","floor":20,"damage_taken":0},{"event_name":"Forgotten Altar","player_choice":"Shed Blood","floor":21,"damage_taken":0},{"event_name":"Vampires","player_choice":"Ignored","floor":24,"damage_taken":0}],"is_beta":false,"boss_relics":[{"not_picked":["Snecko Eye","Philosopher\u0027s Stone"],"picked":"Busted Crown"}],"items_purged_floors":[5,13],"is_endless":false,"potions_floor_spawned":[1,7,16,18,19,28,29],"killed_by":"Champ","ascension_level":0}