{"gold_per_floor":[113,125,139,159,179,179,214,229,253,253,263,11,23,34,34,138,138,153,170,95,107,182,182,192,192,216,226,226,226,226,226],"floor_reached":31,"playtime":2121,"items_purged":["Strike_B"],"score":377,"play_id":"0ac23fe2-e5ab-4b7b-8ca6-0e012e179d89","local_time":"20190517093638","is_ascension_mode":true,"campfire_choices":[{"floor":6.0,"key":"REST"},{"floor":10.0,"key":"REST"},{"floor":15.0,"key":"REST"},{"data":"White Noise","floor":23.0,"key":"SMITH"},{"floor":25.0,"key":"REST"},{"floor":30.0,"key":"REST"}],"neow_cost":"TEN_PERCENT_HP_LOSS","seed_source_timestamp":3146893603429006,"circlet_count":0,"master_deck":["AscendersBane","Strike_B","Strike_B","Strike_B","Defend_B","Defend_B","Defend_B","Defend_B","Zap","Dualcast","Coolheaded","Consume","Genetic Algorithm","Coolheaded","Cold Snap","Go for the Eyes","Buffer","Loop","White Noise+1","Glacier","Glacier","Chill","Ball Lightning","Genetic Algorithm","Echo Form","Defragment","Redo+1","Creative AI","Capacitor","Genetic Algorithm"],"special_seed":0,"relics":["Cracked Core","Prayer Wheel","Bottled Flame","Singing Bowl","Inserter","Juzu Bracelet"],"potions_floor_usage":[],"damage_taken":[{"damage":0.0,"enemies":"Cultist","floor":1.0,"turns":3.0},{"damage":1.0,"enemies":"2 Louse","floor":2.0,"turns":3.0},{"damage":14.0,"enemies":"Jaw Worm","floor":3.0,"turns":6.0},{"damage":28.0,"enemies":"Exordium Thugs","floor":4.0,"turns":7.0},{"damage":8.0,"enemies":"Looter","floor":5.0,"turns":3.0},{"damage":19.0,"enemies":"Gremlin Nob","floor":7.0,"turns":5.0},{"damage":0.0,"enemies":"Large Slime","floor":8.0,"turns":8.0},{"damage":5.0,"enemies":"Exordium Thugs","floor":11.0,"turns":7.0},{"damage":4.0,"enemies":"Looter","floor":13.0,"turns":4.0},{"damage":4.0,"enemies":"Blue Slaver","floor":14.0,"turns":5.0},{"damage":7.0,"enemies":"The Guardian","floor":16.0,"turns":22.0},{"damage":15.0,"enemies":"3 Byrds","floor":18.0,"turns":5.0},{"damage":2.0,"enemies":"Shell Parasite","floor":19.0,"turns":12.0},{"damage":4.0,"enemies":"Snake Plant","floor":21.0,"turns":8.0},{"damage":32.0,"enemies":"Cultist and Chosen","floor":24.0,"turns":11.0},{"damage":12.0,"enemies":"Sentry and Sphere","floor":27.0,"turns":8.0},{"damage":62,"enemies":"Gremlin Leader","floor":31,"turns":3}],"seed_played":"-9137245048405684631","potions_obtained":[{"floor":1.0,"key":"Energy Potion"},{"floor":5.0,"key":"Strength Potion"},{"floor":11.0,"key":"GamblersBrew"},{"floor":16.0,"key":"Explosive Potion"},{"floor":19.0,"key":"Energy Potion"}],"is_trial":false,"path_per_floor":["M","M","M","M","M","R","E","M","T","R","M","$","M","M","R","B",null,"M","M","$","M","?","R","M","R","T","M","?","?","R","E"],"character_chosen":"DEFECT","items_purchased":["Singing Bowl"],"campfire_rested":5,"item_purchase_floors":[12],"current_hp_per_floor":[68,67,53,25,17,37,18,18,18,38,33,33,31,29,50,43,65,50,52,52,50,43,43,13,37,37,29,29,29,54,0],"gold":226,"neow_bonus":"ONE_RARE_RELIC","is_prod":false,"is_daily":false,"chose_seed":false,"campfire_upgraded":1,"win_rate":0,"timestamp":1558110998,"path_taken":["M","M","M","M","M","R","E","M","T","R","M","$","M","M","R","BOSS","M","M","$","M","?","R","?","R","T","M","?","?","R","E"],"build_version":"2019-01-23","purchased_purges":1,"victory":false,"max_hp_per_floor":[68,68,68,68,68,68,68,68,68,68,68,68,70,72,72,72,72,72,76,76,78,78,78,80,80,80,84,84,84,84,84],"card_choices":[{"not_picked":["Blizzard","Ball Lightning"],"picked":"Coolheaded","floor":1.0},{"not_picked":["Streamline","Leap"],"picked":"Consume","floor":1.0},{"not_picked":["Compile Driver","Gash"],"picked":"Genetic Algorithm","floor":2.0},{"not_picked":["Redo","Force Field"],"picked":"Coolheaded","floor":2.0},{"not_picked":["Blizzard","Tempest"],"picked":"Cold Snap","floor":3.0},{"not_picked":["Coolheaded","Blizzard"],"picked":"Go for the Eyes","floor":3.0},{"not_picked":["Leap","Barrage"],"picked":"Buffer","floor":4.0},{"not_picked":["Barrage","Rebound","Gash"],"picked":"SKIP","floor":4.0},{"not_picked":["Melter","Cold Snap"],"picked":"Loop","floor":5.0},{"not_picked":["Skim","Go for the Eyes"],"picked":"White Noise","floor":5.0},{"not_picked":["Beam Cell","Barrage"],"picked":"Glacier","floor":7.0},{"not_picked":["Hologram","Cold Snap","Undo"],"picked":"SKIP","floor":8.0},{"not_picked":["Skim","Chaos","Gash"],"picked":"SKIP","floor":8.0},{"not_picked":["Chaos","Blizzard"],"picked":"Glacier","floor":11.0},{"not_picked":["Recycle","Doom and Gloom"],"picked":"Chill","floor":11.0},{"not_picked":["Rebound","Chaos"],"picked":"Ball Lightning","floor":13.0},{"not_picked":["Skim","Compile Driver","Gash"],"picked":"Singing Bowl","floor":13.0},{"not_picked":["Rebound","Leap","Compile Driver"],"picked":"Singing Bowl","floor":14.0},{"not_picked":["Redo","Blizzard"],"picked":"Genetic Algorithm","floor":14.0},{"not_picked":["Core Surge","Buffer"],"picked":"Echo Form","floor":16.0},{"not_picked":["Coolheaded","Turbo+1"],"picked":"Defragment","floor":18.0},{"not_picked":["Stack","Gash+1"],"picked":"Redo+1","floor":18.0},{"not_picked":["Skim","Lockon","Go for the Eyes"],"picked":"Singing Bowl","floor":19.0},{"not_picked":["Static Discharge","Stack","Coolheaded"],"picked":"Singing Bowl","floor":19.0},{"not_picked":["Steam","Redo"],"picked":"Creative AI","floor":21.0},{"not_picked":["Rebound","Stack","Hologram"],"picked":"Singing Bowl","floor":21.0},{"not_picked":["Chaos","Steam"],"picked":"Capacitor","floor":24.0},{"not_picked":["Stack","Redo","Barrage+1"],"picked":"Singing Bowl","floor":24.0},{"not_picked":["Streamline","Steam Power+1","Chaos"],"picked":"Singing Bowl","floor":27.0},{"not_picked":["Ball Lightning","Darkness","Beam Cell"],"picked":"Singing Bowl","floor":27.0}],"player_experience":612793,"relics_obtained":[{"floor":7.0,"key":"Bottled Flame"},{"floor":26.0,"key":"Juzu Bracelet"}],"event_choices":[{"damage_healed":0.0,"max_hp_gain":0.0,"max_hp_loss":0.0,"gold_gain":75.0,"event_name":"FaceTrader","player_choice":"Touch","floor":22.0,"gold_loss":0.0,"damage_taken":7.0},{"damage_healed":0.0,"max_hp_gain":0.0,"max_hp_loss":0.0,"gold_gain":0.0,"event_name":"Duplicator","player_choice":"Copied","floor":28.0,"gold_loss":0.0,"damage_taken":0.0,"cards_obtained":["Genetic Algorithm"]},{"damage_healed":0.0,"max_hp_gain":0.0,"max_hp_loss":0.0,"gold_gain":0.0,"event_name":"Ghosts","player_choice":"Ignored","floor":29.0,"gold_loss":0.0,"damage_taken":0.0}],"is_beta":false,"boss_relics":[{"not_picked":["Runic Dome","Busted Crown"],"picked":"Inserter"}],"items_purged_floors":[20],"is_endless":false,"potions_floor_spawned":[1,5,11,16,19,21],"killed_by":"Gremlin Leader","ascension_level":11}