{"gold_per_floor":[118,131,145,157,30,30,30,180,205,205,205,221,237,251,251,251],"floor_reached":16,"playtime":692,"items_purged":["Strike_R"],"score":281,"play_id":"0421bb71-a32c-43d8-988e-94215966785e","local_time":"20190607124000","is_ascension_mode":true,"campfire_choices":[{"data":"Armaments","floor":6,"key":"SMITH"},{"data":"Armaments","floor":11,"key":"SMITH"},{"data":"Body Slam","floor":15,"key":"SMITH"}],"neow_cost":"TEN_PERCENT_HP_LOSS","seed_source_timestamp":1364575665622393,"circlet_count":0,"master_deck":["AscendersBane","Defend_R","Defend_R","Defend_R","Defend_R","Bash","Armaments+1","Thunderclap","Offering","Armaments+1","Shrug It Off","Doubt","Heavy Blade","Pommel Strike","Body Slam+1"],"special_seed":0,"relics":["Burning Blood","Red Skull"],"potions_floor_usage":[12,14,16],"damage_taken":[{"damage":3,"enemies":"2 Louse","floor":1,"turns":4},{"damage":20,"enemies":"Jaw Worm","floor":2,"turns":7},{"damage":7,"enemies":"Cultist","floor":3,"turns":4},{"damage":14,"enemies":"Looter","floor":4,"turns":4},{"damage":19,"enemies":"Gremlin Gang","floor":12,"turns":4},{"damage":6,"enemies":"Blue Slaver","floor":13,"turns":5},{"damage":1,"enemies":"3 Louse","floor":14,"turns":3},{"damage":34,"enemies":"Slime Boss","floor":16,"turns":6}],"seed_played":"-5281705782116088372","potions_obtained":[{"floor":3,"key":"Energy Potion"},{"floor":12,"key":"Poison Potion"},{"floor":13,"key":"SpeedPotion"}],"is_trial":false,"path_per_floor":["M","M","M","M","$","R","?","?","T","?","R","M","M","M","R","B"],"character_chosen":"IRONCLAD","items_purchased":["Shrug It Off"],"campfire_rested":0,"item_purchase_floors":[5],"current_hp_per_floor":[68,54,53,45,45,45,38,38,38,38,38,25,25,30,30,0],"gold":251,"neow_bonus":"TRANSFORM_TWO_CARDS","is_prod":false,"is_daily":false,"chose_seed":false,"campfire_upgraded":3,"win_rate":0,"timestamp":1559936400,"path_taken":["M","M","M","M","$","R","?","?","T","?","R","?","M","M","R","BOSS"],"build_version":"2019-01-23","purchased_purges":1,"victory":false,"max_hp_per_floor":[68,68,68,68,68,68,68,68,68,68,68,68,68,68,68,68],"card_choices":[{"not_picked":["Body Slam","Clash"],"picked":"Armaments","floor":1},{"not_picked":["Anger","Flex"],"picked":"Thunderclap","floor":2},{"not_picked":["Sentinel","Wild Strike"],"picked":"Offering","floor":3},{"not_picked":["Cleave","Havoc"],"picked":"Armaments","floor":4},{"not_picked":["Combust","Sword Boomerang"],"picked":"Heavy Blade","floor":12},{"not_picked":["Heavy Blade","Flex"],"picked":"Pommel Strike","floor":13},{"not_picked":["True Grit","Havoc"],"picked":"Body Slam","floor":14}],"player_experience":827246,"relics_obtained":[{"floor":9,"key":"Red Skull"}],"event_choices":[{"cards_removed":["Strike_R"],"damage_healed":0,"gold_gain":0,"player_choice":"Card Removal","damage_taken":7,"max_hp_gain":0,"max_hp_loss":0,"event_name":"Golden Wing","floor":7,"gold_loss":0},{"damage_healed":0,"gold_gain":150,"player_choice":"AGREE","damage_taken":0,"max_hp_gain":0,"max_hp_loss":0,"event_name":"Liars Game","floor":8,"gold_loss":0,"cards_obtained":["Doubt"]},{"cards_removed":["Strike_R"],"damage_healed":0,"gold_gain":0,"player_choice":"Purged","damage_taken":0,"max_hp_gain":0,"max_hp_loss":0,"event_name":"Purifier","floor":10,"gold_loss":0}],"is_beta":false,"boss_relics":[],"items_purged_floors":[5],"is_endless":false,"potions_floor_spawned":[3,12,13],"killed_by":"Slime Boss","ascension_level":19}