{"gold_per_floor":[113,38,38,38,58,88,88,121,121,156,168,207,229,65,65,137,137,148,64,81,81,81,81,81],"floor_reached":24,"playtime":631,"items_purged":[],"score":531,"play_id":"0725e82f-5cb5-4c34-930c-53ffc6b4f50a","local_time":"20190526175306","is_ascension_mode":true,"campfire_choices":[{"floor":7.0,"key":"DIG"},{"floor":11.0,"key":"DIG"},{"floor":15.0,"key":"DIG"},{"floor":23.0,"key":"DIG"}],"neow_cost":"NONE","seed_source_timestamp":346480710360717,"circlet_count":0,"master_deck":["AscendersBane","Strike_B","Strike_B","Defend_B","Defend_B","Defend_B","Defend_B","Zap","Dualcast","Go for the Eyes","Steam","Consume","Streamline","Genetic Algorithm","Cold Snap","Redo","Ball Lightning","Electrodynamics+1","White Noise","Conserve Battery","Echo Form+1","Panacea","Cold Snap"],"special_seed":0,"relics":["Cracked Core","NeowsBlessing","Shovel","The Courier","Frozen Egg 2","Kunai","MawBank","Vajra","Pantograph","Busted Crown","Molten Egg 2"],"potions_floor_usage":[24],"damage_taken":[{"damage":0.0,"enemies":"2 Louse","floor":1.0,"turns":1.0},{"damage":0.0,"enemies":"Jaw Worm","floor":5.0,"turns":1.0},{"damage":0.0,"enemies":"3 Sentries","floor":6.0,"turns":1.0},{"damage":21.0,"enemies":"Lagavulin","floor":8.0,"turns":7.0},{"damage":25.0,"enemies":"3 Sentries","floor":10.0,"turns":6.0},{"damage":0.0,"enemies":"Small Slimes","floor":12.0,"turns":3.0},{"damage":4.0,"enemies":"Blue Slaver","floor":13.0,"turns":3.0},{"damage":0.0,"enemies":"Slime Boss","floor":16.0,"turns":6.0},{"damage":25.0,"enemies":"3 Byrds","floor":18.0,"turns":3.0},{"damage":29.0,"enemies":"Shell Parasite","floor":20.0,"turns":3.0},{"damage":9,"enemies":"Snake Plant","floor":24,"turns":1}],"seed_played":"-3069766894895523734","potions_obtained":[{"floor":1.0,"key":"Explosive Potion"},{"floor":12.0,"key":"Energy Potion"},{"floor":18.0,"key":"FairyPotion"},{"floor":20.0,"key":"GamblersBrew"}],"is_trial":false,"path_per_floor":["M","?","$","?","M","E","R","E","T","E","R","M","M","$","R","B",null,"M","$","M","?","?","R","M"],"character_chosen":"DEFECT","items_purchased":["Electrodynamics+1","White Noise","Conserve Battery","Panacea"],"campfire_rested":0,"item_purchase_floors":[14,14,14,19],"current_hp_per_floor":[64,64,64,64,64,64,64,43,43,18,18,18,14,14,14,39,63,38,38,9,9,9,9,0],"gold":81,"neow_bonus":"THREE_ENEMY_KILL","is_prod":false,"is_daily":false,"chose_seed":false,"campfire_upgraded":0,"win_rate":0,"timestamp":1558918386,"path_taken":["M","?","?","?","?","E","R","E","T","E","R","M","M","?","R","BOSS","M","$","M","?","?","R","M"],"build_version":"2019-01-23","purchased_purges":0,"victory":false,"max_hp_per_floor":[71,71,71,71,71,71,71,71,71,71,71,71,71,71,71,71,71,71,71,71,71,71,71,71],"card_choices":[{"not_picked":["Skim","Lockon"],"picked":"Go for the Eyes","floor":1.0},{"not_picked":["Scrape","Beam Cell"],"picked":"Consume","floor":5.0},{"not_picked":["Scrape","Auto Shields"],"picked":"Streamline","floor":6.0},{"not_picked":["Force Field","Beam Cell"],"picked":"Genetic Algorithm","floor":8.0},{"not_picked":["Redo","Auto Shields"],"picked":"Cold Snap","floor":10.0},{"not_picked":["Hologram","Undo"],"picked":"Redo","floor":12.0},{"not_picked":["Redo","Stack"],"picked":"Ball Lightning","floor":13.0},{"not_picked":["Machine Learning+1","Amplify"],"picked":"Echo Form+1","floor":16.0},{"not_picked":["Go for the Eyes"],"picked":"SKIP","floor":18.0},{"not_picked":[],"picked":"Cold Snap","floor":20.0}],"player_experience":737616,"relics_obtained":[{"floor":6.0,"key":"Shovel"},{"floor":7.0,"key":"The Courier"},{"floor":8.0,"key":"Frozen Egg 2"},{"floor":9.0,"key":"Kunai"},{"floor":10.0,"key":"MawBank"},{"floor":11.0,"key":"Vajra"},{"floor":15.0,"key":"Pantograph"},{"floor":23.0,"key":"Molten Egg 2"}],"event_choices":[{"cards_removed":["Strike_B"],"damage_healed":0.0,"max_hp_gain":0.0,"max_hp_loss":0.0,"gold_gain":0.0,"event_name":"The Cleric","player_choice":"Card Removal","floor":2.0,"gold_loss":75.0,"damage_taken":0.0},{"damage_healed":0.0,"max_hp_gain":0.0,"max_hp_loss":0.0,"gold_gain":0.0,"cards_transformed":["Strike_B"],"event_name":"Living Wall","player_choice":"Change","floor":4.0,"gold_loss":0.0,"damage_taken":0.0,"cards_obtained":["Steam"]},{"damage_healed":0.0,"max_hp_gain":0.0,"max_hp_loss":0.0,"gold_gain":0.0,"event_name":"Beggar","player_choice":"Ignored","floor":21.0,"gold_loss":0.0,"damage_taken":0.0},{"damage_healed":0.0,"max_hp_gain":0.0,"max_hp_loss":0.0,"gold_gain":0.0,"event_name":"The Mausoleum","player_choice":"Ignored","floor":22.0,"gold_loss":0.0,"damage_taken":0.0}],"is_beta":false,"boss_relics":[{"not_picked":["Nuclear Battery","Cursed Key"],"picked":"Busted Crown"}],"items_purged_floors":[],"is_endless":false,"potions_floor_spawned":[1,12,18,20],"killed_by":"Snake Plant","ascension_level":17}