{"gold_per_floor":[109,126,145,165,183,209,209,224,251,251,268,296,313,324,324,423,423,443,458,458],"floor_reached":20,"playtime":3031,"items_purged":[],"score":192,"play_id":"06afafa7-f07c-42c7-9427-06ef8fd74bd5","local_time":"20190604212825","is_ascension_mode":false,"campfire_choices":[{"floor":15,"key":"REST"}],"neow_cost":"CURSE","seed_source_timestamp":125969570542172,"circlet_count":0,"master_deck":["Strike_R","Strike_R","Strike_R","Strike_R","Strike_R","Defend_R","Defend_R","Defend_R","Bash","Clumsy","Berserk","Perfected Strike","Twin Strike","Anger","Cleave","Pommel Strike","Intimidate","Headbutt","Headbutt","Exhume","Thunderclap","Anger","Feed","Anger"],"relics":["Burning Blood","Blood Vial","Regal Pillow","Ancient Tea Set","Mark of Pain"],"potions_floor_usage":[],"damage_taken":[{"damage":2,"enemies":"2 Louse","floor":1,"turns":3},{"damage":12,"enemies":"Small Slimes","floor":2,"turns":5},{"damage":1,"enemies":"Cultist","floor":3,"turns":3},{"damage":0,"enemies":"Exordium Wildlife","floor":4,"turns":3},{"damage":4,"enemies":"Blue Slaver","floor":5,"turns":3},{"damage":35,"enemies":"3 Sentries","floor":6,"turns":6},{"damage":7,"enemies":"3 Louse","floor":8,"turns":2},{"damage":8,"enemies":"2 Fungi Beasts","floor":11,"turns":3},{"damage":14,"enemies":"Gremlin Nob","floor":12,"turns":3},{"damage":10,"enemies":"Looter","floor":13,"turns":3},{"damage":6,"enemies":"Exordium Thugs","floor":14,"turns":3},{"damage":39,"enemies":"Slime Boss","floor":16,"turns":8},{"damage":30,"enemies":"2 Thieves","floor":18,"turns":3},{"damage":13,"enemies":"3 Byrds","floor":19,"turns":5},{"damage":39,"enemies":"Colosseum Slavers","floor":20,"turns":5},{"damage":28,"enemies":"Colosseum Nobs","floor":20,"turns":2}],"seed_played":"1856233773909744543","potions_obtained":[{"floor":1,"key":"Regen Potion"},{"floor":2,"key":"SkillPotion"},{"floor":6,"key":"Energy Potion"},{"floor":16,"key":"Explosive Potion"},{"floor":19,"key":"BloodPotion"}],"is_trial":false,"path_per_floor":["M","M","M","M","M","E","?","M","T","?","M","E","M","M","R","B",null,"M","M","?"],"character_chosen":"IRONCLAD","items_purchased":[],"campfire_rested":1,"item_purchase_floors":[],"current_hp_per_floor":[80,74,79,80,80,51,48,49,49,49,49,43,41,43,80,47,80,56,54,0],"gold":458,"neow_bonus":"THREE_RARE_CARDS","is_prod":false,"is_daily":false,"chose_seed":false,"campfire_upgraded":0,"win_rate":0,"timestamp":1559698105,"path_taken":["M","M","M","M","M","E","?","M","T","?","M","E","?","M","R","BOSS","M","M","?"],"build_version":"2019-01-23","purchased_purges":0,"victory":false,"max_hp_per_floor":[80,80,80,80,80,80,80,80,80,80,80,80,80,80,80,80,80,80,83,86],"card_choices":[{"not_picked":["Brutality","Bludgeon"],"picked":"Berserk","floor":0},{"not_picked":["Inflame","Burning Pact"],"picked":"Perfected Strike","floor":1},{"not_picked":["Blood for Blood","Bloodletting"],"picked":"Twin Strike","floor":2},{"not_picked":["Dropkick","Clash"],"picked":"Anger","floor":3},{"not_picked":["Metallicize","Rupture"],"picked":"Cleave","floor":4},{"not_picked":["Headbutt","Sword Boomerang"],"picked":"Pommel Strike","floor":5},{"not_picked":["Cleave","Entrench"],"picked":"Intimidate","floor":6},{"not_picked":["Havoc","Ghostly Armor"],"picked":"Headbutt","floor":8},{"not_picked":["Warcry","Rupture"],"picked":"Headbutt","floor":11},{"not_picked":["Body Slam","Sword Boomerang"],"picked":"Exhume","floor":12},{"not_picked":["Clash","Sever Soul"],"picked":"Thunderclap","floor":13},{"not_picked":["Pommel Strike","Armaments"],"picked":"Anger","floor":14},{"not_picked":["Juggernaut","Fiend Fire"],"picked":"Feed","floor":16},{"not_picked":["Havoc","Heavy Blade","Sword Boomerang"],"picked":"SKIP","floor":18},{"not_picked":["True Grit","Body Slam"],"picked":"Anger","floor":19}],"player_experience":75953,"relics_obtained":[{"floor":6,"key":"Blood Vial"},{"floor":12,"key":"Ancient Tea Set"}],"event_choices":[{"damage_healed":0,"gold_gain":0,"player_choice":"Success","damage_taken":3,"relics_obtained":["Regal Pillow"],"max_hp_gain":0,"max_hp_loss":0,"event_name":"Scrap Ooze","floor":7,"gold_loss":0},{"cards_removed":["Defend_R"],"damage_healed":0,"gold_gain":0,"player_choice":"Purged","damage_taken":0,"max_hp_gain":0,"max_hp_loss":0,"event_name":"Purifier","floor":10,"gold_loss":0},{"damage_healed":0,"gold_gain":0,"player_choice":"Fight","damage_taken":0,"max_hp_gain":0,"max_hp_loss":0,"event_name":"Colosseum","floor":20,"gold_loss":0},{"damage_healed":0,"gold_gain":0,"player_choice":"Fought Nobs","damage_taken":0,"max_hp_gain":0,"max_hp_loss":0,"event_name":"Colosseum","floor":20,"gold_loss":0}],"is_beta":false,"boss_relics":[{"not_picked":["Fusion Hammer","Snecko Eye"],"picked":"Mark of Pain"}],"items_purged_floors":[],"is_endless":false,"potions_floor_spawned":[1,2,6,8,16,19],"killed_by":"Colosseum Nobs","ascension_level":0}