{"gold_per_floor":[209,223,223,243,243,275,275,309,347,359,336,365,377,423,435,524,536,561,590,5,17,33,94,94,19,70,82,111,131,148,161,161,234,234,247,247,247,257,257,257,286,286,334,334,354,383,403,30,30,30,30,30,30,30],"floor_reached":54,"playtime":3080,"items_purged":["Strike_B"],"score":1467,"play_id":"06b3f3b0-9798-4e48-a147-adfbed3139b8","local_time":"20190527102357","is_ascension_mode":true,"campfire_choices":[{"data":"Redo","floor":7.0,"key":"SMITH"},{"floor":10.0,"key":"REST"},{"data":"Go for the Eyes","floor":13.0,"key":"SMITH"},{"data":"Glacier","floor":15.0,"key":"SMITH"},{"floor":24.0,"key":"REST"},{"floor":32.0,"key":"REST"},{"floor":40.0,"key":"REST"},{"floor":42.0,"key":"REST"},{"floor":44.0,"key":"RECALL"},{"floor":49,"key":"REST"},{"floor":52,"key":"REST"}],"neow_cost":"NONE","seed_source_timestamp":0,"circlet_count":0,"master_deck":["AscendersBane","Defend_B","Defend_B","Defend_B","Zap","Dualcast","Glacier+1","Go for the Eyes+1","Redo+1","Barrage","Ball Lightning","Electrodynamics","Core Surge","Coolheaded","Capacitor","Loop","Leap","Capacitor+1","Double Energy","Undo","Hello World","Buffer","Storm+1","Beam Cell+1","Consume+1","Cold Snap+1","Glacier+1","White Noise","Conserve Battery+1","BootSequence+1","Echo Form","White Noise"],"special_seed":0,"relics":["Cracked Core","Boot","MawBank","Dream Catcher","Ice Cream","Fusion Hammer","Cables","Gremlin Horn","Tiny Chest","Regal Pillow","Bottled Lightning","Astrolabe","Bag of Preparation","Kunai","ClockworkSouvenir"],"potions_floor_usage":[47,50],"damage_taken":[{"damage":0.0,"enemies":"Small Slimes","floor":1.0,"turns":2.0},{"damage":3.0,"enemies":"2 Louse","floor":2.0,"turns":2.0},{"damage":7.0,"enemies":"Jaw Worm","floor":4.0,"turns":4.0},{"damage":20.0,"enemies":"Lagavulin","floor":6.0,"turns":9.0},{"damage":32.0,"enemies":"3 Sentries","floor":8.0,"turns":16.0},{"damage":11.0,"enemies":"3 Louse","floor":12.0,"turns":3.0},{"damage":22.0,"enemies":"Lagavulin","floor":14.0,"turns":7.0},{"damage":20.0,"enemies":"Hexaghost","floor":16.0,"turns":11.0},{"damage":12.0,"enemies":"3 Byrds","floor":18.0,"turns":2.0},{"damage":5.0,"enemies":"2 Thieves","floor":19.0,"turns":3.0},{"damage":15.0,"enemies":"3 Cultists","floor":21.0,"turns":5.0},{"damage":8.0,"enemies":"Snecko","floor":22.0,"turns":5.0},{"damage":22.0,"enemies":"Slavers","floor":23.0,"turns":4.0},{"damage":8.0,"enemies":"Chosen and Byrds","floor":27.0,"turns":6.0},{"damage":12.0,"enemies":"Gremlin Leader","floor":28.0,"turns":5.0},{"damage":0.0,"enemies":"Centurion and Healer","floor":29.0,"turns":7.0},{"damage":0.0,"enemies":"Sentry and Sphere","floor":30.0,"turns":4.0},{"damage":0.0,"enemies":"3 Cultists","floor":31.0,"turns":3.0},{"damage":32.0,"enemies":"Automaton","floor":33.0,"turns":10.0},{"damage":0.0,"enemies":"Orb Walker","floor":35.0,"turns":5.0},{"damage":0.0,"enemies":"3 Darklings","floor":37.0,"turns":1.0},{"damage":54.0,"enemies":"Jaw Worm Horde","floor":38.0,"turns":4.0},{"damage":25.0,"enemies":"Nemesis","floor":41.0,"turns":7.0},{"damage":7.0,"enemies":"Transient","floor":45.0,"turns":6.0},{"damage":0.0,"enemies":"Giant Head","floor":46.0,"turns":11.0},{"damage":10,"enemies":"Spire Growth","floor":47,"turns":6},{"damage":26,"enemies":"Donu and Deca","floor":50,"turns":6},{"damage":72,"enemies":"Shield and Spear","floor":54,"turns":3}],"seed_played":"-2057804234082564108","potions_obtained":[{"floor":2.0,"key":"Fire Potion"},{"floor":4.0,"key":"Regen Potion"},{"floor":12.0,"key":"SpeedPotion"},{"floor":16.0,"key":"Regen Potion"},{"floor":18.0,"key":"SteroidPotion"},{"floor":27.0,"key":"Fire Potion"},{"floor":28.0,"key":"SteroidPotion"},{"floor":31.0,"key":"SmokeBomb"},{"floor":41.0,"key":"Strength Potion"},{"floor":46.0,"key":"Weak Potion"},{"floor":47,"key":"Strength Potion"}],"is_trial":false,"path_per_floor":["M","M","?","M","?","E","R","E","T","R","?","M","R","E","R","B",null,"M","M","$","M","M","E","R","$","T","M","E","M","M","M","R","B",null,"M","?","M","M","?","R","E","R","T","R","M","E","M","$","R","B",null,"R","$","E"],"character_chosen":"DEFECT","items_purchased":["Capacitor","Cables","Gremlin Horn","ClockworkSouvenir","Echo Form"],"campfire_rested":7,"item_purchase_floors":[20,20,20,48,48],"current_hp_per_floor":[64,61,61,54,54,49,49,17,17,38,55,44,44,22,22,2,54,42,37,37,36,28,6,27,27,27,19,7,7,7,7,43,11,56,56,56,56,2,2,37,12,47,47,47,40,40,30,30,65,39,60,67,67,0],"gold":30,"neow_bonus":"HUNDRED_GOLD","is_prod":false,"is_daily":false,"chose_seed":false,"campfire_upgraded":3,"win_rate":0,"timestamp":1558977837,"path_taken":["M","M","?","M","?","E","R","E","T","R","?","M","R","E","R","BOSS","M","M","$","M","M","E","R","$","T","M","E","M","M","M","R","BOSS","M","?","M","M","?","R","E","R","T","R","M","E","M","$","R","BOSS","R","$","E"],"build_version":"2019-01-23","purchased_purges":1,"victory":false,"max_hp_per_floor":[71,71,71,71,71,71,71,71,71,71,71,71,71,71,71,71,71,71,71,71,71,71,71,71,71,71,71,71,71,71,71,71,71,71,71,67,67,67,67,67,67,67,67,67,67,67,67,67,67,67,67,67,67,67],"card_choices":[{"not_picked":["Beam Cell","Cold Snap"],"picked":"Glacier","floor":1.0},{"not_picked":["Turbo","Streamline","Rip and Tear"],"picked":"SKIP","floor":2.0},{"not_picked":["Hologram","Chaos"],"picked":"Go for the Eyes","floor":4.0},{"not_picked":["Streamline","Turbo","Compile Driver"],"picked":"SKIP","floor":6.0},{"not_picked":["Streamline","Gash"],"picked":"Barrage","floor":8.0},{"not_picked":["Stack","Fusion"],"picked":"Ball Lightning","floor":10.0},{"not_picked":["Darkness","Gash","Lockon"],"picked":"SKIP","floor":12.0},{"not_picked":["Beam Cell","Meteor Strike"],"picked":"Electrodynamics","floor":14.0},{"not_picked":["Hyperbeam","Meteor Strike"],"picked":"Core Surge","floor":16.0},{"not_picked":["Auto Shields","Force Field","Darkness"],"picked":"SKIP","floor":18.0},{"not_picked":["Stack","Storm"],"picked":"Coolheaded","floor":19.0},{"not_picked":["Static Discharge","Redo","Scrape"],"picked":"SKIP","floor":21.0},{"not_picked":["Redo","Recycle","Turbo"],"picked":"SKIP","floor":22.0},{"not_picked":["Turbo","Scrape","Hologram"],"picked":"SKIP","floor":23.0},{"not_picked":["Darkness","Recycle"],"picked":"Loop","floor":24.0},{"not_picked":["Fusion","Turbo"],"picked":"Leap","floor":27.0},{"not_picked":["Steam","Conserve Battery+1"],"picked":"Capacitor+1","floor":28.0},{"not_picked":["Scrape","Reprogram"],"picked":"Double Energy","floor":29.0},{"not_picked":["Static Discharge","Scrape+1"],"picked":"Undo","floor":30.0},{"not_picked":["Ball Lightning","Stack","Redo"],"picked":"SKIP","floor":31.0},{"not_picked":["Hologram","Streamline"],"picked":"Hello World","floor":32.0},{"not_picked":["All For One","Rainbow"],"picked":"Buffer","floor":33.0},{"not_picked":["FTL","Rip and Tear"],"picked":"Cold Snap+1","floor":35.0},{"not_picked":["Go for the Eyes","Turbo+1","Compile Driver"],"picked":"SKIP","floor":38.0},{"not_picked":["Capacitor","Heatsinks+1"],"picked":"White Noise","floor":40.0},{"not_picked":["Biased Cognition","Rebound"],"picked":"Conserve Battery+1","floor":41.0},{"not_picked":["Fusion","Turbo"],"picked":"BootSequence+1","floor":45.0},{"not_picked":["Blizzard+1","Doom and Gloom","Stack"],"picked":"SKIP","floor":46.0},{"not_picked":["Turbo","Double Energy","Go for the Eyes"],"picked":"SKIP","floor":47},{"not_picked":["Compile Driver","Steam"],"picked":"White Noise","floor":49}],"player_experience":743770,"relics_obtained":[{"floor":6.0,"key":"Boot"},{"floor":8.0,"key":"MawBank"},{"floor":9.0,"key":"Dream Catcher"},{"floor":14.0,"key":"Ice Cream"},{"floor":23.0,"key":"Tiny Chest"},{"floor":26.0,"key":"Regal Pillow"},{"floor":28.0,"key":"Bottled Lightning"},{"floor":41.0,"key":"Bag of Preparation"},{"floor":46.0,"key":"Kunai"}],"event_choices":[{"damage_healed":0.0,"max_hp_gain":0.0,"max_hp_loss":0.0,"gold_gain":0.0,"event_name":"Scrap Ooze","player_choice":"Fled","floor":3.0,"gold_loss":0.0,"damage_taken":0.0},{"damage_healed":0.0,"max_hp_gain":0.0,"max_hp_loss":0.0,"gold_gain":0.0,"cards_transformed":["Strike_B"],"event_name":"Living Wall","player_choice":"Change","floor":5.0,"gold_loss":0.0,"damage_taken":0.0,"cards_obtained":["Redo"]},{"damage_healed":17.0,"max_hp_gain":0.0,"max_hp_loss":0.0,"gold_gain":0.0,"event_name":"The Cleric","player_choice":"Healed","floor":11.0,"gold_loss":35.0,"damage_taken":0.0},{"damage_healed":0.0,"max_hp_gain":0.0,"max_hp_loss":4.0,"gold_gain":0.0,"event_name":"Winding Halls","player_choice":"Max HP","floor":36.0,"gold_loss":0.0,"damage_taken":0.0},{"damage_healed":0.0,"max_hp_gain":0.0,"max_hp_loss":0.0,"gold_gain":0.0,"event_name":"Duplicator","player_choice":"Copied","floor":39.0,"gold_loss":0.0,"damage_taken":0.0,"cards_obtained":["Glacier"]}],"is_beta":false,"boss_relics":[{"not_picked":["Lizard Tail","Black Star"],"picked":"Fusion Hammer"},{"not_picked":["Busted Crown","Snecko Eye"],"picked":"Astrolabe"}],"items_purged_floors":[25],"is_endless":false,"potions_floor_spawned":[2,4,12,16,18,27,28,31,41,46,47],"killed_by":"Shield and Spear","ascension_level":18}