{"gold_per_floor":[111,125,136,147,158,158,169,199,199,164,164,196,196,229,229,332,332,347,361,361,374,15,15,50,50,50,10,24,55,79,129,129,129],"floor_reached":33,"playtime":2413,"items_purged":[],"score":305,"play_id":"927e0d9c-7598-48ac-9d92-d3b1ceb01674","local_time":"20190607001949","is_ascension_mode":false,"campfire_choices":[{"data":"Shockwave","floor":6,"key":"SMITH"},{"data":"Warcry","floor":11,"key":"SMITH"},{"data":"Pommel Strike","floor":13,"key":"SMITH"},{"data":"Double Tap","floor":15,"key":"SMITH"},{"data":"Apotheosis","floor":23,"key":"SMITH"},{"data":"Fiend Fire","floor":25,"key":"SMITH"},{"floor":32,"key":"REST"}],"neow_cost":"NONE","seed_source_timestamp":230736133964600,"circlet_count":0,"master_deck":["Strike_R","Strike_R","Strike_R","Strike_R","Strike_R","Defend_R","Defend_R","Defend_R","Defend_R","Bash+1","Flex","Cleave","Sword Boomerang","Anger","Shockwave+1","Immolate+1","Pommel Strike+1","Warcry+1","Double Tap+1","Fiend Fire+1","Shrug It Off","Dropkick","Feed","Apotheosis+1","Whirlwind","Warcry","Feel No Pain","Infernal Blade+1","Heavy Blade+1"],"relics":["Burning Blood","Strawberry","Bronze Scales","Whetstone","Dream Catcher","Velvet Choker","Gremlin Horn","Bird Faced Urn","Centennial Puzzle","Blood Vial"],"potions_floor_usage":[4,8,16,16,19,24,28,28,29,29],"damage_taken":[{"damage":6,"enemies":"Cultist","floor":1,"turns":3},{"damage":11,"enemies":"Jaw Worm","floor":2,"turns":3},{"damage":0,"enemies":"2 Louse","floor":3,"turns":2},{"damage":12,"enemies":"Lots of Slimes","floor":4,"turns":3},{"damage":0,"enemies":"Exordium Thugs","floor":5,"turns":3},{"damage":14,"enemies":"Blue Slaver","floor":7,"turns":3},{"damage":10,"enemies":"Gremlin Nob","floor":8,"turns":3},{"damage":27,"enemies":"3 Sentries","floor":12,"turns":3},{"damage":21,"enemies":"Lagavulin","floor":14,"turns":5},{"damage":44,"enemies":"Hexaghost","floor":16,"turns":6},{"damage":14,"enemies":"2 Thieves","floor":18,"turns":2},{"damage":7,"enemies":"Chosen","floor":19,"turns":4},{"damage":23,"enemies":"Snecko","floor":21,"turns":5},{"damage":20,"enemies":"Book of Stabbing","floor":24,"turns":4},{"damage":10,"enemies":"Centurion and Healer","floor":28,"turns":4},{"damage":50,"enemies":"Slavers","floor":29,"turns":4},{"damage":62,"enemies":"Champ","floor":33,"turns":6}],"seed_played":"5193921663446008647","potions_obtained":[{"floor":3,"key":"Weak Potion"},{"floor":4,"key":"AttackPotion"},{"floor":7,"key":"GamblersBrew"},{"floor":14,"key":"Ancient Potion"},{"floor":19,"key":"Fruit Juice"},{"floor":27,"key":"SkillPotion"},{"floor":27,"key":"Ancient Potion"},{"floor":27,"key":"Dexterity Potion"},{"floor":28,"key":"SteroidPotion"}],"is_trial":false,"path_per_floor":["M","M","M","M","M","R","M","E","T","?","R","E","R","E","R","B",null,"M","M","$","M","$","R","E","R","T","?","M","E","T","?","R","B"],"character_chosen":"IRONCLAD","items_purchased":["Apotheosis","Whirlwind","Regen Potion","Warcry"],"campfire_rested":1,"item_purchase_floors":[22,22,22,22],"current_hp_per_floor":[80,75,80,74,80,80,72,75,75,87,87,66,66,51,51,13,87,79,83,83,66,66,66,61,61,61,61,59,17,17,17,44,0],"gold":129,"neow_bonus":"THREE_CARDS","is_prod":false,"is_daily":false,"chose_seed":false,"campfire_upgraded":6,"win_rate":0,"timestamp":1559834389,"path_taken":["M","M","M","M","M","R","?","E","T","?","R","E","R","E","R","BOSS","M","M","$","M","$","R","E","R","T","?","?","E","?","?","R","BOSS"],"build_version":"2019-01-23","purchased_purges":0,"victory":false,"max_hp_per_floor":[80,80,80,80,80,80,80,87,87,87,87,87,87,87,87,87,87,87,92,92,92,92,92,92,92,92,92,92,92,92,92,92,92],"card_choices":[{"not_picked":["Pummel","Clash"],"picked":"Flex","floor":0},{"not_picked":["Iron Wave","Corruption"],"picked":"Cleave","floor":1},{"not_picked":["Clash","Wild Strike"],"picked":"Sword Boomerang","floor":2},{"not_picked":["Entrench","Corruption"],"picked":"Anger","floor":3},{"not_picked":["Sword Boomerang","Body Slam"],"picked":"Shockwave","floor":4},{"not_picked":["Heavy Blade","Twin Strike"],"picked":"Immolate","floor":5},{"not_picked":["Headbutt","Dual Wield"],"picked":"Pommel Strike","floor":7},{"not_picked":["Twin Strike","Fire Breathing"],"picked":"Warcry","floor":8},{"not_picked":["Corruption","Wild Strike","Anger"],"picked":"SKIP","floor":12},{"not_picked":["Corruption","Wild Strike","Anger"],"picked":"SKIP","floor":12},{"not_picked":["Heavy Blade","Uppercut"],"picked":"Double Tap","floor":14},{"not_picked":["Immolate","Exhume"],"picked":"Fiend Fire","floor":16},{"not_picked":["Blood for Blood","Pommel Strike+1"],"picked":"Shrug It Off","floor":18},{"not_picked":["Sword Boomerang+1","Thunderclap"],"picked":"Dropkick","floor":19},{"not_picked":["Clash+1","Iron Wave"],"picked":"Feed","floor":21},{"not_picked":["Anger","Sword Boomerang"],"picked":"Feel No Pain","floor":24},{"not_picked":["Reckless Charge+1","Rage"],"picked":"Infernal Blade+1","floor":28},{"not_picked":["Clash","Combust+1"],"picked":"Heavy Blade+1","floor":29}],"player_experience":60837,"relics_obtained":[{"floor":8,"key":"Strawberry"},{"floor":9,"key":"Bronze Scales"},{"floor":12,"key":"Whetstone"},{"floor":14,"key":"Dream Catcher"},{"floor":24,"key":"Gremlin Horn"},{"floor":26,"key":"Bird Faced Urn"},{"floor":29,"key":"Centennial Puzzle"},{"floor":30,"key":"Blood Vial"}],"event_choices":[{"damage_healed":21,"gold_gain":0,"player_choice":"Healed","damage_taken":0,"max_hp_gain":0,"max_hp_loss":0,"event_name":"The Cleric","floor":10,"gold_loss":35},{"damage_healed":0,"gold_gain":0,"player_choice":"Bought 3 Potions","damage_taken":0,"max_hp_gain":0,"max_hp_loss":0,"event_name":"The Woman in Blue","floor":27,"gold_loss":0},{"damage_healed":0,"gold_gain":100,"player_choice":"Bet on Murderer","damage_taken":0,"max_hp_gain":0,"max_hp_loss":0,"event_name":"The Joust","floor":31,"gold_loss":50}],"is_beta":false,"boss_relics":[{"not_picked":["Lizard Tail","Eternal Feather"],"picked":"Velvet Choker"}],"items_purged_floors":[],"is_endless":false,"potions_floor_spawned":[3,4,7,14,19,28],"killed_by":"Champ","ascension_level":0}