{"gold_per_floor":[112,131,149,163,180,180,210,223,223,223],"floor_reached":10,"playtime":450,"items_purged":[],"score":133,"play_id":"49de8c33-de6e-4521-8fe2-f8489d5b704c","local_time":"20190526123625","is_ascension_mode":true,"campfire_choices":[{"data":"Defragment","floor":6.0,"key":"SMITH"}],"neow_cost":"NONE","seed_source_timestamp":327607504431487,"circlet_count":0,"master_deck":["AscendersBane","Strike_B","Strike_B","Strike_B","Defend_B","Defend_B","Defend_B","Defend_B","Zap","Dualcast","Tempest","Genetic Algorithm","Defragment+1","Tempest","Genetic Algorithm","Self Repair","BootSequence"],"special_seed":0,"relics":["Cracked Core","Dodecahedron","Pantograph"],"potions_floor_usage":[10],"damage_taken":[{"damage":0.0,"enemies":"Small Slimes","floor":1.0,"turns":3.0},{"damage":1.0,"enemies":"Cultist","floor":2.0,"turns":4.0},{"damage":11.0,"enemies":"Jaw Worm","floor":3.0,"turns":4.0},{"damage":7.0,"enemies":"2 Fungi Beasts","floor":4.0,"turns":3.0},{"damage":7.0,"enemies":"3 Louse","floor":5.0,"turns":3.0},{"damage":25.0,"enemies":"Lagavulin","floor":7.0,"turns":6.0},{"damage":0.0,"enemies":"Large Slime","floor":8.0,"turns":3.0},{"damage":36,"enemies":"3 Sentries","floor":10,"turns":5}],"seed_played":"1816894400804887449","potions_obtained":[{"floor":1.0,"key":"SteroidPotion"},{"floor":5.0,"key":"Explosive Potion"},{"floor":7.0,"key":"Dexterity Potion"}],"is_trial":false,"path_per_floor":["M","M","M","M","M","R","E","M","T","E"],"character_chosen":"DEFECT","items_purchased":[],"campfire_rested":0,"item_purchase_floors":[],"current_hp_per_floor":[64,63,52,45,38,38,20,27,27,0],"gold":223,"neow_bonus":"TRANSFORM_CARD","is_prod":false,"is_daily":false,"chose_seed":false,"campfire_upgraded":1,"win_rate":0,"timestamp":1558899385,"path_taken":["M","M","M","M","M","R","E","M","T","E"],"build_version":"2019-01-23","purchased_purges":0,"victory":false,"max_hp_per_floor":[71,71,71,71,71,71,71,71,71,71],"card_choices":[{"not_picked":["Go for the Eyes","Beam Cell"],"picked":"Genetic Algorithm","floor":1.0},{"not_picked":["Barrage","Gash"],"picked":"Defragment","floor":2.0},{"not_picked":["Streamline","Rebound"],"picked":"Tempest","floor":3.0},{"not_picked":["Ball Lightning","Cold Snap"],"picked":"Genetic Algorithm","floor":4.0},{"not_picked":["Chaos","Genetic Algorithm"],"picked":"Self Repair","floor":5.0},{"not_picked":["Rebound","Hologram","Turbo"],"picked":"SKIP","floor":7.0},{"not_picked":["Hello World","Compile Driver"],"picked":"BootSequence","floor":8.0}],"player_experience":731248,"relics_obtained":[{"floor":7.0,"key":"Dodecahedron"},{"floor":9.0,"key":"Pantograph"}],"event_choices":[],"is_beta":false,"boss_relics":[],"items_purged_floors":[],"is_endless":false,"potions_floor_spawned":[1,5,7],"killed_by":"3 Sentries","ascension_level":17}