{"gold_per_floor":[364,20,30,30,44,44,77,108,120,145,171,183,195,219,231,243],"floor_reached":16,"playtime":613,"items_purged":["Strike_B"],"score":208,"play_id":"3853128c-103d-4222-b21b-6e161ad52420","local_time":"20190607164338","is_ascension_mode":true,"campfire_choices":[{"floor":6.0,"key":"REST"},{"data":"Defragment","floor":12.0,"key":"SMITH"},{"data":"Double Energy","floor":15.0,"key":"SMITH"}],"neow_cost":"PERCENT_DAMAGE","seed_source_timestamp":1379116728344472,"circlet_count":0,"master_deck":["AscendersBane","Strike_B","Strike_B","Defend_B","Defend_B","Defend_B","Defend_B","Zap+1","Dualcast","Self Repair+1","Defragment+1","Genetic Algorithm","Go for the Eyes","Cold Snap","Double Energy+1","Cold Snap"],"special_seed":0,"relics":["Cracked Core","Membership Card","MawBank","Blood Vial"],"potions_floor_usage":[],"damage_taken":[{"damage":7.0,"enemies":"Cultist","floor":1.0,"turns":4.0},{"damage":5.0,"enemies":"Small Slimes","floor":3.0,"turns":5.0},{"damage":7.0,"enemies":"Jaw Worm","floor":5.0,"turns":3.0},{"damage":34.0,"enemies":"Lagavulin","floor":7.0,"turns":8.0},{"damage":5.0,"enemies":"Blue Slaver","floor":8.0,"turns":5.0},{"damage":1.0,"enemies":"Exordium Thugs","floor":10.0,"turns":4.0},{"damage":0.0,"enemies":"Exordium Wildlife","floor":11.0,"turns":3.0},{"damage":9.0,"enemies":"Looter","floor":14.0,"turns":3.0},{"damage":58,"enemies":"Hexaghost","floor":16,"turns":14}],"seed_played":"77605974838915590","potions_obtained":[{"floor":1.0,"key":"EssenceOfSteel"},{"floor":7.0,"key":"FearPotion"},{"floor":10.0,"key":"Fruit Juice"}],"is_trial":false,"path_per_floor":["M","$","M","?","M","R","E","M","T","M","M","R","?","M","R","B"],"character_chosen":"DEFECT","items_purchased":["Membership Card","Defragment","Genetic Algorithm"],"campfire_rested":1,"item_purchase_floors":[2,2,2],"current_hp_per_floor":[39,39,41,20,23,44,20,25,25,36,53,53,46,49,49,0],"gold":243,"neow_bonus":"TWO_FIFTY_GOLD","is_prod":false,"is_daily":false,"chose_seed":false,"campfire_upgraded":2,"win_rate":0,"timestamp":1559951018,"path_taken":["M","$","M","?","M","R","E","M","T","M","M","R","?","?","R","BOSS"],"build_version":"2019-01-23","purchased_purges":1,"victory":false,"max_hp_per_floor":[71,71,71,71,71,71,71,71,71,71,76,76,76,76,76,76],"card_choices":[{"not_picked":["Go for the Eyes","Rip and Tear"],"picked":"Self Repair","floor":1.0},{"not_picked":["Barrage","Beam Cell"],"picked":"Go for the Eyes","floor":3.0},{"not_picked":["Static Discharge","Reprogram","Melter"],"picked":"SKIP","floor":5.0},{"not_picked":["Redo","Sweeping Beam","Recycle"],"picked":"SKIP","floor":7.0},{"not_picked":["Conserve Battery","Undo"],"picked":"Cold Snap","floor":8.0},{"not_picked":["Barrage","Compile Driver","Streamline"],"picked":"SKIP","floor":10.0},{"not_picked":["Hologram","Stack"],"picked":"Double Energy","floor":11.0},{"not_picked":["Force Field","Sweeping Beam"],"picked":"Cold Snap","floor":14.0}],"player_experience":839714,"relics_obtained":[{"floor":7.0,"key":"MawBank"},{"floor":9.0,"key":"Blood Vial"}],"event_choices":[{"damage_healed":0.0,"max_hp_gain":0.0,"max_hp_loss":0.0,"gold_gain":0.0,"event_name":"Shining Light","player_choice":"Entered Light","floor":4.0,"gold_loss":0.0,"damage_taken":21.0,"cards_upgraded":["Zap","Self Repair"]},{"cards_removed":["Strike_B"],"damage_healed":0.0,"max_hp_gain":0.0,"max_hp_loss":0.0,"gold_gain":0.0,"event_name":"Golden Wing","player_choice":"Card Removal","floor":13.0,"gold_loss":0.0,"damage_taken":7.0}],"is_beta":false,"boss_relics":[],"items_purged_floors":[2],"is_endless":false,"potions_floor_spawned":[1,7,10],"killed_by":"Hexaghost","ascension_level":20}