{"gold_per_floor":[119,129,129,144,159,202,172,172,219,244,244,260,300,22,22,153,153,166,189,189,202,301,301,301,301,353,365,365,381,395,11,11,106,106,126,126,4,20,20,55,72,72],"floor_reached":42,"playtime":2243,"items_purged":["Strike_G+1","Strike_G+1"],"score":465,"play_id":"3ff31d08-3830-4a91-9400-cd184beea424","local_time":"20181204205506","is_ascension_mode":false,"campfire_choices":[{"data":"Noxious Fumes","floor":8,"key":"SMITH"},{"floor":11,"key":"REST"},{"floor":15,"key":"REST"},{"floor":23,"key":"RECALL"},{"floor":25,"key":"REST"},{"data":"Neutralize","floor":32,"key":"SMITH"}],"neow_cost":"NONE","seed_source_timestamp":667490497520,"circlet_count":0,"master_deck":["Defend_G+1","Defend_G+1","Defend_G+1","Defend_G+1","Defend_G+1","Strike_G+1","Survivor","Neutralize+1","Backflip","Noxious Fumes+1","Bane","PiercingWail","Blur","Acrobatics","Leg Sweep","Noxious Fumes","Deadly Poison","Crippling Poison","Outmaneuver+1","Dodge and Roll","Choke","Caltrops","Tools of the Trade+1","Catalyst","Deadly Poison","Well Laid Plans+1"],"relics":["Ring of the Snake","Bag of Marbles","Bloody Idol","Blue Candle","Omamori","Paper Crane","White Beast Statue","Bag of Preparation","Frozen Egg 2","Orrery","MawBank","Molten Egg 2"],"potions_floor_usage":[6,6,13,13,19,21,21,29,29,30,33,33,35,40,41,42],"damage_taken":[{"damage":4,"enemies":"Small Slimes","floor":1,"turns":3},{"damage":0,"enemies":"Jaw Worm","floor":2,"turns":7},{"damage":4,"enemies":"2 Louse","floor":4,"turns":4},{"damage":6,"enemies":"2 Fungi Beasts","floor":5,"turns":4},{"damage":20,"enemies":"Lagavulin","floor":6,"turns":8},{"damage":2,"enemies":"Looter","floor":7,"turns":4},{"damage":6,"enemies":"Exordium Thugs","floor":10,"turns":5},{"damage":5,"enemies":"2 Fungi Beasts","floor":12,"turns":4},{"damage":0,"enemies":"3 Sentries","floor":13,"turns":7},{"damage":14,"enemies":"Slime Boss","floor":16,"turns":12},{"damage":15,"enemies":"Spheric Guardian","floor":18,"turns":6},{"damage":4,"enemies":"3 Byrds","floor":19,"turns":5},{"damage":30,"enemies":"Sentry and Sphere","floor":21,"turns":6},{"damage":10,"enemies":"3 Cultists","floor":27,"turns":5},{"damage":11,"enemies":"Cultist and Chosen","floor":29,"turns":7},{"damage":0,"enemies":"Sentry and Sphere","floor":30,"turns":5},{"damage":11,"enemies":"Automaton","floor":33,"turns":13},{"damage":7,"enemies":"3 Darklings","floor":35,"turns":7},{"damage":5,"enemies":"3 Shapes","floor":38,"turns":6},{"damage":28,"enemies":"Nemesis","floor":40,"turns":8},{"damage":26,"enemies":"Writhing Mass","floor":41,"turns":7},{"damage":29,"enemies":"Reptomancer","floor":42,"turns":3}],"seed_played":"5920682211493769153","potions_obtained":[{"floor":2,"key":"FearPotion"},{"floor":5,"key":"PowerPotion"},{"floor":6,"key":"Block Potion"},{"floor":12,"key":"Block Potion"},{"floor":13,"key":"LiquidBronze"},{"floor":18,"key":"Fire Potion"},{"floor":19,"key":"GamblersBrew"},{"floor":21,"key":"AttackPotion"},{"floor":27,"key":"Weak Potion"},{"floor":29,"key":"Block Potion"},{"floor":30,"key":"Ancient Potion"},{"floor":33,"key":"GhostInAJar"},{"floor":35,"key":"Block Potion"},{"floor":38,"key":"Weak Potion"},{"floor":40,"key":"Fruit Juice"},{"floor":41,"key":"FearPotion"}],"is_trial":false,"path_per_floor":["M","M","?","M","M","E","M","R","T","M","R","M","E","$","R","B",null,"M","M","?","M","?","R","?","R","T","M","?","M","M","$","R","B",null,"M","?","$","M","?","E","M","E"],"character_chosen":"THE_SILENT","items_purchased":["Noxious Fumes","Paper Crane","Frozen Egg 2","Dexterity Potion","Well Laid Plans+1"],"campfire_rested":3,"item_purchase_floors":[14,14,31,31,37],"current_hp_per_floor":[66,66,65,61,55,35,33,33,33,27,46,41,41,41,60,46,65,50,46,46,21,26,26,26,45,50,45,45,39,44,44,44,38,65,63,63,65,65,65,42,26,0],"gold":72,"neow_bonus":"RANDOM_COMMON_RELIC","is_prod":false,"is_daily":false,"chose_seed":false,"campfire_upgraded":2,"win_rate":0,"timestamp":1543953306,"path_taken":["M","M","?","M","M","E","M","R","T","M","R","M","E","$","R","BOSS","M","M","?","M","?","R","?","R","T","M","?","M","M","$","R","BOSS","M","?","?","?","?","E","M","E"],"build_version":"2018-12-4","purchased_purges":2,"victory":false,"max_hp_per_floor":[70,70,65,65,65,65,65,65,65,65,65,65,65,65,65,65,65,65,65,65,65,65,65,65,65,65,65,65,65,65,65,65,65,65,65,65,65,65,65,65,70,70],"card_choices":[{"not_picked":["Deadly Poison","Bouncing Flask"],"picked":"Backflip","floor":1},{"not_picked":["Bane","Backstab"],"picked":"Noxious Fumes","floor":2},{"not_picked":["Backflip","Deflect"],"picked":"Bane","floor":4},{"not_picked":["Quick Slash","Slice","Masterful Stab"],"picked":"SKIP","floor":5},{"not_picked":["Blade Dance","Heel Hook"],"picked":"PiercingWail","floor":6},{"not_picked":["Dodge and Roll","Eviscerate"],"picked":"Blur","floor":7},{"not_picked":["Masterful Stab","Wraith Form v2","Expertise"],"picked":"SKIP","floor":10},{"not_picked":["Deflect","Cloak And Dagger"],"picked":"Acrobatics","floor":12},{"not_picked":["Masterful Stab","Dagger Throw"],"picked":"Leg Sweep","floor":13},{"not_picked":["Underhanded Strike","Poisoned Stab"],"picked":"Deadly Poison","floor":18},{"not_picked":["Noxious Fumes","Blade Dance","Poisoned Stab"],"picked":"SKIP","floor":19},{"not_picked":["Expertise+1","Underhanded Strike"],"picked":"Crippling Poison","floor":21},{"not_picked":["Prepared","Dagger Spray+1"],"picked":"Outmaneuver+1","floor":27},{"not_picked":["Deflect","Doppelganger"],"picked":"Caltrops","floor":29},{"not_picked":["Bane","Quick Slash+1","Outmaneuver"],"picked":"SKIP","floor":30},{"not_picked":["Grand Finale","Die Die Die"],"picked":"Tools of the Trade+1","floor":33},{"not_picked":["Dagger Throw","Crippling Poison"],"picked":"Catalyst","floor":34},{"not_picked":["Poisoned Stab","Quick Slash"],"picked":"Deadly Poison","floor":34},{"not_picked":["Acrobatics+1","Underhanded Strike+1","Outmaneuver+1"],"picked":"SKIP","floor":35},{"not_picked":["Dagger Spray","Catalyst","Dagger Throw+1"],"picked":"SKIP","floor":38},{"not_picked":["Doppelganger","Acrobatics+1","Cloak And Dagger"],"picked":"SKIP","floor":40},{"not_picked":["Flying Knee+1","Crippling Poison+1","Deflect"],"picked":"SKIP","floor":41}],"player_experience":267493,"relics_obtained":[{"floor":6,"key":"Blue Candle"},{"floor":13,"key":"Omamori"},{"floor":26,"key":"Bag of Preparation"},{"floor":40,"key":"Molten Egg 2"}],"event_choices":[{"damage_healed":0,"gold_gain":0,"player_choice":"Lose Max HP","damage_taken":0,"relics_obtained":["Golden Idol"],"max_hp_gain":0,"max_hp_loss":5,"event_name":"Golden Idol","floor":3,"gold_loss":0},{"damage_healed":0,"gold_gain":0,"player_choice":"Gave Idol","damage_taken":0,"relics_obtained":["Bloody Idol"],"max_hp_gain":0,"max_hp_loss":0,"event_name":"Forgotten Altar","floor":20,"relics_lost":["Golden Idol"],"gold_loss":0},{"damage_healed":0,"gold_gain":99,"player_choice":"Stole From Cult","damage_taken":0,"max_hp_gain":0,"max_hp_loss":0,"event_name":"Nest","floor":22,"gold_loss":0},{"damage_healed":0,"gold_gain":0,"player_choice":"Simplicity","damage_taken":0,"max_hp_gain":0,"max_hp_loss":0,"event_name":"Back to Basics","floor":24,"gold_loss":0,"cards_upgraded":["Defend_G","Defend_G","Defend_G","Defend_G","Defend_G","Strike_G","Strike_G","Strike_G","Strike_G","Strike_G"]},{"damage_healed":0,"gold_gain":0,"cards_transformed":["Strike_G","Strike_G"],"player_choice":"Became Test Subject","damage_taken":0,"max_hp_gain":0,"max_hp_loss":0,"event_name":"Drug Dealer","floor":28,"gold_loss":0,"cards_obtained":["Dodge and Roll","Choke"]},{"damage_healed":0,"gold_gain":0,"player_choice":"Gave Potion","damage_taken":0,"relics_obtained":["MawBank"],"max_hp_gain":0,"max_hp_loss":0,"event_name":"WeMeetAgain","floor":36,"gold_loss":0},{"damage_healed":0,"gold_gain":0,"player_choice":"Ignored","damage_taken":0,"max_hp_gain":0,"max_hp_loss":0,"event_name":"NoteForYourself","floor":39,"gold_loss":0}],"is_beta":true,"boss_relics":[{"not_picked":["Pandora\u0027s Box","Eternal Feather"],"picked":"White Beast Statue"},{"not_picked":["WristBlade","Busted Crown"],"picked":"Orrery"}],"items_purged_floors":[31,37],"is_endless":false,"potions_floor_spawned":[2,5,6,12,13,18,19,21,27,29,30,33,35,38,40,41],"killed_by":"Reptomancer","ascension_level":0}