{"gold_per_floor":[118,118,135,155,174,174,185,185,185,203,203,203,229,247,247,346,346,329,349,366,466,466,480,505,505,528,540,540],"floor_reached":28,"playtime":3575,"items_purged":[],"score":244,"play_id":"60b6d720-de7f-4ddf-885d-d5cd8016cb3c","local_time":"20190601191336","is_ascension_mode":false,"campfire_choices":[{"floor":6,"key":"REST"},{"data":"Infinite Blades","floor":8,"key":"SMITH"},{"floor":15,"key":"REST"}],"neow_cost":"NONE","seed_source_timestamp":433976841914048,"circlet_count":0,"master_deck":["Defend_G","Defend_G","Defend_G","Defend_G","Defend_G","Strike_G","Strike_G","Strike_G","Survivor","Neutralize","Blade Dance+1","Infinite Blades+1","Escape Plan","Backstab","Prepared","Quick Slash","Unload","Backstab","After Image","Dagger Throw","Terror","Endless Agony","Blade Dance","Dodge and Roll","Crippling Poison","Quick Slash","Dagger Spray","Blade Dance+1","Expertise"],"relics":["Ring of the Snake","Bird Faced Urn","NlothsMask","Tough Bandages","Philosopher\u0027s Stone","Unceasing Top","Bottled Lightning","Sundial"],"potions_floor_usage":[24,24],"damage_taken":[{"damage":0,"enemies":"2 Louse","floor":1,"turns":4},{"damage":0,"enemies":"Cultist","floor":3,"turns":3},{"damage":0,"enemies":"Small Slimes","floor":4,"turns":3},{"damage":28,"enemies":"Exordium Thugs","floor":5,"turns":7},{"damage":0,"enemies":"Red Slaver","floor":7,"turns":3},{"damage":0,"enemies":"Looter","floor":10,"turns":3},{"damage":22,"enemies":"Lagavulin","floor":13,"turns":7},{"damage":0,"enemies":"Large Slime","floor":14,"turns":4},{"damage":29,"enemies":"Slime Boss","floor":16,"turns":13},{"damage":14,"enemies":"2 Thieves","floor":18,"turns":4},{"damage":1,"enemies":"Spheric Guardian","floor":19,"turns":4},{"damage":6,"enemies":"Shelled Parasite and Fungi","floor":20,"turns":4},{"damage":5,"enemies":"Colosseum Slavers","floor":21,"turns":5},{"damage":42,"enemies":"Colosseum Nobs","floor":21,"turns":5},{"damage":18,"enemies":"Snake Plant","floor":23,"turns":5},{"damage":5,"enemies":"Book of Stabbing","floor":24,"turns":7},{"damage":12,"enemies":"Centurion and Healer","floor":27,"turns":5},{"damage":8,"enemies":"Snecko","floor":28,"turns":2}],"seed_played":"8831124909537298383","potions_obtained":[{"floor":3,"key":"SpeedPotion"},{"floor":10,"key":"FearPotion"},{"floor":14,"key":"SpeedPotion"},{"floor":16,"key":"Block Potion"},{"floor":18,"key":"Weak Potion"},{"floor":24,"key":"LiquidBronze"}],"is_trial":false,"path_per_floor":["M","?","M","M","M","R","M","R","T","M","?","?","E","M","R","B",null,"M","M","M","?","?","M","E","?","T","M","M"],"character_chosen":"THE_SILENT","items_purchased":[],"campfire_rested":2,"item_purchase_floors":[],"current_hp_per_floor":[77,77,77,77,49,72,72,72,72,74,74,74,54,56,77,48,77,65,68,66,27,27,13,12,12,12,4,0],"gold":540,"neow_bonus":"TEN_PERCENT_HP_BONUS","is_prod":false,"is_daily":false,"chose_seed":false,"campfire_upgraded":1,"win_rate":0.0,"timestamp":1559430816,"path_taken":["M","?","M","M","M","R","?","R","T","M","?","?","E","?","R","BOSS","M","M","M","?","?","M","E","?","T","M","M"],"build_version":"2019-01-23","purchased_purges":0,"victory":false,"max_hp_per_floor":[77,77,77,77,77,77,77,77,77,77,77,77,77,77,77,77,77,77,77,77,77,77,77,77,77,77,77,77],"card_choices":[{"not_picked":["Poisoned Stab","Underhanded Strike"],"picked":"Blade Dance","floor":1},{"not_picked":["Deflect","Tactician"],"picked":"Infinite Blades","floor":3},{"not_picked":["Heel Hook","Bane"],"picked":"Escape Plan","floor":4},{"not_picked":["Sucker Punch","Bouncing Flask"],"picked":"Backstab","floor":5},{"not_picked":["Bane","Dagger Spray"],"picked":"Prepared","floor":7},{"not_picked":["Outmaneuver","Flechettes"],"picked":"Quick Slash","floor":10},{"not_picked":["Backflip","Prepared"],"picked":"Unload","floor":13},{"not_picked":["Sucker Punch","Reflex"],"picked":"Backstab","floor":14},{"not_picked":["Adrenaline","Corpse Explosion"],"picked":"After Image","floor":16},{"not_picked":["Poisoned Stab","PiercingWail"],"picked":"Dagger Throw","floor":18},{"not_picked":["Quick Slash","Poisoned Stab"],"picked":"Terror","floor":19},{"not_picked":["Distraction","Deadly Poison"],"picked":"Endless Agony","floor":20},{"not_picked":["Dagger Spray+1","Expertise"],"picked":"Blade Dance","floor":21},{"not_picked":["Outmaneuver","Blur"],"picked":"Quick Slash","floor":23},{"not_picked":["Blur","Riddle With Holes"],"picked":"Dagger Spray","floor":24},{"not_picked":["Masterful Stab","Poisoned Stab"],"picked":"Expertise","floor":27}],"player_experience":15375,"relics_obtained":[{"floor":9,"key":"Bird Faced Urn"},{"floor":13,"key":"Tough Bandages"},{"floor":21,"key":"Unceasing Top"},{"floor":21,"key":"Bottled Lightning"},{"floor":24,"key":"Sundial"}],"event_choices":[{"damage_healed":0,"gold_gain":0,"player_choice":"Forge","damage_taken":0,"max_hp_gain":0,"max_hp_loss":0,"event_name":"Accursed Blacksmith","floor":2,"gold_loss":0,"cards_upgraded":["Blade Dance"]},{"damage_healed":0,"gold_gain":0,"player_choice":"Leave","damage_taken":0,"max_hp_gain":0,"max_hp_loss":0,"event_name":"The Cleric","floor":11,"gold_loss":0},{"damage_healed":0,"gold_gain":0,"player_choice":"Trade","damage_taken":0,"relics_obtained":["NlothsMask"],"max_hp_gain":0,"max_hp_loss":0,"event_name":"FaceTrader","floor":12,"gold_loss":0},{"damage_healed":0,"gold_gain":0,"player_choice":"Fight","damage_taken":0,"max_hp_gain":0,"max_hp_loss":0,"event_name":"Colosseum","floor":21,"gold_loss":0},{"damage_healed":0,"gold_gain":0,"player_choice":"Fought Nobs","damage_taken":0,"max_hp_gain":0,"max_hp_loss":0,"event_name":"Colosseum","floor":21,"gold_loss":0},{"damage_healed":0,"gold_gain":0,"cards_transformed":["Strike_G","Strike_G"],"player_choice":"Became Test Subject","damage_taken":0,"max_hp_gain":0,"max_hp_loss":0,"event_name":"Drug Dealer","floor":22,"gold_loss":0,"cards_obtained":["Dodge and Roll","Crippling Poison"]},{"damage_healed":0,"gold_gain":0,"player_choice":"Copied","damage_taken":0,"max_hp_gain":0,"max_hp_loss":0,"event_name":"Duplicator","floor":25,"gold_loss":0,"cards_obtained":["Blade Dance"]}],"is_beta":false,"boss_relics":[{"not_picked":["Runic Pyramid","Eternal Feather"],"picked":"Philosopher\u0027s Stone"}],"items_purged_floors":[],"is_endless":false,"potions_floor_spawned":[3,10,14,16,18,20,21,23,24],"killed_by":"Snecko","ascension_level":0}