{"gold_per_floor":[112,123,68,83,8,39,39,99,126,126,143,51,51,66,66,66],"floor_reached":16,"playtime":620,"items_purged":[],"score":220,"play_id":"ab9c4444-9754-4f53-a380-a0d1e8626882","local_time":"20190515090956","is_ascension_mode":true,"campfire_choices":[{"data":"Wild Strike","floor":7.0,"key":"SMITH"},{"data":"Bash","floor":10.0,"key":"SMITH"},{"data":"Perfected Strike","floor":15.0,"key":"SMITH"}],"neow_cost":"NONE","seed_source_timestamp":2807110186076,"circlet_count":0,"master_deck":["AscendersBane","Strike_R","Strike_R","Strike_R","Strike_R","Defend_R","Defend_R+1","Defend_R","Defend_R+1","Bash+1","Flame Barrier","Wild Strike+1","Clothesline","Twin Strike","Shockwave","Bandage Up","Perfected Strike+1"],"special_seed":0,"relics":["Busted Crown","War Paint","Tiny Chest","Dream Catcher","Strawberry"],"potions_floor_usage":[],"damage_taken":[{"damage":4.0,"enemies":"Small Slimes","floor":1.0,"turns":4.0},{"damage":3.0,"enemies":"2 Louse","floor":2.0,"turns":3.0},{"damage":1.0,"enemies":"Cultist","floor":4.0,"turns":3.0},{"damage":19.0,"enemies":"Gremlin Nob","floor":6.0,"turns":4.0},{"damage":8.0,"enemies":"Lagavulin","floor":8.0,"turns":5.0},{"damage":0.0,"enemies":"3 Louse","floor":11.0,"turns":2.0},{"damage":0.0,"enemies":"Looter","floor":14.0,"turns":2.0},{"damage":19,"enemies":"Slime Boss","floor":16,"turns":5}],"seed_played":"2262143935890624339","potions_obtained":[{"floor":1.0,"key":"Poison Potion"},{"floor":4.0,"key":"EssenceOfSteel"},{"floor":11.0,"key":"LiquidBronze"}],"is_trial":false,"path_per_floor":["M","M","$","M","?","E","R","E","T","R","M","$","?","M","R","B"],"character_chosen":"IRONCLAD","items_purchased":["Wild Strike","Bandage Up"],"campfire_rested":0,"item_purchase_floors":[3,12],"current_hp_per_floor":[64,61,61,60,60,41,41,33,33,33,33,33,14,14,14,0],"gold":66,"neow_bonus":"BOSS_RELIC","is_prod":false,"is_daily":false,"chose_seed":false,"campfire_upgraded":3,"win_rate":0,"timestamp":1557904196,"path_taken":["M","M","$","M","?","E","R","E","T","R","M","$","?","M","R","BOSS"],"build_version":"2019-01-23","purchased_purges":0,"victory":false,"max_hp_per_floor":[75,75,75,75,75,75,75,75,75,75,75,75,82,82,82,82],"card_choices":[{"not_picked":[],"picked":"Flame Barrier","floor":1.0},{"not_picked":["Heavy Blade"],"picked":"SKIP","floor":2.0},{"not_picked":[],"picked":"Clothesline","floor":4.0},{"not_picked":[],"picked":"Twin Strike","floor":6.0},{"not_picked":["Clash"],"picked":"SKIP","floor":8.0},{"not_picked":["Clash"],"picked":"SKIP","floor":8.0},{"not_picked":[],"picked":"Shockwave","floor":11.0},{"not_picked":[],"picked":"Perfected Strike","floor":14.0}],"player_experience":193408,"relics_obtained":[{"floor":6.0,"key":"War Paint"},{"floor":8.0,"key":"Tiny Chest"},{"floor":9.0,"key":"Dream Catcher"}],"event_choices":[{"cards_removed":["Strike_R"],"damage_healed":0.0,"max_hp_gain":0.0,"max_hp_loss":0.0,"gold_gain":0.0,"event_name":"The Cleric","player_choice":"Card Removal","floor":5.0,"gold_loss":75.0,"damage_taken":0.0},{"damage_healed":0.0,"max_hp_gain":0.0,"max_hp_loss":0.0,"gold_gain":0.0,"event_name":"Scrap Ooze","player_choice":"Success","floor":13.0,"gold_loss":0.0,"damage_taken":26.0,"relics_obtained":["Strawberry"]}],"is_beta":false,"boss_relics":[],"items_purged_floors":[],"is_endless":false,"potions_floor_spawned":[1,4,11],"killed_by":"Slime Boss","ascension_level":20}