{"gold_per_floor":[118,268,268,285,295,327,327,359,384,349,369,369,397,397,397,471,471,485,501,501],"floor_reached":20,"playtime":2018,"items_purged":[],"score":346,"play_id":"f441fcf1-619d-4c0b-b338-f94d3af2f818","local_time":"20190522222849","is_ascension_mode":true,"campfire_choices":[{"floor":7.0,"key":"REST"},{"floor":12.0,"key":"REST"},{"floor":15.0,"key":"REST"}],"neow_cost":"NONE","seed_source_timestamp":618576879674432,"circlet_count":0,"master_deck":["AscendersBane","Defend_G","Defend_G","Defend_G","Defend_G","Defend_G","Strike_G","Strike_G","Strike_G","Strike_G","Strike_G","Survivor","Neutralize","Sucker Punch","Expertise","Noxious Fumes","Heel Hook","Night Terror","PiercingWail","Phantasmal Killer","Sucker Punch","Well Laid Plans","Neutralize","A Thousand Cuts","Bullet Time","Deadly Poison","Choke"],"special_seed":0,"relics":["Fusion Hammer","Smiling Mask","Ancient Tea Set","Lantern","Bag of Preparation","Busted Crown"],"potions_floor_usage":[19],"damage_taken":[{"damage":5.0,"enemies":"Jaw Worm","floor":1.0,"turns":4.0},{"damage":1.0,"enemies":"2 Louse","floor":4.0,"turns":3.0},{"damage":0.0,"enemies":"Small Slimes","floor":5.0,"turns":3.0},{"damage":23.0,"enemies":"3 Sentries","floor":6.0,"turns":9.0},{"damage":34.0,"enemies":"Lagavulin","floor":8.0,"turns":8.0},{"damage":13.0,"enemies":"Gremlin Gang","floor":11.0,"turns":6.0},{"damage":21.0,"enemies":"Gremlin Nob","floor":13.0,"turns":4.0},{"damage":33.0,"enemies":"Hexaghost","floor":16.0,"turns":11.0},{"damage":20.0,"enemies":"2 Thieves","floor":18.0,"turns":5.0},{"damage":29,"enemies":"Shell Parasite","floor":19,"turns":8},{"damage":41,"enemies":"Cultist and Chosen","floor":20,"turns":6}],"seed_played":"-6811975698724561448","potions_obtained":[{"floor":4.0,"key":"EssenceOfSteel"},{"floor":5.0,"key":"Energy Potion"},{"floor":11.0,"key":"Strength Potion"},{"floor":13.0,"key":"FairyPotion"},{"floor":18.0,"key":"GamblersBrew"}],"is_trial":false,"path_per_floor":["M","?","?","M","M","E","R","E","T","?","M","R","E","?","R","B",null,"M","M","M"],"character_chosen":"THE_SILENT","items_purchased":[],"campfire_rested":3,"item_purchase_floors":[],"current_hp_per_floor":[54,54,54,53,53,30,49,15,15,31,18,37,16,16,35,2,50,30,1,0],"gold":501,"neow_bonus":"BOSS_RELIC","is_prod":false,"is_daily":false,"chose_seed":false,"campfire_upgraded":0,"win_rate":0,"timestamp":1558531729,"path_taken":["M","?","?","M","M","E","R","E","T","?","M","R","E","?","R","BOSS","M","?","M"],"build_version":"2019-01-23","purchased_purges":0,"victory":false,"max_hp_per_floor":[66,66,66,66,66,66,66,66,66,66,66,66,66,66,66,66,66,66,66,66],"card_choices":[{"not_picked":["Dodge and Roll","Blade Dance"],"picked":"Sucker Punch","floor":1.0},{"not_picked":["Quick Slash","Dodge and Roll"],"picked":"Expertise","floor":4.0},{"not_picked":["Backflip","Blade Dance"],"picked":"Noxious Fumes","floor":5.0},{"not_picked":["Finisher","Dagger Throw"],"picked":"Heel Hook","floor":6.0},{"not_picked":["Reflex","Cloak And Dagger"],"picked":"Night Terror","floor":8.0},{"not_picked":["Flying Knee","Outmaneuver"],"picked":"PiercingWail","floor":11.0},{"not_picked":["Dagger Throw","Quick Slash"],"picked":"Phantasmal Killer","floor":13.0},{"not_picked":["Phantasmal Killer","Grand Finale"],"picked":"Bullet Time","floor":16.0},{"not_picked":[],"picked":"Deadly Poison","floor":18.0},{"not_picked":[],"picked":"Choke","floor":19}],"player_experience":1104624,"relics_obtained":[{"floor":6.0,"key":"Smiling Mask"},{"floor":8.0,"key":"Ancient Tea Set"},{"floor":9.0,"key":"Lantern"},{"floor":13.0,"key":"Bag of Preparation"}],"event_choices":[{"damage_healed":0.0,"max_hp_gain":0.0,"max_hp_loss":0.0,"gold_gain":150.0,"event_name":"Liars Game","player_choice":"AGREE","floor":2.0,"gold_loss":0.0,"damage_taken":0.0,"cards_obtained":["Doubt"]},{"cards_removed":["Doubt"],"damage_healed":0.0,"max_hp_gain":0.0,"max_hp_loss":0.0,"gold_gain":0.0,"event_name":"Living Wall","player_choice":"Forget","floor":3.0,"gold_loss":0.0,"damage_taken":0.0},{"damage_healed":16.0,"max_hp_gain":0.0,"max_hp_loss":0.0,"gold_gain":0.0,"event_name":"The Cleric","player_choice":"Healed","floor":10.0,"gold_loss":35.0,"damage_taken":0.0},{"damage_healed":0.0,"max_hp_gain":0.0,"max_hp_loss":0.0,"gold_gain":0.0,"event_name":"Match and Keep!","player_choice":"4 cards matched","floor":14.0,"gold_loss":0.0,"damage_taken":0.0,"cards_obtained":["Sucker Punch","Well Laid Plans","Neutralize","A Thousand Cuts"]}],"is_beta":false,"boss_relics":[{"not_picked":["Sozu","Eternal Feather"],"picked":"Busted Crown"}],"items_purged_floors":[],"is_endless":false,"potions_floor_spawned":[4,5,11,13,18],"killed_by":"Cultist and Chosen","ascension_level":16}