{"gold_per_floor":[115,115,115,135,135,160,175,209,209,9,9,28,57,67,67,67],"floor_reached":16,"playtime":496,"items_purged":[],"score":232,"play_id":"60a9cdac-123c-4df2-9223-ad2b12bf6c99","local_time":"20190606061702","is_ascension_mode":true,"campfire_choices":[{"floor":11.0,"key":"REST"},{"floor":15.0,"key":"REST"}],"neow_cost":"NONE","seed_source_timestamp":177956889767000,"circlet_count":0,"master_deck":["AscendersBane","Defend_G+1","Defend_G","Defend_G","Defend_G+1","Defend_G","Strike_G","Strike_G","Strike_G","Strike_G","Survivor","Neutralize","Sucker Punch","Dagger Spray","Quick Slash","Catalyst","Adrenaline","Backflip"],"special_seed":0,"relics":["Ring of the Snake","NeowsBlessing","Bottled Lightning","Girya","Blue Candle","Turnip","TwistedFunnel","Matryoshka"],"potions_floor_usage":[16],"damage_taken":[{"damage":0.0,"enemies":"2 Louse","floor":1.0,"turns":1.0},{"damage":0.0,"enemies":"Jaw Worm","floor":4.0,"turns":1.0},{"damage":0.0,"enemies":"Lagavulin","floor":6.0,"turns":1.0},{"damage":0.0,"enemies":"Cultist","floor":7.0,"turns":4.0},{"damage":40.0,"enemies":"Gremlin Nob","floor":8.0,"turns":6.0},{"damage":5.0,"enemies":"Exordium Thugs","floor":12.0,"turns":5.0},{"damage":4.0,"enemies":"Lagavulin","floor":13.0,"turns":5.0},{"damage":8.0,"enemies":"Large Slime","floor":14.0,"turns":8.0},{"damage":31,"enemies":"Slime Boss","floor":16,"turns":6}],"seed_played":"6348898442178588473","potions_obtained":[{"floor":6.0,"key":"Weak Potion"},{"floor":8.0,"key":"Strength Potion"},{"floor":12.0,"key":"SteroidPotion"},{"floor":14.0,"key":"SkillPotion"}],"is_trial":false,"path_per_floor":["M","?","?","M","T","E","M","E","T","$","R","M","E","M","R","B"],"character_chosen":"THE_SILENT","items_purchased":["TwistedFunnel"],"campfire_rested":2,"item_purchase_floors":[10],"current_hp_per_floor":[63,49,42,42,42,42,42,2,2,2,23,18,14,6,27,0],"gold":67,"neow_bonus":"THREE_ENEMY_KILL","is_prod":false,"is_daily":false,"chose_seed":false,"campfire_upgraded":0,"win_rate":0,"timestamp":1559827022,"path_taken":["M","?","?","M","?","E","?","E","T","$","R","M","E","M","R","BOSS"],"build_version":"2019-01-23","purchased_purges":0,"victory":false,"max_hp_per_floor":[70,70,70,70,70,70,70,70,70,70,70,70,70,70,70,70],"card_choices":[{"not_picked":["Underhanded Strike","Dagger Throw","Acrobatics"],"picked":"SKIP","floor":1.0},{"not_picked":["Underhanded Strike","Eviscerate"],"picked":"Sucker Punch","floor":4.0},{"not_picked":["Endless Agony","Sucker Punch"],"picked":"Dagger Spray","floor":6.0},{"not_picked":["Concentrate","Finisher"],"picked":"Quick Slash","floor":7.0},{"not_picked":["Phantasmal Killer","Outmaneuver"],"picked":"Catalyst","floor":8.0},{"not_picked":["Concentrate","Underhanded Strike","Eviscerate"],"picked":"SKIP","floor":12.0},{"not_picked":["Caltrops","Deflect"],"picked":"Adrenaline","floor":13.0},{"not_picked":["Outmaneuver","All Out Attack"],"picked":"Backflip","floor":14.0}],"player_experience":338415,"relics_obtained":[{"floor":5.0,"key":"Bottled Lightning"},{"floor":6.0,"key":"Girya"},{"floor":8.0,"key":"Blue Candle"},{"floor":9.0,"key":"Turnip"},{"floor":13.0,"key":"Matryoshka"}],"event_choices":[{"damage_healed":0.0,"max_hp_gain":0.0,"max_hp_loss":0.0,"gold_gain":0.0,"event_name":"Shining Light","player_choice":"Entered Light","floor":2.0,"gold_loss":0.0,"damage_taken":14.0,"cards_upgraded":["Defend_G","Defend_G"]},{"cards_removed":["Strike_G"],"damage_healed":0.0,"max_hp_gain":0.0,"max_hp_loss":0.0,"gold_gain":0.0,"event_name":"Golden Wing","player_choice":"Card Removal","floor":3.0,"gold_loss":0.0,"damage_taken":7.0}],"is_beta":false,"boss_relics":[],"items_purged_floors":[],"is_endless":false,"potions_floor_spawned":[6,8,12,14],"killed_by":"Slime Boss","ascension_level":12}