{"gold_per_floor":[111,122,122,122,87,87,103,103,126,137,150,181,181,31,31,109,109,125,125,125,136,136,136,136,136,136,136,61,87,17,37,37,108,108,128,44,319,74,3,3,30,30,30,130,130,164,164,175,175,175,175,175,21,21],"floor_reached":54,"playtime":2746,"items_purged":["Regret","Regret"],"score":1286,"play_id":"d0299321-cdaa-4e67-b371-aca5eeabdc76","local_time":"20190517185432","is_ascension_mode":true,"campfire_choices":[{"data":"Neutralize","floor":6,"key":"SMITH"},{"data":"Crippling Poison","floor":8,"key":"SMITH"},{"data":"Noxious Fumes","floor":15,"key":"SMITH"},{"data":"Footwork","floor":23,"key":"SMITH"},{"data":"Catalyst","floor":25,"key":"SMITH"},{"data":"Dash","floor":27,"key":"SMITH"},{"data":"Cloak And Dagger","floor":32,"key":"SMITH"},{"floor":40,"key":"RECALL"},{"data":"Malaise","floor":42,"key":"SMITH"},{"data":"Cloak And Dagger","floor":45,"key":"SMITH"},{"data":"Night Terror","floor":49,"key":"SMITH"},{"data":"Blur","floor":52,"key":"SMITH"}],"neow_cost":"NONE","seed_source_timestamp":3179877484300764,"circlet_count":0,"master_deck":["AscendersBane","Defend_G","Defend_G","Defend_G","Defend_G","Defend_G","Strike_G","Strike_G","Survivor","Neutralize+1","Deadly Poison","Backflip","Crippling Poison+1","Footwork+1","Catalyst+1","Dash+1","Noxious Fumes+1","Die Die Die","Deadly Poison","RitualDagger","Dodge and Roll","Blur+1","Cloak And Dagger+1","Night Terror+1","Catalyst+1","Caltrops","Cloak And Dagger+1","Malaise+1","Infinite Blades","Blur","Backflip+1","Catalyst+1","Backflip+1","Bouncing Flask+1"],"relics":["Coffee Dripper","Juzu Bracelet","Boot","Tough Bandages","Vajra","Empty Cage","CultistMask","Kunai","Snake Skull","Eternal Feather","Toxic Egg 2","FossilizedHelix","Ornamental Fan"],"potions_floor_usage":[12,16,33,41,44,46,50,54],"damage_taken":[{"damage":3,"enemies":"2 Louse","floor":1,"turns":3},{"damage":7,"enemies":"Small Slimes","floor":2,"turns":4},{"damage":0,"enemies":"Cultist","floor":7,"turns":4},{"damage":1,"enemies":"Looter","floor":10,"turns":3},{"damage":2,"enemies":"Lots of Slimes","floor":11,"turns":2},{"damage":11,"enemies":"Gremlin Nob","floor":12,"turns":4},{"damage":0,"enemies":"The Guardian","floor":16,"turns":9},{"damage":20,"enemies":"2 Thieves","floor":18,"turns":4},{"damage":1,"enemies":"3 Byrds","floor":21,"turns":4},{"damage":11,"enemies":"Snecko","floor":31,"turns":4},{"damage":21,"enemies":"Champ","floor":33,"turns":12},{"damage":30,"enemies":"3 Darklings","floor":35,"turns":5},{"damage":19,"enemies":"Nemesis","floor":41,"turns":6},{"damage":8,"enemies":"Mind Bloom Boss Battle","floor":44,"turns":5},{"damage":8,"enemies":"Giant Head","floor":46,"turns":11},{"damage":0,"enemies":"Orb Walker","floor":48,"turns":3},{"damage":27,"enemies":"Donu and Deca","floor":50,"turns":10},{"damage":73,"enemies":"Shield and Spear","floor":54,"turns":3}],"seed_played":"-3115557703526013","potions_obtained":[{"floor":1,"key":"AttackPotion"},{"floor":7,"key":"AttackPotion"},{"floor":10,"key":"SteroidPotion"},{"floor":18,"key":"Swift Potion"},{"floor":33,"key":"Dexterity Potion"},{"floor":35,"key":"Poison Potion"},{"floor":41,"key":"Weak Potion"},{"floor":46,"key":"Weak Potion"}],"is_trial":false,"path_per_floor":["M","M","?","?","?","R","M","R","T","M","M","E","?","$","R","B",null,"M","?","?","M","?","R","?","R","T","R","?","T","$","M","R","B",null,"M","$","?","$","$","R","E","R","T","?","R","E","?","M","R","B",null,"R","$","E"],"character_chosen":"THE_SILENT","items_purchased":["Noxious Fumes","Blur","Caltrops","Cloak And Dagger","Malaise","Infinite Blades","Blur","Bouncing Flask+1","Regen Potion","Strength Potion"],"campfire_rested":0,"item_purchase_floors":[14,30,36,36,38,38,39,53,53,53],"current_hp_per_floor":[56,49,42,42,58,58,58,58,58,57,55,44,44,44,44,44,61,41,41,35,34,34,34,34,34,34,34,34,34,34,23,23,2,50,20,20,20,20,20,38,19,37,37,29,47,39,39,39,57,30,57,66,66,0],"gold":21,"neow_bonus":"BOSS_RELIC","is_prod":false,"is_daily":false,"chose_seed":false,"campfire_upgraded":11,"win_rate":0,"timestamp":1558144472,"path_taken":["M","M","?","?","?","R","M","R","T","M","M","E","?","$","R","BOSS","M","?","?","M","?","R","?","R","T","R","?","?","$","M","R","BOSS","M","$","?","?","$","R","E","R","T","?","R","E","?","M","R","BOSS","R","$","E"],"build_version":"2019-01-23","purchased_purges":2,"victory":false,"max_hp_per_floor":[66,66,66,66,66,66,66,66,66,66,66,66,66,66,66,66,66,66,66,66,66,66,66,66,66,66,66,66,66,66,66,66,66,66,66,66,66,66,66,66,66,66,66,66,66,66,66,66,66,66,66,66,66,66],"card_choices":[{"not_picked":["Sucker Punch","Acrobatics"],"picked":"Deadly Poison","floor":1},{"not_picked":["Cloak And Dagger","Expertise"],"picked":"Backflip","floor":2},{"not_picked":["Setup","Quick Slash"],"picked":"Crippling Poison","floor":7},{"not_picked":["Acrobatics","Cloak And Dagger"],"picked":"Footwork","floor":10},{"not_picked":["Dagger Throw","Reflex"],"picked":"Catalyst","floor":11},{"not_picked":["Deflect","Flying Knee"],"picked":"Dash","floor":12},{"not_picked":["Wraith Form v2","A Thousand Cuts"],"picked":"Die Die Die","floor":16},{"not_picked":["Cloak And Dagger","Endless Agony"],"picked":"Deadly Poison","floor":18},{"not_picked":["Dagger Spray+1","Slice"],"picked":"Dodge and Roll","floor":21},{"not_picked":["Cloak And Dagger","Dodge and Roll","Flying Knee"],"picked":"SKIP","floor":31},{"not_picked":["Dodge and Roll","Flying Knee"],"picked":"Cloak And Dagger","floor":31},{"not_picked":["Glass Knife","A Thousand Cuts"],"picked":"Night Terror","floor":33},{"not_picked":["Crippling Poison","Predator+1"],"picked":"Catalyst+1","floor":35},{"not_picked":["Eviscerate","All Out Attack","Flechettes"],"picked":"SKIP","floor":41},{"not_picked":["Well Laid Plans","Backstab"],"picked":"Backflip+1","floor":44},{"not_picked":["Slice","Setup+1"],"picked":"Catalyst+1","floor":46},{"not_picked":["Quick Slash","Slice"],"picked":"Backflip+1","floor":48}],"player_experience":636345,"relics_obtained":[{"floor":9,"key":"Boot"},{"floor":12,"key":"Tough Bandages"},{"floor":26,"key":"Kunai"},{"floor":29,"key":"Snake Skull"},{"floor":41,"key":"Toxic Egg 2"},{"floor":44,"key":"FossilizedHelix"},{"floor":46,"key":"Ornamental Fan"}],"event_choices":[{"cards_removed":["Strike_G"],"damage_healed":0,"gold_gain":0,"player_choice":"Card Removal","damage_taken":7,"max_hp_gain":0,"max_hp_loss":0,"event_name":"Golden Wing","floor":3,"gold_loss":0},{"damage_healed":0,"gold_gain":0,"player_choice":"Gave Potion","damage_taken":0,"relics_obtained":["Juzu Bracelet"],"max_hp_gain":0,"max_hp_loss":0,"event_name":"WeMeetAgain","floor":4,"gold_loss":0},{"damage_healed":16,"gold_gain":0,"player_choice":"Healed","damage_taken":0,"max_hp_gain":0,"max_hp_loss":0,"event_name":"The Cleric","floor":5,"gold_loss":35},{"damage_healed":0,"gold_gain":0,"player_choice":"Box","damage_taken":0,"relics_obtained":["Vajra"],"max_hp_gain":0,"max_hp_loss":0,"event_name":"Big Fish","floor":13,"gold_loss":0,"cards_obtained":["Regret"]},{"damage_healed":0,"gold_gain":0,"player_choice":"Trade","damage_taken":0,"relics_obtained":["CultistMask"],"max_hp_gain":0,"max_hp_loss":0,"event_name":"FaceTrader","floor":19,"gold_loss":0},{"damage_healed":0,"gold_gain":0,"player_choice":"Joined the Cult","damage_taken":6,"max_hp_gain":0,"max_hp_loss":0,"event_name":"Nest","floor":20,"gold_loss":0,"cards_obtained":["RitualDagger"]},{"damage_healed":0,"gold_gain":0,"player_choice":"Smashed Altar","damage_taken":0,"max_hp_gain":0,"max_hp_loss":0,"event_name":"Forgotten Altar","floor":22,"gold_loss":0,"cards_obtained":["Decay"]},{"damage_healed":0,"gold_gain":0,"player_choice":"Ignored","damage_taken":0,"max_hp_gain":0,"max_hp_loss":0,"event_name":"Ghosts","floor":24,"gold_loss":0},{"cards_removed":["Decay"],"damage_healed":0,"gold_gain":0,"player_choice":"Gave Gold","damage_taken":0,"max_hp_gain":0,"max_hp_loss":0,"event_name":"Beggar","floor":28,"gold_loss":75},{"damage_healed":0,"gold_gain":275,"player_choice":"Desecrate","damage_taken":0,"max_hp_gain":0,"max_hp_loss":0,"event_name":"Golden Shrine","floor":37,"gold_loss":0,"cards_obtained":["Regret"]},{"damage_healed":0,"gold_gain":0,"player_choice":"Fight","damage_taken":0,"max_hp_gain":0,"max_hp_loss":0,"event_name":"MindBloom","floor":44,"gold_loss":0},{"damage_healed":0,"gold_gain":0,"player_choice":"Ignored","damage_taken":0,"max_hp_gain":0,"max_hp_loss":0,"event_name":"SecretPortal","floor":47,"gold_loss":0}],"is_beta":false,"boss_relics":[{"not_picked":["Velvet Choker","Fusion Hammer"],"picked":"Empty Cage"},{"not_picked":["Pandora\u0027s Box","HoveringKite"],"picked":"Eternal Feather"}],"items_purged_floors":[14,38],"is_endless":false,"potions_floor_spawned":[1,7,10,18,33,35,41,46],"killed_by":"Shield and Spear","ascension_level":15}