{"gold_per_floor":[115,79,99,174,194,194,224,224,224,240,10,30,44,61,61,157,157,177,0,0,0,0,0,19,32,57,57,73,86,104,122,122,122],"floor_reached":33,"playtime":2104,"items_purged":[],"score":441,"play_id":"cc728dbb-1855-4317-bb80-eb58339dca50","local_time":"20190530181325","is_ascension_mode":true,"campfire_choices":[{"data":"Footwork","floor":6.0,"key":"SMITH"},{"data":"Madness","floor":8.0,"key":"SMITH"},{"floor":15.0,"key":"REST"},{"floor":23.0,"key":"REST"},{"floor":27.0,"key":"REST"},{"floor":32,"key":"REST"}],"neow_cost":"TEN_PERCENT_HP_LOSS","seed_source_timestamp":0,"circlet_count":0,"master_deck":["Defend_G","Defend_G","Defend_G","Defend_G","Defend_G","Strike_G","Strike_G","Strike_G","Strike_G","Strike_G","Survivor","Neutralize","Trip","Madness+1","Blur","Footwork+1","Flying Knee","Deflect","Dagger Throw","Deflect","The Bomb","Poisoned Stab","Well Laid Plans","Bane","Deflect+1","Deadly Poison","Well Laid Plans+1","Sucker Punch+1","Backflip","Poisoned Stab+1","Noxious Fumes"],"special_seed":0,"relics":["Ring of the Serpent","Torii","Calipers","Bird Faced Urn","Potion Belt"],"potions_floor_usage":[29,30,33],"damage_taken":[{"damage":2.0,"enemies":"Jaw Worm","floor":1.0,"turns":4.0},{"damage":1.0,"enemies":"Cultist","floor":3.0,"turns":5.0},{"damage":3.0,"enemies":"Small Slimes","floor":5.0,"turns":3.0},{"damage":13.0,"enemies":"Lagavulin","floor":7.0,"turns":9.0},{"damage":0.0,"enemies":"Exordium Wildlife","floor":10.0,"turns":3.0},{"damage":0.0,"enemies":"Blue Slaver","floor":12.0,"turns":4.0},{"damage":1.0,"enemies":"2 Fungi Beasts","floor":13.0,"turns":5.0},{"damage":14.0,"enemies":"Lots of Slimes","floor":14.0,"turns":5.0},{"damage":13.0,"enemies":"Hexaghost","floor":16.0,"turns":9.0},{"damage":3.0,"enemies":"Spheric Guardian","floor":18.0,"turns":6.0},{"damage":16.0,"enemies":"Colosseum Slavers","floor":20.0,"turns":7.0},{"damage":13.0,"enemies":"3 Byrds","floor":24.0,"turns":5.0},{"damage":22.0,"enemies":"Centurion and Healer","floor":25.0,"turns":8.0},{"damage":31.0,"enemies":"Cultist and Chosen","floor":28.0,"turns":6.0},{"damage":20,"enemies":"Snake Plant","floor":29,"turns":5},{"damage":0,"enemies":"Centurion and Healer","floor":30,"turns":8},{"damage":0,"enemies":"3 Cultists","floor":31,"turns":4},{"damage":51,"enemies":"Collector","floor":33,"turns":8}],"seed_played":"3316980905226873382","potions_obtained":[{"floor":1.0,"key":"FairyPotion"},{"floor":7.0,"key":"SpeedPotion"},{"floor":14.0,"key":"SkillPotion"},{"floor":25.0,"key":"Explosive Potion"},{"floor":28.0,"key":"GamblersBrew"},{"floor":30,"key":"Ancient Potion"}],"is_trial":false,"path_per_floor":["M","$","M","?","M","R","E","R","T","M","$","M","M","M","R","B",null,"M","?","?","$","T","R","M","M","T","R","M","M","M","M","R","B"],"character_chosen":"THE_SILENT","items_purchased":["Footwork","Deflect","The Bomb"],"campfire_rested":4,"item_purchase_floors":[2,11,11],"current_hp_per_floor":[61,61,60,54,51,51,38,38,38,38,38,38,37,23,41,28,54,51,51,35,35,35,53,44,26,26,44,19,5,11,13,31,0],"gold":122,"neow_bonus":"RANDOM_COLORLESS_2","is_prod":false,"is_daily":false,"chose_seed":false,"campfire_upgraded":2,"win_rate":0,"timestamp":1559265205,"path_taken":["M","$","M","?","M","R","E","R","T","M","$","M","?","M","R","BOSS","M","?","?","$","?","R","M","M","T","R","M","M","M","M","R","BOSS"],"build_version":"2019-01-23","purchased_purges":0,"victory":false,"max_hp_per_floor":[63,63,63,63,63,63,63,63,63,63,63,63,63,63,63,63,63,63,63,63,63,63,63,63,63,63,63,63,63,63,63,63,63],"card_choices":[{"not_picked":["Backflip","Predator"],"picked":"Blur","floor":1.0},{"not_picked":["Prepared","Quick Slash"],"picked":"Flying Knee","floor":3.0},{"not_picked":["Concentrate","Infinite Blades"],"picked":"Deflect","floor":5.0},{"not_picked":["Underhanded Strike","All Out Attack"],"picked":"Dagger Throw","floor":7.0},{"not_picked":["Flechettes","Terror","Heel Hook"],"picked":"SKIP","floor":10.0},{"not_picked":["Acrobatics","Flying Knee"],"picked":"Poisoned Stab","floor":12.0},{"not_picked":["Masterful Stab","Expertise"],"picked":"Well Laid Plans","floor":13.0},{"not_picked":["Flying Knee","Cloak And Dagger"],"picked":"Bane","floor":14.0},{"not_picked":["Bouncing Flask","Expertise"],"picked":"Deflect+1","floor":18.0},{"not_picked":["Acrobatics","Choke"],"picked":"Deadly Poison","floor":24.0},{"not_picked":["Prepared","Outmaneuver+1"],"picked":"Well Laid Plans+1","floor":25.0},{"not_picked":["Cloak And Dagger","Tactician"],"picked":"Sucker Punch+1","floor":28.0},{"not_picked":["Predator","All Out Attack"],"picked":"Backflip","floor":29},{"not_picked":["Predator","Underhanded Strike"],"picked":"Poisoned Stab+1","floor":30},{"not_picked":["PiercingWail","Backstab+1"],"picked":"Noxious Fumes","floor":31}],"player_experience":152014,"relics_obtained":[{"floor":7.0,"key":"Torii"},{"floor":9.0,"key":"Calipers"},{"floor":22.0,"key":"Bird Faced Urn"},{"floor":26.0,"key":"Potion Belt"}],"event_choices":[{"damage_healed":0.0,"max_hp_gain":0.0,"max_hp_loss":0.0,"gold_gain":75.0,"event_name":"FaceTrader","player_choice":"Touch","floor":4.0,"gold_loss":0.0,"damage_taken":6.0},{"damage_healed":0.0,"max_hp_gain":0.0,"max_hp_loss":0.0,"gold_gain":0.0,"event_name":"Masked Bandits","player_choice":"Paid Fearfully","floor":19.0,"gold_loss":177.0,"damage_taken":0.0},{"damage_healed":0.0,"max_hp_gain":0.0,"max_hp_loss":0.0,"gold_gain":0.0,"event_name":"Colosseum","player_choice":"Fight","floor":20.0,"gold_loss":0.0,"damage_taken":0.0},{"damage_healed":0.0,"max_hp_gain":0.0,"max_hp_loss":0.0,"gold_gain":0.0,"event_name":"Colosseum","player_choice":"Fled From Nobs","floor":20.0,"gold_loss":0.0,"damage_taken":0.0}],"is_beta":false,"boss_relics":[{"not_picked":["Runic Pyramid","Empty Cage"],"picked":"Ring of the Serpent"}],"items_purged_floors":[],"is_endless":false,"potions_floor_spawned":[1,7,14,20,25,28,30],"killed_by":"Collector","ascension_level":5}