{"gold_per_floor":[114,114,114,13,13,13,42,42,42,75,87,99,115,142,142,216,216,233,31,41,53,65,65,92,112,138,138],"floor_reached":27,"playtime":872,"items_purged":["Strike_B","Strike_B"],"score":606,"play_id":"bc70e74a-5a8f-477f-9017-59fbf2118657","local_time":"20190607170315","is_ascension_mode":true,"campfire_choices":[{"data":"Zap","floor":6,"key":"SMITH"},{"data":"White Noise","floor":8,"key":"SMITH"},{"data":"Loop","floor":15,"key":"SMITH"},{"floor":23,"key":"REST"}],"neow_cost":"NONE","seed_source_timestamp":1380200488172862,"circlet_count":0,"master_deck":["AscendersBane","Strike_B","Strike_B+1","Defend_B","Defend_B","Defend_B","Defend_B","Zap+1","Dualcast","Sunder+1","Cold Snap","White Noise+1","Coolheaded","Loop+1","FTL","Coolheaded","Electrodynamics","Panacea","White Noise","BootSequence","Blizzard","Conserve Battery","Normality"],"relics":["Cracked Core","NeowsBlessing","Centennial Puzzle","Blood Vial","Gremlin Horn","Art of War","Cursed Key","Ancient Tea Set","Anchor"],"potions_floor_usage":[16,21,24,24,25],"damage_taken":[{"damage":0,"enemies":"Cultist","floor":1,"turns":1},{"damage":0,"enemies":"3 Sentries","floor":7,"turns":1},{"damage":0,"enemies":"Lagavulin","floor":10,"turns":1},{"damage":2,"enemies":"Jaw Worm","floor":11,"turns":2},{"damage":0,"enemies":"2 Louse","floor":12,"turns":2},{"damage":1,"enemies":"Looter","floor":13,"turns":3},{"damage":9,"enemies":"Gremlin Nob","floor":14,"turns":3},{"damage":9,"enemies":"Slime Boss","floor":16,"turns":8},{"damage":12,"enemies":"2 Thieves","floor":18,"turns":3},{"damage":20,"enemies":"Shell Parasite","floor":20,"turns":3},{"damage":13,"enemies":"Centurion and Healer","floor":21,"turns":5},{"damage":16,"enemies":"Snecko","floor":22,"turns":4},{"damage":19,"enemies":"Slavers","floor":24,"turns":2},{"damage":16,"enemies":"Shelled Parasite and Fungi","floor":25,"turns":5},{"damage":6,"enemies":"Snake Plant","floor":27,"turns":2}],"seed_played":"1981305179737134606","potions_obtained":[{"floor":1,"key":"FearPotion"},{"floor":11,"key":"SkillPotion"},{"floor":14,"key":"Swift Potion"},{"floor":16,"key":"SpeedPotion"},{"floor":20,"key":"PowerPotion"},{"floor":21,"key":"FocusPotion"},{"floor":24,"key":"EssenceOfSteel"}],"is_trial":false,"path_per_floor":["M","?","?","$","$","R","E","R","T","E","M","M","M","E","R","B",null,"M","$","M","M","M","R","E","M","T","M"],"character_chosen":"DEFECT","items_purchased":["Cold Snap","Panacea"],"campfire_rested":1,"item_purchase_floors":[4,19],"current_hp_per_floor":[64,43,66,66,66,66,66,66,66,68,68,70,70,62,62,55,67,57,57,39,28,14,35,18,4,4,0],"gold":138,"neow_bonus":"THREE_ENEMY_KILL","is_prod":false,"is_daily":false,"chose_seed":false,"campfire_upgraded":3,"win_rate":0,"timestamp":1559952195,"path_taken":["M","?","?","?","$","R","E","R","T","E","M","M","M","E","R","BOSS","M","$","M","M","M","R","E","M","T","M"],"build_version":"2019-01-23","purchased_purges":2,"victory":false,"max_hp_per_floor":[71,71,71,71,71,71,71,71,71,71,71,71,71,71,71,71,71,71,71,71,71,71,71,71,71,71,71],"card_choices":[{"not_picked":["Self Repair","Tempest"],"picked":"Sunder","floor":1},{"not_picked":["Cold Snap","Aggregate"],"picked":"White Noise","floor":7},{"not_picked":["Skim","Conserve Battery"],"picked":"Coolheaded","floor":10},{"not_picked":["Sweeping Beam","Hologram"],"picked":"Loop","floor":11},{"not_picked":["Compile Driver","Turbo","Rebound"],"picked":"SKIP","floor":12},{"not_picked":["Hello World","Tempest"],"picked":"FTL","floor":13},{"not_picked":["Hello World","Rebound"],"picked":"Coolheaded","floor":14},{"not_picked":["Biased Cognition","Meteor Strike"],"picked":"Electrodynamics","floor":16},{"not_picked":["Cold Snap","Lockon","Auto Shields"],"picked":"SKIP","floor":18},{"not_picked":["Go for the Eyes","Hologram"],"picked":"White Noise","floor":20},{"not_picked":["Barrage","Turbo","Rebound"],"picked":"SKIP","floor":21},{"not_picked":["Redo","Hologram"],"picked":"BootSequence","floor":22},{"not_picked":["Machine Learning","Steam"],"picked":"Blizzard","floor":24},{"not_picked":["Undo","Aggregate"],"picked":"Conserve Battery","floor":25}],"player_experience":840563,"relics_obtained":[{"floor":7,"key":"Centennial Puzzle"},{"floor":9,"key":"Blood Vial"},{"floor":10,"key":"Gremlin Horn"},{"floor":14,"key":"Art of War"},{"floor":24,"key":"Ancient Tea Set"},{"floor":26,"key":"Anchor"}],"event_choices":[{"damage_healed":0,"gold_gain":0,"player_choice":"Entered Light","damage_taken":21,"max_hp_gain":0,"max_hp_loss":0,"event_name":"Shining Light","floor":2,"gold_loss":0,"cards_upgraded":["Sunder","Strike_B"]},{"damage_healed":23,"gold_gain":0,"player_choice":"Banana","damage_taken":0,"max_hp_gain":0,"max_hp_loss":0,"event_name":"Big Fish","floor":3,"gold_loss":0}],"is_beta":false,"boss_relics":[{"not_picked":["Black Star","Busted Crown"],"picked":"Cursed Key"}],"items_purged_floors":[4,19],"is_endless":false,"potions_floor_spawned":[1,11,14,16,20,21,24],"killed_by":"Snake Plant","ascension_level":20}