{"gold_per_floor":[119,136,147,158,173,173,205,205,228,258,276,241,241,260,260,360,360,380,380,366,391,391],"floor_reached":22,"playtime":843,"items_purged":[],"score":277,"play_id":"1ade1500-2308-4125-b339-eccf77f0a716","local_time":"20190603042707","is_ascension_mode":true,"campfire_choices":[{"data":"Poisoned Stab","floor":6.0,"key":"SMITH"},{"data":"Blur","floor":8.0,"key":"SMITH"},{"data":"Survivor","floor":13.0,"key":"SMITH"},{"data":"Deflect","floor":15.0,"key":"SMITH"}],"neow_cost":"NONE","seed_source_timestamp":78614833453900,"circlet_count":0,"master_deck":["Defend_G","Defend_G","Defend_G","Defend_G","Defend_G","Strike_G","Strike_G","Strike_G","Strike_G","Strike_G","Survivor+1","Neutralize","Blur+1","Poisoned Stab+1","Backstab","Dagger Spray","Dagger Spray","Deflect+1","PiercingWail","PiercingWail","Adrenaline","Well Laid Plans","Quick Slash","Bane"],"special_seed":0,"relics":["Ring of the Snake","PreservedInsect","Regal Pillow","Omamori","Juzu Bracelet","WristBlade","Red Mask"],"potions_floor_usage":[],"damage_taken":[{"damage":2.0,"enemies":"Cultist","floor":1.0,"turns":4.0},{"damage":10.0,"enemies":"Jaw Worm","floor":2.0,"turns":7.0},{"damage":0.0,"enemies":"2 Louse","floor":3.0,"turns":3.0},{"damage":0.0,"enemies":"Exordium Wildlife","floor":4.0,"turns":6.0},{"damage":0.0,"enemies":"3 Louse","floor":5.0,"turns":2.0},{"damage":10.0,"enemies":"3 Sentries","floor":7.0,"turns":4.0},{"damage":12.0,"enemies":"Lagavulin","floor":10.0,"turns":5.0},{"damage":8.0,"enemies":"Exordium Thugs","floor":11.0,"turns":3.0},{"damage":0.0,"enemies":"Lots of Slimes","floor":14.0,"turns":1.0},{"damage":1.0,"enemies":"Hexaghost","floor":16.0,"turns":11.0},{"damage":15.0,"enemies":"Shell Parasite","floor":18.0,"turns":8.0},{"damage":13.0,"enemies":"2 Thieves","floor":20.0,"turns":4.0},{"damage":40.0,"enemies":"Masked Bandits","floor":21.0,"turns":5.0},{"damage":8,"enemies":"Snake Plant","floor":22,"turns":1}],"seed_played":"2630250776771870271","potions_obtained":[{"floor":1.0,"key":"AttackPotion"},{"floor":3.0,"key":"Fire Potion"},{"floor":5.0,"key":"PowerPotion"},{"floor":10.0,"key":"Fire Potion"},{"floor":11.0,"key":"Dexterity Potion"},{"floor":16.0,"key":"FairyPotion"},{"floor":18.0,"key":"Energy Potion"}],"is_trial":false,"path_per_floor":["M","M","M","M","M","R","E","R","T","E","M","?","R","M","R","B",null,"M","?","M","?","M"],"character_chosen":"THE_SILENT","items_purchased":[],"campfire_rested":0,"item_purchase_floors":[],"current_hp_per_floor":[61,51,51,51,51,51,41,41,41,29,21,38,38,38,38,37,62,47,47,34,7,0],"gold":391,"neow_bonus":"RANDOM_COMMON_RELIC","is_prod":false,"is_daily":false,"chose_seed":false,"campfire_upgraded":4,"win_rate":0,"timestamp":1559561227,"path_taken":["M","?","M","M","M","R","E","R","T","E","M","?","R","M","R","BOSS","M","?","M","?","M"],"build_version":"2019-01-23","purchased_purges":0,"victory":false,"max_hp_per_floor":[70,70,70,70,70,70,70,70,70,70,70,70,70,70,70,70,70,70,70,70,70,70],"card_choices":[{"not_picked":["Dodge and Roll","Outmaneuver"],"picked":"Blur","floor":1.0},{"not_picked":["Dodge and Roll","Predator"],"picked":"Poisoned Stab","floor":2.0},{"not_picked":["Underhanded Strike","Concentrate"],"picked":"Backstab","floor":3.0},{"not_picked":["Dodge and Roll","Flechettes"],"picked":"Dagger Spray","floor":4.0},{"not_picked":["A Thousand Cuts","Prepared"],"picked":"Dagger Spray","floor":5.0},{"not_picked":["Setup","Tactician","Blade Dance"],"picked":"SKIP","floor":7.0},{"not_picked":["Infinite Blades","Tactician"],"picked":"Deflect","floor":10.0},{"not_picked":["Flying Knee","Slice"],"picked":"PiercingWail","floor":11.0},{"not_picked":["Backstab","Acrobatics"],"picked":"PiercingWail","floor":14.0},{"not_picked":["Envenom","Wraith Form v2"],"picked":"Adrenaline","floor":16.0},{"not_picked":["Dagger Throw","Prepared+1"],"picked":"Well Laid Plans","floor":18.0},{"not_picked":["Outmaneuver","Prepared"],"picked":"Quick Slash","floor":20.0},{"not_picked":["Dagger Spray","Dagger Throw"],"picked":"Bane","floor":21.0}],"player_experience":228703,"relics_obtained":[{"floor":7.0,"key":"Regal Pillow"},{"floor":9.0,"key":"Omamori"},{"floor":10.0,"key":"Juzu Bracelet"},{"floor":21.0,"key":"Red Mask"}],"event_choices":[{"damage_healed":17.0,"max_hp_gain":0.0,"max_hp_loss":0.0,"gold_gain":0.0,"event_name":"The Cleric","player_choice":"Healed","floor":12.0,"gold_loss":35.0,"damage_taken":0.0},{"damage_healed":0.0,"max_hp_gain":0.0,"max_hp_loss":0.0,"gold_gain":0.0,"event_name":"Beggar","player_choice":"Ignored","floor":19.0,"gold_loss":0.0,"damage_taken":0.0},{"damage_healed":0.0,"max_hp_gain":0.0,"max_hp_loss":0.0,"gold_gain":0.0,"event_name":"Masked Bandits","player_choice":"Fought Bandits","floor":21.0,"gold_loss":0.0,"damage_taken":0.0}],"is_beta":false,"boss_relics":[{"not_picked":["HoveringKite","Runic Pyramid"],"picked":"WristBlade"}],"items_purged_floors":[],"is_endless":false,"potions_floor_spawned":[1,3,5,10,11,16,18],"killed_by":"Snake Plant","ascension_level":8}