{"gold_per_floor":[13,13,13,33,47,76,76,94,120,120,137,312,338,355,355,453,453,467,467,105,105,119,119,139,139,139,239,259,259,25,52,52,149,149,164,127,140,140,60,92,92,92,115,115,144,162,191,206,206,206,206,206,31,66,66],"floor_reached":56,"playtime":10412,"items_purged":["Strike_R","Strike_R"],"score":1798,"play_id":"c341dbac-73d7-4607-bacd-e4f4f971b377","local_time":"20190406002835","is_ascension_mode":true,"campfire_choices":[{"data":"Fiend Fire","floor":7,"key":"SMITH"},{"data":"Bash","floor":10,"key":"SMITH"},{"data":"Disarm","floor":15,"key":"SMITH"},{"data":"Demon Form","floor":23,"key":"SMITH"},{"data":"Iron Wave","floor":25,"key":"SMITH"},{"data":"Barricade","floor":32,"key":"SMITH"},{"floor":41,"key":"RECALL"},{"data":"Feel No Pain","floor":44,"key":"SMITH"},{"data":"Juggernaut","floor":49,"key":"SMITH"},{"data":"Heavy Blade","floor":52,"key":"SMITH"}],"neow_cost":"NO_GOLD","seed_source_timestamp":3407098000075,"circlet_count":0,"master_deck":["Strike_R","Defend_R","Defend_R","Defend_R","Bash+1","Headbutt","Clothesline","Fiend Fire+1","Ghostly Armor","Disarm+1","Iron Wave+1","Demon Form+1","Battle Trance","Cleave","Havoc+1","Perfected Strike","Heavy Blade+1","Shockwave+1","Armaments+1","Havoc+1","Flame Barrier+1","Dropkick","RitualDagger","Barricade+1","Reaper","Exhume+1","Corruption","Iron Wave+1","Sentinel+1","Sentinel+1","Feel No Pain+1","Juggernaut+1","Shrug It Off+1","Pummel","Feel No Pain+1","Shrug It Off+1","Clothesline+1","Sentinel+1"],"relics":["Burning Blood","FossilizedHelix","Omamori","Bag of Marbles","Orichalcum","Philosopher\u0027s Stone","Toxic Egg 2","Prayer Wheel","Mercury Hourglass","Letter Opener","Snecko Eye","Ancient Tea Set","Oddly Smooth Stone","Self Forming Clay","Art of War","Bottled Tornado"],"potions_floor_usage":[6,18,31,35,50,50,50,55],"damage_taken":[{"damage":9,"enemies":"2 Louse","floor":1,"turns":3},{"damage":0,"enemies":"Small Slimes","floor":4,"turns":4},{"damage":0,"enemies":"Jaw Worm","floor":5,"turns":3},{"damage":58,"enemies":"Gremlin Nob","floor":6,"turns":6},{"damage":3,"enemies":"Exordium Thugs","floor":8,"turns":5},{"damage":0,"enemies":"Blue Slaver","floor":11,"turns":2},{"damage":15,"enemies":"3 Sentries","floor":13,"turns":10},{"damage":7,"enemies":"3 Louse","floor":14,"turns":4},{"damage":0,"enemies":"The Guardian","floor":16,"turns":14},{"damage":3,"enemies":"3 Byrds","floor":18,"turns":4},{"damage":7,"enemies":"Chosen","floor":22,"turns":2},{"damage":13,"enemies":"Centurion and Healer","floor":24,"turns":5},{"damage":5,"enemies":"Colosseum Slavers","floor":27,"turns":5},{"damage":0,"enemies":"Colosseum Nobs","floor":27,"turns":5},{"damage":2,"enemies":"Snecko","floor":28,"turns":4},{"damage":11,"enemies":"Slavers","floor":31,"turns":5},{"damage":33,"enemies":"Collector","floor":33,"turns":8},{"damage":0,"enemies":"3 Darklings","floor":35,"turns":6},{"damage":0,"enemies":"3 Shapes","floor":37,"turns":2},{"damage":0,"enemies":"Nemesis","floor":40,"turns":5},{"damage":0,"enemies":"Reptomancer","floor":45,"turns":4},{"damage":26,"enemies":"Spire Growth","floor":46,"turns":4},{"damage":11,"enemies":"Nemesis","floor":47,"turns":5},{"damage":0,"enemies":"Transient","floor":48,"turns":5},{"damage":8,"enemies":"Donu and Deca","floor":50,"turns":6},{"damage":0,"enemies":"Shield and Spear","floor":54,"turns":4},{"damage":1,"enemies":"The Heart","floor":55,"turns":9}],"seed_played":"5908737025089132261","potions_obtained":[{"floor":4,"key":"SkillPotion"},{"floor":6,"key":"FearPotion"},{"floor":16,"key":"LiquidBronze"},{"floor":28,"key":"Explosive Potion"},{"floor":33,"key":"LiquidBronze"},{"floor":35,"key":"Explosive Potion"},{"floor":40,"key":"Weak Potion"},{"floor":47,"key":"Weak Potion"}],"is_trial":false,"path_per_floor":["M","$","?","M","M","E","R","M","T","R","M","?","E","M","R","B",null,"M","?","$","?","M","R","M","R","T","?","M","?","$","E","R","B",null,"M","$","M","?","$","E","R","?","T","R","E","M","E","M","R","B",null,"R","$","E","B",null],"character_chosen":"IRONCLAD","items_purchased":["Toxic Egg 2","Cleave","Havoc+1","Barricade","Sentinel+1","Feel No Pain","GamblersBrew"],"campfire_rested":0,"item_purchase_floors":[20,20,20,30,36,39,53],"current_hp_per_floor":[69,69,69,75,80,28,28,31,31,31,37,37,28,27,27,33,68,71,71,71,71,70,70,63,63,63,70,74,68,68,63,63,36,69,80,80,80,80,80,80,80,80,80,80,80,66,61,77,77,78,80,80,80,80,80],"gold":66,"neow_bonus":"ONE_RARE_RELIC","is_prod":false,"is_daily":false,"chose_seed":false,"campfire_upgraded":9,"win_rate":0,"timestamp":1554503315,"path_taken":["M","$","?","M","M","E","R","M","T","R","M","?","E","M","R","BOSS","M","?","?","?","M","R","M","R","T","?","M","?","$","E","R","BOSS","M","$","M","?","$","E","R","?","T","R","E","?","E","M","R","BOSS","R","$","E","BOSS"],"build_version":"2019-01-23","purchased_purges":2,"victory":true,"max_hp_per_floor":[80,80,80,80,80,80,80,80,80,80,80,80,80,80,80,80,80,80,80,80,80,80,80,80,80,80,80,80,80,80,80,80,80,80,80,80,80,80,80,80,80,80,80,80,80,80,80,80,80,80,80,80,80,80,80],"card_choices":[{"not_picked":["Thunderclap","Body Slam"],"picked":"Headbutt","floor":1},{"not_picked":["Body Slam","Sentinel"],"picked":"Clothesline","floor":4},{"not_picked":["Havoc","Bloodletting","Flex"],"picked":"SKIP","floor":5},{"not_picked":["Havoc","Bloodletting","Flex"],"picked":"SKIP","floor":5},{"not_picked":["Body Slam","Twin Strike"],"picked":"Fiend Fire","floor":6},{"not_picked":["Clash","Perfected Strike"],"picked":"Ghostly Armor","floor":8},{"not_picked":["Flex","Infernal Blade"],"picked":"Disarm","floor":11},{"not_picked":["Intimidate","Thunderclap"],"picked":"Iron Wave","floor":13},{"not_picked":["Sever Soul","Clash","Thunderclap"],"picked":"SKIP","floor":14},{"not_picked":["Juggernaut","Barricade"],"picked":"Demon Form","floor":16},{"not_picked":["Headbutt","Thunderclap"],"picked":"Battle Trance","floor":18},{"not_picked":["Clash","Sword Boomerang"],"picked":"Shockwave+1","floor":22},{"not_picked":["Evolve","Body Slam"],"picked":"Armaments+1","floor":24},{"not_picked":["Searing Blow","Feel No Pain"],"picked":"Havoc+1","floor":27},{"not_picked":["Carnage","Clothesline"],"picked":"Flame Barrier+1","floor":28},{"not_picked":["Flex+1","Thunderclap"],"picked":"Dropkick","floor":28},{"not_picked":["Heavy Blade+1","Anger"],"picked":"Reaper","floor":31},{"not_picked":["Immolate","Dark Embrace"],"picked":"Exhume+1","floor":33},{"not_picked":["Sword Boomerang+1","Blood for Blood+1"],"picked":"Corruption","floor":35},{"not_picked":["Rampage","Wild Strike"],"picked":"Iron Wave+1","floor":35},{"not_picked":["Shrug It Off+1","Reaper"],"picked":"Sentinel+1","floor":37},{"not_picked":["Seeing Red+1","Perfected Strike+1","Iron Wave+1"],"picked":"SKIP","floor":37},{"not_picked":["Pummel","Infernal Blade+1"],"picked":"Juggernaut","floor":40},{"not_picked":["Hemokinesis","Headbutt+1"],"picked":"Shrug It Off+1","floor":45},{"not_picked":["Anger+1","Thunderclap+1"],"picked":"Pummel","floor":46},{"not_picked":["Thunderclap+1","Havoc+1","Headbutt"],"picked":"SKIP","floor":46},{"not_picked":["Shrug It Off+1","Sword Boomerang+1"],"picked":"Feel No Pain+1","floor":47},{"not_picked":["Power Through+1","True Grit+1"],"picked":"Shrug It Off+1","floor":48},{"not_picked":["Power Through+1","Sword Boomerang"],"picked":"Clothesline+1","floor":48},{"not_picked":["Clash","Brutality"],"picked":"Sentinel+1","floor":54}],"player_experience":89879,"relics_obtained":[{"floor":6,"key":"Omamori"},{"floor":9,"key":"Bag of Marbles"},{"floor":13,"key":"Orichalcum"},{"floor":27,"key":"Prayer Wheel"},{"floor":27,"key":"Mercury Hourglass"},{"floor":31,"key":"Letter Opener"},{"floor":40,"key":"Ancient Tea Set"},{"floor":43,"key":"Oddly Smooth Stone"},{"floor":45,"key":"Self Forming Clay"},{"floor":47,"key":"Art of War"},{"floor":54,"key":"Bottled Tornado"}],"event_choices":[{"damage_healed":0,"gold_gain":0,"player_choice":"Leave","damage_taken":0,"max_hp_gain":0,"max_hp_loss":0,"event_name":"The Cleric","floor":3,"gold_loss":0},{"damage_healed":0,"gold_gain":175,"player_choice":"AGREE","damage_taken":0,"max_hp_gain":0,"max_hp_loss":0,"event_name":"Liars Game","floor":12,"gold_loss":0,"cards_obtained":["Doubt"]},{"cards_removed":["Strike_R"],"damage_healed":0,"gold_gain":0,"player_choice":"Offered Basic","damage_taken":0,"max_hp_gain":0,"max_hp_loss":0,"event_name":"Bonfire Elementals","floor":19,"gold_loss":0},{"damage_healed":0,"gold_gain":0,"cards_transformed":["Strike_R","Defend_R"],"player_choice":"Became Test Subject","damage_taken":0,"max_hp_gain":0,"max_hp_loss":0,"event_name":"Drug Dealer","floor":21,"gold_loss":0,"cards_obtained":["Perfected Strike","Heavy Blade"]},{"damage_healed":0,"gold_gain":0,"player_choice":"Fight","damage_taken":0,"max_hp_gain":0,"max_hp_loss":0,"event_name":"Colosseum","floor":27,"gold_loss":0},{"damage_healed":0,"gold_gain":0,"player_choice":"Fought Nobs","damage_taken":0,"max_hp_gain":0,"max_hp_loss":0,"event_name":"Colosseum","floor":27,"gold_loss":0},{"damage_healed":0,"gold_gain":0,"player_choice":"Joined the Cult","damage_taken":6,"max_hp_gain":0,"max_hp_loss":0,"event_name":"Nest","floor":29,"gold_loss":0,"cards_obtained":["RitualDagger"]},{"damage_healed":0,"gold_gain":0,"player_choice":"Ignored","damage_taken":0,"max_hp_gain":0,"max_hp_loss":0,"event_name":"Tomb of Lord Red Mask","floor":38,"gold_loss":0},{"damage_healed":0,"gold_gain":0,"player_choice":"Cursed","damage_taken":0,"max_hp_gain":0,"max_hp_loss":0,"event_name":"Wheel of Change","floor":42,"gold_loss":0,"cards_obtained":["Decay"]}],"is_beta":false,"boss_relics":[{"not_picked":["Calling Bell","Black Blood"],"picked":"Philosopher\u0027s Stone"},{"not_picked":["Eternal Feather","Orrery"],"picked":"Snecko Eye"}],"items_purged_floors":[30,53],"is_endless":false,"potions_floor_spawned":[4,6,16,27,28,33,35,40,47],"ascension_level":8}