{"gold_per_floor":[109,127,29,48,65,65,65,65,65,65,91,110,110,110,110,211,211,225,3,3,21,39,65,65,78,78,92,92,122,37,54,54,149,149,159,10,0,17,62,62,95,95,119,20,20,36,36,46,46,46],"floor_reached":51,"playtime":3237,"items_purged":[],"score":883,"play_id":"8670d885-2386-4538-b8ea-3328d2785bc4","local_time":"20190516145316","is_ascension_mode":true,"campfire_choices":[{"data":"Zap","floor":6.0,"key":"SMITH"},{"data":"Sunder","floor":8.0,"key":"SMITH"},{"data":"Dualcast","floor":10.0,"key":"SMITH"},{"data":"Streamline","floor":15.0,"key":"SMITH"},{"data":"1","floor":24.0,"key":"LIFT"},{"data":"2","floor":28.0,"key":"LIFT"},{"data":"3","floor":32.0,"key":"LIFT"},{"data":"Chill","floor":40,"key":"SMITH"},{"data":"Reinforced Body","floor":42,"key":"SMITH"},{"data":"Multi-Cast","floor":45,"key":"SMITH"},{"data":"Doom and Gloom","floor":47,"key":"SMITH"},{"data":"Conserve Battery","floor":49,"key":"SMITH"}],"neow_cost":"TEN_PERCENT_HP_LOSS","seed_source_timestamp":13259214859053,"circlet_count":0,"master_deck":["Strike_B","Strike_B+1","Strike_B","Strike_B","Defend_B","Defend_B","Defend_B","Defend_B","Zap+1","Dualcast+1","Ball Lightning","Sunder+1","Conserve Battery+1","Self Repair","Streamline+1","Turbo+1","Ball Lightning","Biased Cognition","Conserve Battery","FTL","Loop+1","Cold Snap","Chill+1","Reinforced Body+1","Biased Cognition","Loop+1","Core Surge","Streamline+1","Reprogram+1","Multi-Cast+1","Doom and Gloom+1","Stack","Redo+1"],"special_seed":0,"relics":["Cracked Core","Torii","Girya","Meat on the Bone","Potion Belt","Philosopher\u0027s Stone","Bag of Marbles","Boot","Gremlin Horn","Ancient Tea Set","Thread and Needle","Inserter","Bag of Preparation","Red Mask","StoneCalendar","Oddly Smooth Stone","Strawberry"],"potions_floor_usage":[48,50,50,50],"damage_taken":[{"damage":3.0,"enemies":"Jaw Worm","floor":1.0,"turns":4.0},{"damage":7.0,"enemies":"Small Slimes","floor":2.0,"turns":2.0},{"damage":0.0,"enemies":"2 Louse","floor":4.0,"turns":2.0},{"damage":11.0,"enemies":"Red Slaver","floor":5.0,"turns":4.0},{"damage":16.0,"enemies":"Lagavulin","floor":11.0,"turns":6.0},{"damage":7.0,"enemies":"Looter","floor":12.0,"turns":3.0},{"damage":0.0,"enemies":"Slime Boss","floor":16.0,"turns":6.0},{"damage":7.0,"enemies":"Spheric Guardian","floor":18.0,"turns":3.0},{"damage":17.0,"enemies":"Shell Parasite","floor":21.0,"turns":4.0},{"damage":8.0,"enemies":"Chosen and Byrds","floor":22.0,"turns":4.0},{"damage":17.0,"enemies":"Gremlin Leader","floor":23.0,"turns":5.0},{"damage":18.0,"enemies":"Shelled Parasite and Fungi","floor":25.0,"turns":3.0},{"damage":1.0,"enemies":"3 Cultists","floor":27.0,"turns":4.0},{"damage":19.0,"enemies":"Book of Stabbing","floor":29.0,"turns":4.0},{"damage":0.0,"enemies":"Cultist and Chosen","floor":31.0,"turns":5.0},{"damage":56.0,"enemies":"Champ","floor":33.0,"turns":10.0},{"damage":0.0,"enemies":"Orb Walker","floor":35.0,"turns":3.0},{"damage":8,"enemies":"3 Darklings","floor":38,"turns":4},{"damage":0,"enemies":"2 Orb Walkers","floor":39,"turns":3},{"damage":6,"enemies":"Reptomancer","floor":41,"turns":6},{"damage":0,"enemies":"4 Shapes","floor":46,"turns":2},{"damage":0,"enemies":"Transient","floor":48,"turns":5},{"damage":38,"enemies":"Awakened One","floor":50,"turns":11}],"seed_played":"9109892952368468267","potions_obtained":[{"floor":4.0,"key":"LiquidBronze"},{"floor":11.0,"key":"Strength Potion"},{"floor":14.0,"key":"Dexterity Potion"},{"floor":14.0,"key":"SteroidPotion"},{"floor":14.0,"key":"SteroidPotion"},{"floor":16.0,"key":"Block Potion"},{"floor":21.0,"key":"Strength Potion"},{"floor":22.0,"key":"AttackPotion"},{"floor":23.0,"key":"Poison Potion"},{"floor":27.0,"key":"EntropicBrew"},{"floor":33.0,"key":"Dexterity Potion"},{"floor":35.0,"key":"FocusPotion"},{"floor":38,"key":"FearPotion"},{"floor":48,"key":"SkillPotion"}],"is_trial":false,"path_per_floor":["M","M","$","M","M","R","?","R","T","R","E","M","?","?","R","B",null,"M","$","$","M","M","E","R","M","T","M","R","E","?","M","R","B",null,"M","$","?","M","?","R","E","R","T","$","R","M","R","M","R","B",null],"character_chosen":"DEFECT","items_purchased":["Conserve Battery","Self Repair","Bag of Marbles","FTL","Bag of Preparation","Doom and Gloom","Stack"],"campfire_rested":0,"item_purchase_floors":[3,3,19,19,36,44,44],"current_hp_per_floor":[65,58,58,65,61,61,58,58,58,58,49,42,28,28,28,40,68,68,68,68,58,57,40,40,41,41,47,47,47,47,54,54,32,68,68,68,68,67,67,67,68,68,75,75,75,75,75,75,75,49],"gold":46,"neow_bonus":"ONE_RARE_RELIC","is_prod":false,"is_daily":false,"chose_seed":false,"campfire_upgraded":9,"win_rate":0,"timestamp":1558011196,"path_taken":["M","M","$","M","M","R","?","R","T","R","E","M","?","?","R","BOSS","M","?","$","M","M","E","R","M","T","M","R","E","?","M","R","BOSS","M","$","?","M","?","R","E","R","T","$","R","M","R","M","R","BOSS"],"build_version":"2019-01-23","purchased_purges":0,"victory":true,"max_hp_per_floor":[68,68,68,68,68,68,68,68,68,68,68,68,68,68,68,68,68,68,68,68,68,68,68,68,68,68,68,68,68,68,68,68,68,68,68,68,68,68,68,68,68,68,75,75,75,75,75,75,75,75],"card_choices":[{"not_picked":["Reinforced Body","Beam Cell"],"picked":"Ball Lightning","floor":1.0},{"not_picked":["Stack","Rebound"],"picked":"Sunder","floor":2.0},{"not_picked":["Barrage","Sweeping Beam","Beam Cell"],"picked":"SKIP","floor":4.0},{"not_picked":["Force Field","Barrage"],"picked":"Streamline","floor":5.0},{"not_picked":["Beam Cell","Machine Learning"],"picked":"Turbo","floor":11.0},{"not_picked":["White Noise","Redo"],"picked":"Ball Lightning","floor":12.0},{"not_picked":["Hyperbeam","Seek"],"picked":"Biased Cognition","floor":16.0},{"not_picked":["Beam Cell","Undo"],"picked":"Conserve Battery","floor":18.0},{"not_picked":["Aggregate+1","Streamline"],"picked":"Loop+1","floor":21.0},{"not_picked":["Coolheaded","Barrage"],"picked":"Cold Snap","floor":22.0},{"not_picked":["Recycle+1","Hyperbeam","Ball Lightning"],"picked":"SKIP","floor":23.0},{"not_picked":["Hello World","Coolheaded"],"picked":"Chill","floor":25.0},{"not_picked":["Redo","Gash"],"picked":"Reinforced Body","floor":27.0},{"not_picked":["Aggregate+1","Leap"],"picked":"Biased Cognition","floor":29.0},{"not_picked":["Steam+1","Leap"],"picked":"Loop+1","floor":31.0},{"not_picked":["All For One","Machine Learning"],"picked":"Core Surge","floor":33.0},{"not_picked":["Beam Cell","Genetic Algorithm+1"],"picked":"Streamline+1","floor":35.0},{"not_picked":["White Noise","Loop"],"picked":"Reprogram+1","floor":38},{"not_picked":["Hologram","Force Field"],"picked":"Multi-Cast","floor":41},{"not_picked":["Steam","Storm+1","Gash"],"picked":"SKIP","floor":46},{"not_picked":["Compile Driver+1","Rebound"],"picked":"Redo+1","floor":48}],"player_experience":205878,"relics_obtained":[{"floor":9.0,"key":"Meat on the Bone"},{"floor":11.0,"key":"Potion Belt"},{"floor":23.0,"key":"Boot"},{"floor":26.0,"key":"Gremlin Horn"},{"floor":29.0,"key":"Ancient Tea Set"},{"floor":39,"key":"StoneCalendar"},{"floor":41,"key":"Oddly Smooth Stone"},{"floor":43,"key":"Strawberry"}],"event_choices":[{"damage_healed":0.0,"max_hp_gain":0.0,"max_hp_loss":0.0,"gold_gain":0.0,"event_name":"Scrap Ooze","player_choice":"Success","floor":7.0,"gold_loss":0.0,"damage_taken":3.0,"relics_obtained":["Girya"]},{"damage_healed":0.0,"max_hp_gain":0.0,"max_hp_loss":0.0,"gold_gain":0.0,"event_name":"Shining Light","player_choice":"Entered Light","floor":13.0,"gold_loss":0.0,"damage_taken":14.0,"cards_upgraded":["Turbo","Strike_B"]},{"damage_healed":0.0,"max_hp_gain":0.0,"max_hp_loss":0.0,"gold_gain":0.0,"event_name":"Lab","player_choice":"Got Potions","floor":14.0,"gold_loss":0.0,"damage_taken":0.0},{"damage_healed":0.0,"max_hp_gain":0.0,"max_hp_loss":0.0,"gold_gain":0.0,"event_name":"Addict","player_choice":"Obtained Relic","floor":30.0,"gold_loss":85.0,"damage_taken":0.0,"relics_obtained":["Thread and Needle"]},{"damage_healed":0.0,"max_hp_gain":0.0,"max_hp_loss":0.0,"gold_gain":0.0,"event_name":"Tomb of Lord Red Mask","player_choice":"Paid","floor":37.0,"gold_loss":10.0,"damage_taken":0.0,"relics_obtained":["Red Mask"]},{"damage_healed":0,"gold_gain":0,"player_choice":"Fight","damage_taken":0,"max_hp_gain":0,"max_hp_loss":0,"event_name":"Mysterious Sphere","floor":39,"gold_loss":0}],"is_beta":false,"boss_relics":[{"not_picked":["Snecko Eye","Astrolabe"],"picked":"Philosopher\u0027s Stone"},{"not_picked":["Orrery","White Beast Statue"],"picked":"Inserter"}],"items_purged_floors":[],"is_endless":false,"potions_floor_spawned":[4,11,16,21,22,23,27,33,35,38,48],"ascension_level":4}