{"gold_per_floor":[11,11,161,161,161,161,194,204,231,245,83,83,83,100,100,179,179,179,179,179,179,179,79,79,79,79,79,79,79,79,79,79,79],"floor_reached":33,"playtime":1313,"items_purged":["Doubt","Writhe"],"score":566,"play_id":"6d1bccd2-a333-46cb-be98-a9c8bc40f136","local_time":"20190420135356","is_ascension_mode":true,"campfire_choices":[{"data":"Shrug It Off","floor":6.0,"key":"SMITH"},{"data":"Bandage Up","floor":12.0,"key":"SMITH"},{"data":"Bash","floor":15.0,"key":"SMITH"},{"floor":27.0,"key":"REST"},{"data":"Defend_R","floor":29,"key":"SMITH"},{"data":"Defend_R","floor":32,"key":"SMITH"}],"neow_cost":"NO_GOLD","seed_source_timestamp":5318453295809,"circlet_count":0,"master_deck":["AscendersBane","Strike_R","Strike_R","Strike_R","Strike_R","Defend_R+1","Defend_R+1","Defend_R+1","Defend_R+1","Bash+1","Bandage Up+1","Madness+1","Shrug It Off+1","Rampage+1","Wild Strike+1","Pummel+1","Uppercut+1","Iron Wave+1","Bludgeon+1","Body Slam+1","Body Slam+1","Clothesline+1","Iron Wave+1","True Grit+1","Iron Wave+1","Headbutt+1"],"special_seed":0,"relics":["Burning Blood","Pantograph","Molten Egg 2","Lantern","Ectoplasm","MawBank","Bottled Flame","Anchor","Art of War"],"potions_floor_usage":[31,33],"damage_taken":[{"damage":9.0,"enemies":"Small Slimes","floor":1.0,"turns":5.0},{"damage":49.0,"enemies":"Lagavulin","floor":7.0,"turns":9.0},{"damage":0.0,"enemies":"2 Louse","floor":8.0,"turns":3.0},{"damage":0.0,"enemies":"Jaw Worm","floor":10.0,"turns":1.0},{"damage":0.0,"enemies":"2 Fungi Beasts","floor":14.0,"turns":4.0},{"damage":29.0,"enemies":"Hexaghost","floor":16.0,"turns":9.0},{"damage":2.0,"enemies":"3 Byrds","floor":18.0,"turns":5.0},{"damage":16.0,"enemies":"Spheric Guardian","floor":20.0,"turns":4.0},{"damage":33.0,"enemies":"Shelled Parasite and Fungi","floor":21.0,"turns":6.0},{"damage":0.0,"enemies":"Chosen and Byrds","floor":24.0,"turns":3.0},{"damage":38.0,"enemies":"Gremlin Leader","floor":25.0,"turns":5.0},{"damage":0,"enemies":"Slavers","floor":31,"turns":4},{"damage":127,"enemies":"Champ","floor":33,"turns":9}],"seed_played":"-1586246279577366371","potions_obtained":[{"floor":5.0,"key":"BloodPotion"},{"floor":5.0,"key":"Ancient Potion"},{"floor":7.0,"key":"Weak Potion"},{"floor":8.0,"key":"Energy Potion"},{"floor":16.0,"key":"Swift Potion"},{"floor":20.0,"key":"Block Potion"},{"floor":21.0,"key":"Strength Potion"},{"floor":25.0,"key":"SkillPotion"},{"floor":31,"key":"BloodPotion"}],"is_trial":false,"path_per_floor":["M","?","?","?","?","R","E","M","T","M","$","R","?","M","R","B",null,"M","?","M","M","?","$","M","E","T","R","?","R","?","E","R","B"],"character_chosen":"IRONCLAD","items_purchased":["Uppercut+1"],"campfire_rested":1,"item_purchase_floors":[11],"current_hp_per_floor":[69,69,69,64,64,64,25,31,31,48,48,48,25,37,37,45,68,75,75,71,50,50,50,62,36,36,58,58,58,58,64,64,0],"gold":79,"neow_bonus":"RANDOM_COLORLESS_2","is_prod":false,"is_daily":false,"chose_seed":false,"campfire_upgraded":5,"win_rate":0,"timestamp":1555793636,"path_taken":["M","?","?","?","?","R","E","M","T","?","$","R","?","M","R","BOSS","M","?","M","M","?","$","M","E","T","R","?","R","?","E","R","BOSS"],"build_version":"2019-01-23","purchased_purges":2,"victory":false,"max_hp_per_floor":[75,75,75,75,75,75,75,75,75,75,75,75,75,75,75,75,75,75,75,75,75,75,75,75,75,75,75,75,75,75,75,75,75],"card_choices":[{"not_picked":["Evolve","Pommel Strike"],"picked":"Shrug It Off","floor":1.0},{"not_picked":["Inflame","True Grit"],"picked":"Rampage","floor":7.0},{"not_picked":["Intimidate","Flex"],"picked":"Wild Strike+1","floor":8.0},{"not_picked":["Cleave+1","Sever Soul+1"],"picked":"Pummel+1","floor":10.0},{"not_picked":["Flex","Rampage+1"],"picked":"Iron Wave+1","floor":14.0},{"not_picked":["Fiend Fire+1","Demon Form"],"picked":"Bludgeon+1","floor":16.0},{"not_picked":["Cleave+1","Combust"],"picked":"Body Slam+1","floor":18.0},{"not_picked":["Rage","Evolve"],"picked":"Body Slam+1","floor":20.0},{"not_picked":["Cleave+1","Twin Strike+1"],"picked":"Clothesline+1","floor":21.0},{"not_picked":["Dual Wield","Flame Barrier"],"picked":"True Grit+1","floor":24.0},{"not_picked":["Burning Pact","Perfected Strike+1"],"picked":"Iron Wave+1","floor":25.0},{"not_picked":["Whirlwind+1","Clash+1"],"picked":"Headbutt+1","floor":31}],"player_experience":732674,"relics_obtained":[{"floor":7.0,"key":"Molten Egg 2"},{"floor":9.0,"key":"Lantern"},{"floor":25.0,"key":"Bottled Flame"},{"floor":26.0,"key":"Anchor"},{"floor":31,"key":"Art of War"}],"event_choices":[{"damage_healed":0.0,"max_hp_gain":0.0,"max_hp_loss":0.0,"gold_gain":0.0,"event_name":"Living Wall","player_choice":"Grow","floor":2.0,"gold_loss":0.0,"damage_taken":0.0,"cards_upgraded":["Madness"]},{"damage_healed":0.0,"max_hp_gain":0.0,"max_hp_loss":0.0,"gold_gain":150.0,"event_name":"Liars Game","player_choice":"AGREE","floor":3.0,"gold_loss":0.0,"damage_taken":0.0,"cards_obtained":["Doubt"]},{"damage_healed":0.0,"max_hp_gain":0.0,"max_hp_loss":0.0,"gold_gain":0.0,"event_name":"Scrap Ooze","player_choice":"Success","floor":4.0,"gold_loss":0.0,"damage_taken":5.0,"relics_obtained":["Pantograph"]},{"damage_healed":0.0,"max_hp_gain":0.0,"max_hp_loss":0.0,"gold_gain":0.0,"event_name":"Lab","player_choice":"Got Potions","floor":5.0,"gold_loss":0.0,"damage_taken":0.0},{"damage_healed":0.0,"max_hp_gain":0.0,"max_hp_loss":0.0,"gold_gain":0.0,"event_name":"Shining Light","player_choice":"Entered Light","floor":13.0,"gold_loss":0.0,"damage_taken":23.0,"cards_upgraded":["Defend_R","Defend_R"]},{"damage_healed":0.0,"max_hp_gain":0.0,"max_hp_loss":0.0,"gold_gain":0.0,"event_name":"The Mausoleum","player_choice":"Opened","floor":19.0,"gold_loss":0.0,"damage_taken":0.0,"relics_obtained":["MawBank"],"cards_obtained":["Writhe"]},{"damage_healed":0.0,"max_hp_gain":0.0,"max_hp_loss":0.0,"gold_gain":0.0,"event_name":"The Library","player_choice":"Read","floor":22.0,"gold_loss":0.0,"damage_taken":0.0,"cards_obtained":["Iron Wave"]},{"cards_removed":["Strike_R"],"damage_healed":0,"gold_gain":0,"player_choice":"Purged","damage_taken":0,"max_hp_gain":0,"max_hp_loss":0,"event_name":"Purifier","floor":30,"gold_loss":0}],"is_beta":false,"boss_relics":[{"not_picked":["Busted Crown","Cursed Key"],"picked":"Ectoplasm"}],"items_purged_floors":[11,23],"is_endless":false,"potions_floor_spawned":[7,8,16,20,21,25,31],"killed_by":"Champ","ascension_level":17}