{"gold_per_floor":[119,119,135,135,135,161,161,190,215,215],"floor_reached":10,"playtime":468,"items_purged":[],"score":99,"play_id":"baf77140-219f-4c37-a4cc-e744704d2c97","local_time":"20190603114753","is_ascension_mode":false,"campfire_choices":[],"neow_cost":"NONE","seed_source_timestamp":7300558541131,"circlet_count":0,"master_deck":["Strike_R","Strike_R","Strike_R","Strike_R","Strike_R","Defend_R","Defend_R","Defend_R","Defend_R","Bash","Thunderclap","Body Slam","Double Tap","Flame Barrier"],"relics":["Burning Blood","NeowsBlessing","Bronze Scales","Regal Pillow"],"potions_floor_usage":[],"damage_taken":[{"damage":0,"enemies":"Cultist","floor":1,"turns":1},{"damage":0,"enemies":"2 Louse","floor":3,"turns":1},{"damage":0,"enemies":"3 Sentries","floor":6,"turns":1},{"damage":49,"enemies":"Lagavulin","floor":8,"turns":8},{"damage":43,"enemies":"3 Sentries","floor":10,"turns":9}],"seed_played":"-3860868304653396245","potions_obtained":[{"floor":1,"key":"SkillPotion"},{"floor":3,"key":"Energy Potion"}],"is_trial":false,"path_per_floor":["M","?","M","?","?","E","$","E","T","E"],"character_chosen":"IRONCLAD","items_purchased":[],"campfire_rested":0,"item_purchase_floors":[],"current_hp_per_floor":[80,85,85,85,85,85,85,42,42,0],"gold":215,"neow_bonus":"THREE_ENEMY_KILL","is_prod":false,"is_daily":false,"chose_seed":false,"campfire_upgraded":0,"win_rate":0,"timestamp":1559576873,"path_taken":["M","?","M","?","?","E","$","E","T","E"],"build_version":"2019-01-23","purchased_purges":0,"victory":false,"max_hp_per_floor":[80,85,85,85,85,85,85,85,85,85],"card_choices":[{"not_picked":["Fire Breathing","Second Wind"],"picked":"Thunderclap","floor":1},{"not_picked":["Clash","Carnage"],"picked":"Body Slam","floor":3},{"not_picked":["Searing Blow","True Grit"],"picked":"Double Tap","floor":6},{"not_picked":["Wild Strike","Sentinel"],"picked":"Flame Barrier","floor":8}],"player_experience":55030,"relics_obtained":[{"floor":6,"key":"Bronze Scales"},{"floor":8,"key":"Regal Pillow"}],"event_choices":[{"damage_healed":0,"gold_gain":0,"player_choice":"Donut","damage_taken":0,"max_hp_gain":5,"max_hp_loss":0,"event_name":"Big Fish","floor":2,"gold_loss":0},{"damage_healed":0,"gold_gain":0,"player_choice":"Ignored","damage_taken":0,"max_hp_gain":0,"max_hp_loss":0,"event_name":"Golden Idol","floor":4,"gold_loss":0},{"damage_healed":0,"gold_gain":0,"player_choice":"Leave","damage_taken":0,"max_hp_gain":0,"max_hp_loss":0,"event_name":"The Cleric","floor":5,"gold_loss":0}],"is_beta":false,"boss_relics":[],"items_purged_floors":[],"is_endless":false,"potions_floor_spawned":[1,3],"killed_by":"3 Sentries","ascension_level":0}