{"gold_per_floor":[119,131,148,148,164,189,189,150,150,163,188,188,201,201,201,298,298,311,327,232,252,252,252,262,262,262,276,276,191,205,218,218,316,316,326,326,343,343,354,354,454,454,454,464,482,493,493,107,107,107],"floor_reached":51,"playtime":4086,"items_purged":["Rupture+1"],"score":638,"play_id":"abd2ec8c-a302-4efe-8ca8-a34439c35e0e","local_time":"20190601111036","is_ascension_mode":false,"campfire_choices":[{"data":"Anger","floor":7,"key":"SMITH"},{"data":"Infernal Blade","floor":15,"key":"SMITH"},{"data":"1","floor":23,"key":"LIFT"},{"data":"2","floor":28,"key":"LIFT"},{"floor":32,"key":"REST"},{"floor":40,"key":"REST"},{"data":"3","floor":42,"key":"LIFT"},{"data":"Bludgeon","floor":49,"key":"SMITH"}],"neow_cost":"","seed_source_timestamp":404460276793235,"circlet_count":0,"master_deck":["Strike_R","Strike_R","Strike_R","Strike_R","Strike_R","Defend_R","Defend_R","Defend_R","Defend_R","Bash","Carnage","Anger+1","Bludgeon+1","Sword Boomerang+1","Shrug It Off","Infernal Blade+1","Headbutt+1","Cleave+1","Anger+1","Bludgeon+1","Shockwave","Disarm","Anger+1","Uppercut+1","Perfected Strike+1","Shrug It Off","Rage+1","Impervious","Thunderclap+1","Cleave+1","Flash of Steel+1","Perfected Strike+1","Perfected Strike+1","Shrug It Off+1","Thunderclap+1","Seeing Red+1","Double Tap+1","Chrysalis+1"],"relics":["Burning Blood","Molten Egg 2","Frozen Egg 2","Shuriken","Anchor","Girya","Philosopher\u0027s Stone","MutagenicStrength","Gremlin Horn","Orichalcum","Sozu","Ginger","Toxic Egg 2","GremlinMask"],"potions_floor_usage":[50],"damage_taken":[{"damage":9,"enemies":"2 Louse","floor":1,"turns":3},{"damage":0,"enemies":"Cultist","floor":2,"turns":2},{"damage":7,"enemies":"Small Slimes","floor":3,"turns":4},{"damage":7,"enemies":"Blue Slaver","floor":5,"turns":2},{"damage":18,"enemies":"3 Sentries","floor":6,"turns":5},{"damage":8,"enemies":"3 Louse","floor":10,"turns":3},{"damage":28,"enemies":"Lagavulin","floor":11,"turns":4},{"damage":0,"enemies":"Looter","floor":13,"turns":2},{"damage":62,"enemies":"The Guardian","floor":16,"turns":8},{"damage":14,"enemies":"Shell Parasite","floor":18,"turns":3},{"damage":0,"enemies":"Spheric Guardian","floor":19,"turns":2},{"damage":17,"enemies":"3 Cultists","floor":21,"turns":4},{"damage":0,"enemies":"Centurion and Healer","floor":24,"turns":3},{"damage":16,"enemies":"Snecko","floor":27,"turns":3},{"damage":12,"enemies":"Chosen and Byrds","floor":30,"turns":4},{"damage":0,"enemies":"Sentry and Sphere","floor":31,"turns":2},{"damage":34,"enemies":"Champ","floor":33,"turns":8},{"damage":38,"enemies":"3 Darklings","floor":35,"turns":3},{"damage":0,"enemies":"3 Shapes","floor":37,"turns":1},{"damage":5,"enemies":"Spire Growth","floor":39,"turns":2},{"damage":0,"enemies":"Mind Bloom Boss Battle","floor":41,"turns":3},{"damage":0,"enemies":"Jaw Worm Horde","floor":44,"turns":2},{"damage":0,"enemies":"Sphere and 2 Shapes","floor":45,"turns":2},{"damage":0,"enemies":"Transient","floor":46,"turns":5},{"damage":73,"enemies":"Awakened One","floor":50,"turns":9}],"seed_played":"4073769592256842681","potions_obtained":[{"floor":3,"key":"SpeedPotion"},{"floor":6,"key":"AttackPotion"},{"floor":16,"key":"Swift Potion"},{"floor":19,"key":"LiquidBronze"}],"is_trial":false,"path_per_floor":["M","M","M","?","M","E","R","$","T","M","E","T","M","?","R","B",null,"M","M","$","M","?","R","M","?","T","M","R","?","M","M","R","B",null,"M","?","M","?","M","R","?","R","T","M","M","M","?","$","R","B",null],"character_chosen":"IRONCLAD","items_purchased":["Infernal Blade","FairyPotion","Double Tap+1","Chrysalis+1"],"campfire_rested":2,"item_purchase_floors":[8,20,48,48],"current_hp_per_floor":[77,80,79,79,78,66,66,66,66,64,42,42,48,74,74,18,80,72,78,78,67,67,67,73,73,73,63,63,63,57,63,80,52,80,48,48,54,54,55,79,80,80,80,80,80,80,80,80,80,13],"gold":107,"neow_bonus":"","is_prod":false,"is_daily":false,"chose_seed":false,"campfire_upgraded":3,"win_rate":0.0,"timestamp":1559401836,"path_taken":["M","M","M","?","M","E","R","$","T","?","E","?","M","?","R","BOSS","M","M","$","M","?","R","M","?","T","M","R","?","M","M","R","BOSS","M","?","M","?","M","R","?","R","T","M","M","M","?","$","R","BOSS"],"build_version":"2019-01-23","purchased_purges":1,"victory":true,"max_hp_per_floor":[80,80,80,80,80,80,80,80,80,80,80,80,80,80,80,80,80,80,80,80,80,80,80,80,80,80,80,80,80,80,80,80,80,80,80,80,80,80,80,80,80,80,80,80,80,80,80,80,80,80],"card_choices":[{"not_picked":["Sword Boomerang","Cleave"],"picked":"Carnage","floor":1},{"not_picked":["Thunderclap","Sword Boomerang"],"picked":"Anger","floor":2},{"not_picked":["Rupture","Power Through"],"picked":"Bludgeon","floor":3},{"not_picked":["Shrug It Off","Perfected Strike+1"],"picked":"Sword Boomerang+1","floor":5},{"not_picked":["Clothesline+1","Twin Strike+1"],"picked":"Shrug It Off","floor":6},{"not_picked":["Intimidate","Disarm"],"picked":"Headbutt+1","floor":10},{"not_picked":["Seeing Red","Headbutt+1"],"picked":"Cleave+1","floor":11},{"not_picked":["Brutality+1","Entrench"],"picked":"Anger+1","floor":13},{"not_picked":["Fiend Fire+1","Dark Embrace+1"],"picked":"Bludgeon+1","floor":16},{"not_picked":["Combust+1","Armaments"],"picked":"Rupture+1","floor":18},{"not_picked":["Carnage+1","Inflame+1"],"picked":"Shockwave","floor":19},{"not_picked":["Flex","Clash+1"],"picked":"Disarm","floor":21},{"not_picked":["Second Wind+1","Sword Boomerang+1"],"picked":"Uppercut+1","floor":24},{"not_picked":["Burning Pact+1","Armaments"],"picked":"Perfected Strike+1","floor":27},{"not_picked":["Clothesline+1","Offering"],"picked":"Shrug It Off","floor":30},{"not_picked":["Second Wind+1","Disarm"],"picked":"Rage+1","floor":31},{"not_picked":["Fiend Fire+1","Offering"],"picked":"Impervious","floor":33},{"not_picked":["Iron Wave+1","Sword Boomerang+1"],"picked":"Thunderclap+1","floor":35},{"not_picked":["True Grit+1","Flex+1"],"picked":"Cleave+1","floor":37},{"not_picked":["Sadistic Nature+1","Mind Blast+1"],"picked":"Flash of Steel+1","floor":38},{"not_picked":["Sword Boomerang+1","Warcry+1"],"picked":"Perfected Strike+1","floor":39},{"not_picked":["Clothesline+1","Power Through+1"],"picked":"Perfected Strike+1","floor":41},{"not_picked":["Ghostly Armor+1","True Grit+1"],"picked":"Shrug It Off+1","floor":44},{"not_picked":["Disarm+1","Searing Blow+1"],"picked":"Thunderclap+1","floor":45},{"not_picked":["Shrug It Off+1","Pommel Strike+1"],"picked":"Seeing Red+1","floor":46}],"player_experience":0,"relics_obtained":[{"floor":4,"key":"Molten Egg 2"},{"floor":6,"key":"Frozen Egg 2"},{"floor":9,"key":"Shuriken"},{"floor":11,"key":"Anchor"},{"floor":12,"key":"Girya"},{"floor":26,"key":"Gremlin Horn"},{"floor":41,"key":"Ginger"},{"floor":43,"key":"Toxic Egg 2"}],"event_choices":[{"damage_healed":0,"gold_gain":0,"player_choice":"Relic","damage_taken":0,"max_hp_gain":0,"max_hp_loss":0,"event_name":"Wheel of Change","floor":4,"gold_loss":0},{"damage_healed":26,"gold_gain":0,"player_choice":"Banana","damage_taken":0,"max_hp_gain":0,"max_hp_loss":0,"event_name":"Big Fish","floor":14,"gold_loss":0},{"damage_healed":0,"gold_gain":0,"player_choice":"Read","damage_taken":0,"max_hp_gain":0,"max_hp_loss":0,"event_name":"The Library","floor":22,"gold_loss":0,"cards_obtained":["Anger"]},{"damage_healed":0,"gold_gain":0,"player_choice":"Inject Mutagens","damage_taken":0,"relics_obtained":["MutagenicStrength"],"max_hp_gain":0,"max_hp_loss":0,"event_name":"Drug Dealer","floor":25,"gold_loss":0},{"damage_healed":0,"gold_gain":0,"player_choice":"Obtained Relic","damage_taken":0,"relics_obtained":["Orichalcum"],"max_hp_gain":0,"max_hp_loss":0,"event_name":"Addict","floor":29,"gold_loss":85},{"damage_healed":0,"gold_gain":0,"player_choice":"Ignored","damage_taken":0,"max_hp_gain":0,"max_hp_loss":0,"event_name":"Tomb of Lord Red Mask","floor":36,"gold_loss":0},{"damage_healed":0,"gold_gain":0,"player_choice":"Memory 1","damage_taken":0,"max_hp_gain":0,"max_hp_loss":0,"event_name":"SensoryStone","floor":38,"gold_loss":0},{"damage_healed":0,"gold_gain":0,"player_choice":"Fight","damage_taken":0,"max_hp_gain":0,"max_hp_loss":0,"event_name":"MindBloom","floor":41,"gold_loss":0},{"damage_healed":0,"gold_gain":0,"player_choice":"Trade","damage_taken":0,"relics_obtained":["GremlinMask"],"max_hp_gain":0,"max_hp_loss":0,"event_name":"FaceTrader","floor":47,"gold_loss":0}],"is_beta":false,"boss_relics":[{"not_picked":["Snecko Eye","White Beast Statue"],"picked":"Philosopher\u0027s Stone"},{"not_picked":["Mark of Pain","Tiny House"],"picked":"Sozu"}],"items_purged_floors":[48],"is_endless":false,"potions_floor_spawned":[3,6,16,19,21,31,33,35,44,46],"ascension_level":0}