{"gold_per_floor":[119,194,212,230,32,32,83,97,97,153,248,308,308,365,365,519,519,564,377,377,302,402,428,428,460,460,310,350,365,365,400,400,529,529,574,642,307,320,363,363,145,145,226,238,255,255,287,300,300,325,325,325,45,45],"floor_reached":54,"playtime":5832,"items_purged":[],"score":966,"play_id":"311baf14-9ca8-47a9-ae64-dfb4453d4498","local_time":"20190414122234","is_ascension_mode":true,"campfire_choices":[{"data":"HandOfGreed","floor":6.0,"key":"SMITH"},{"data":"True Grit","floor":13.0,"key":"SMITH"},{"data":"Armaments","floor":15.0,"key":"SMITH"},{"data":"Double Tap","floor":24.0,"key":"SMITH"},{"data":"Demon Form","floor":30.0,"key":"SMITH"},{"data":"True Grit","floor":32.0,"key":"SMITH"},{"data":"Wild Strike","floor":40.0,"key":"SMITH"},{"floor":42.0,"key":"RECALL"},{"floor":46.0,"key":"REST"},{"floor":49.0,"key":"REST"},{"data":"Feel No Pain","floor":52.0,"key":"SMITH"}],"neow_cost":"NONE","seed_source_timestamp":300369434080921,"circlet_count":0,"master_deck":["Strike_R","Strike_R","Strike_R","Strike_R","Defend_R","Defend_R","Bash","Pommel Strike","Wild Strike","Clothesline","HandOfGreed+1","Shrug It Off","Wild Strike+1","True Grit+1","Metallicize","Power Through","True Grit+1","Armaments+1","Double Tap+1","Flame Barrier","Sadistic Nature","Feel No Pain","Dual Wield","Shrug It Off","Feel No Pain+1","Metallicize","Bludgeon","Demon Form+1","Flame Barrier","True Grit","Fiend Fire","Uppercut+1","Havoc+1","Secret Technique","Iron Wave+1","Evolve+1","Wild Strike","Pommel Strike+1","True Grit","Metallicize"],"special_seed":0,"relics":["Black Blood","Juzu Bracelet","Mummified Hand","Pocketwatch","Torii","Dodecahedron","Bronze Scales","Gremlin Horn","Anchor","Black Star","Strawberry","Lee\u0027s Waffle","Bottled Tornado","Bottled Lightning","HandDrill"],"potions_floor_usage":[],"damage_taken":[{"damage":7.0,"enemies":"Jaw Worm","floor":1.0,"turns":3.0},{"damage":1.0,"enemies":"Cultist","floor":3.0,"turns":3.0},{"damage":5.0,"enemies":"Small Slimes","floor":4.0,"turns":4.0},{"damage":13.0,"enemies":"Gremlin Nob","floor":7.0,"turns":3.0},{"damage":2.0,"enemies":"3 Louse","floor":8.0,"turns":3.0},{"damage":20.0,"enemies":"Lagavulin","floor":10.0,"turns":3.0},{"damage":8.0,"enemies":"Lots of Slimes","floor":11.0,"turns":5.0},{"damage":0.0,"enemies":"Exordium Thugs","floor":12.0,"turns":5.0},{"damage":2.0,"enemies":"3 Sentries","floor":14.0,"turns":8.0},{"damage":23.0,"enemies":"Slime Boss","floor":16.0,"turns":13.0},{"damage":3.0,"enemies":"Spheric Guardian","floor":18.0,"turns":5.0},{"damage":22.0,"enemies":"Book of Stabbing","floor":23.0,"turns":7.0},{"damage":32.0,"enemies":"Slavers","floor":25.0,"turns":6.0},{"damage":11.0,"enemies":"3 Byrds","floor":28.0,"turns":4.0},{"damage":18.0,"enemies":"Shelled Parasite and Fungi","floor":29.0,"turns":5.0},{"damage":5.0,"enemies":"Book of Stabbing","floor":31.0,"turns":5.0},{"damage":37.0,"enemies":"Automaton","floor":33.0,"turns":10.0},{"damage":24.0,"enemies":"Orb Walker","floor":35.0,"turns":4.0},{"damage":4.0,"enemies":"3 Shapes","floor":36.0,"turns":7.0},{"damage":19.0,"enemies":"Sphere and 2 Shapes","floor":38.0,"turns":11.0},{"damage":12.0,"enemies":"Jaw Worm Horde","floor":39.0,"turns":7.0},{"damage":53.0,"enemies":"Transient","floor":44.0,"turns":5.0},{"damage":47.0,"enemies":"Spire Growth","floor":45.0,"turns":5.0},{"damage":35.0,"enemies":"Reptomancer","floor":47.0,"turns":7.0},{"damage":18.0,"enemies":"Maw","floor":48.0,"turns":7.0},{"damage":46.0,"enemies":"Time Eater","floor":50.0,"turns":15.0},{"damage":104,"enemies":"Shield and Spear","floor":54,"turns":6}],"seed_played":"-4545259830527233459","potions_obtained":[{"floor":3.0,"key":"LiquidBronze"},{"floor":8.0,"key":"AttackPotion"},{"floor":12.0,"key":"Block Potion"},{"floor":16.0,"key":"EssenceOfSteel"},{"floor":18.0,"key":"Weak Potion"},{"floor":28.0,"key":"SteroidPotion"},{"floor":31.0,"key":"Poison Potion"},{"floor":38.0,"key":"PowerPotion"},{"floor":39.0,"key":"Block Potion"},{"floor":44.0,"key":"Strength Potion"},{"floor":48.0,"key":"LiquidBronze"}],"is_trial":false,"path_per_floor":["M","?","M","M","$","R","E","M","T","E","M","M","R","E","R","B",null,"M","$","?","?","?","E","R","E","T","$","M","M","R","E","R","B",null,"M","M","$","M","M","R","$","R","T","M","M","R","E","M","R","B",null,"R","$","E"],"character_chosen":"IRONCLAD","items_purchased":["HandOfGreed","Shrug It Off","Sadistic Nature","Metallicize","Bludgeon","Strawberry","Secret Technique","Lee\u0027s Waffle","Wild Strike","Metallicize","HandDrill"],"campfire_rested":2,"item_purchase_floors":[5,5,19,27,27,37,37,41,41,53,53],"current_hp_per_floor":[87,79,84,85,85,85,78,82,82,68,66,72,72,76,76,59,88,88,88,88,88,88,76,76,54,54,54,53,45,45,50,50,23,88,74,80,87,78,76,76,102,102,102,59,22,52,27,19,49,13,102,102,102,0],"gold":45,"neow_bonus":"TEN_PERCENT_HP_BONUS","is_prod":false,"is_daily":false,"chose_seed":false,"campfire_upgraded":8,"win_rate":0,"timestamp":1555269754,"path_taken":["M","?","M","M","$","R","E","M","T","E","M","M","R","E","R","BOSS","M","$","?","?","?","E","R","E","T","$","M","M","R","E","R","BOSS","M","M","$","M","M","R","?","R","T","M","M","R","E","M","R","BOSS","R","$","E"],"build_version":"2019-01-23","purchased_purges":0,"victory":false,"max_hp_per_floor":[88,88,88,88,88,88,88,88,88,88,88,88,88,88,88,88,88,88,88,88,88,88,88,88,88,88,88,88,88,88,88,88,88,88,88,88,95,95,95,95,102,102,102,102,102,102,102,102,102,102,102,102,102,102],"card_choices":[{"not_picked":["Flex","Havoc"],"picked":"Pommel Strike","floor":1.0},{"not_picked":["Disarm","Perfected Strike"],"picked":"Wild Strike","floor":3.0},{"not_picked":["Headbutt","Uppercut"],"picked":"Clothesline","floor":4.0},{"not_picked":["Perfected Strike","Bloodletting"],"picked":"Wild Strike","floor":7.0},{"not_picked":["Cleave","Carnage"],"picked":"True Grit","floor":8.0},{"not_picked":["Headbutt","Clothesline"],"picked":"Metallicize","floor":10.0},{"not_picked":["Immolate","Iron Wave"],"picked":"Power Through","floor":11.0},{"not_picked":["Flex","Second Wind"],"picked":"True Grit","floor":12.0},{"not_picked":["Shockwave","Searing Blow"],"picked":"Armaments","floor":14.0},{"not_picked":["Berserk","Offering"],"picked":"Double Tap","floor":16.0},{"not_picked":["Clothesline","Rampage+1"],"picked":"Flame Barrier","floor":18.0},{"not_picked":["Heavy Blade","Sentinel"],"picked":"Shrug It Off","floor":23.0},{"not_picked":["Flex","Infernal Blade"],"picked":"Feel No Pain","floor":25.0},{"not_picked":["Thunderclap+1","Wild Strike"],"picked":"Demon Form","floor":28.0},{"not_picked":["Warcry","Anger"],"picked":"Flame Barrier","floor":29.0},{"not_picked":["Headbutt+1","Wild Strike"],"picked":"True Grit","floor":31.0},{"not_picked":["Brutality","Limit Break"],"picked":"Fiend Fire","floor":33.0},{"not_picked":["Flame Barrier","Pommel Strike+1"],"picked":"Uppercut+1","floor":35.0},{"not_picked":["Perfected Strike","Cleave+1"],"picked":"Havoc+1","floor":36.0},{"not_picked":["Carnage","Disarm"],"picked":"Iron Wave+1","floor":38.0},{"not_picked":["Rupture+1","Sentinel+1"],"picked":"Evolve+1","floor":39.0},{"not_picked":["Flex","Flame Barrier"],"picked":"Pommel Strike+1","floor":44.0},{"not_picked":["Berserk","Uppercut","Clash"],"picked":"SKIP","floor":45.0},{"not_picked":["Berserk","Clash+1"],"picked":"True Grit","floor":47.0},{"not_picked":["Clothesline","Clash","Thunderclap+1"],"picked":"SKIP","floor":48.0}],"player_experience":416498,"relics_obtained":[{"floor":7.0,"key":"Juzu Bracelet"},{"floor":9.0,"key":"Mummified Hand"},{"floor":10.0,"key":"Pocketwatch"},{"floor":14.0,"key":"Torii"},{"floor":23.0,"key":"Dodecahedron"},{"floor":25.0,"key":"Bronze Scales"},{"floor":26.0,"key":"Gremlin Horn"},{"floor":31.0,"key":"Anchor"},{"floor":47.0,"key":"Bottled Tornado"},{"floor":47.0,"key":"Bottled Lightning"}],"event_choices":[{"damage_healed":0.0,"max_hp_gain":0.0,"max_hp_loss":0.0,"gold_gain":75.0,"event_name":"FaceTrader","player_choice":"Touch","floor":2.0,"gold_loss":0.0,"damage_taken":8.0},{"damage_healed":0.0,"max_hp_gain":0.0,"max_hp_loss":0.0,"gold_gain":0.0,"cards_transformed":["Strike_R","Defend_R"],"event_name":"Drug Dealer","player_choice":"Became Test Subject","floor":20.0,"gold_loss":0.0,"damage_taken":0.0,"cards_obtained":["Feel No Pain","Dual Wield"]},{"cards_removed":["Defend_R"],"damage_healed":0.0,"max_hp_gain":0.0,"max_hp_loss":0.0,"gold_gain":0.0,"event_name":"Beggar","player_choice":"Gave Gold","floor":21.0,"gold_loss":75.0,"damage_taken":0.0},{"damage_healed":0.0,"max_hp_gain":0.0,"max_hp_loss":0.0,"gold_gain":100.0,"event_name":"Golden Shrine","player_choice":"Pray","floor":22.0,"gold_loss":0.0,"damage_taken":0.0}],"is_beta":false,"boss_relics":[{"not_picked":["Tiny House","Runic Pyramid"],"picked":"Black Blood"},{"not_picked":["Empty Cage","Eternal Feather"],"picked":"Black Star"}],"items_purged_floors":[],"is_endless":false,"potions_floor_spawned":[3,8,12,16,18,28,31,38,39,44,48],"killed_by":"Shield and Spear","ascension_level":4}