{"gold_per_floor":[363,374,394,60,60,60,60,60,60,60,60,84,104,104,104,198,198,221,234,214,38,52,52,72,72],"floor_reached":25,"playtime":1113,"items_purged":["Regret"],"score":347,"play_id":"c0a45168-2fad-4288-84ca-110594dca8d9","local_time":"20190506230805","is_ascension_mode":true,"campfire_choices":[{"data":"Neutralize","floor":6.0,"key":"SMITH"},{"data":"Sucker Punch","floor":8.0,"key":"SMITH"},{"data":"All Out Attack","floor":10.0,"key":"SMITH"},{"floor":15.0,"key":"REST"},{"floor":23,"key":"REST"}],"neow_cost":"TEN_PERCENT_HP_LOSS","seed_source_timestamp":907808682049607,"circlet_count":0,"master_deck":["AscendersBane","Defend_G","Defend_G","Defend_G","Defend_G","Strike_G","Strike_G","Strike_G","Strike_G","Strike_G","Survivor","Neutralize+1","Sucker Punch+1","Dagger Spray","All Out Attack+1","Bane","Bouncing Flask","Flying Knee","Corpse Explosion","Flying Knee+1","Footwork","Flash of Steel","Deadly Poison+1","Skewer"],"special_seed":0,"relics":["Ring of the Snake","WingedGreaves","Oddly Smooth Stone","Centennial Puzzle","Golden Idol","Bottled Flame","WristBlade"],"potions_floor_usage":[22,22,25],"damage_taken":[{"damage":0.0,"enemies":"Small Slimes","floor":1.0,"turns":3.0},{"damage":0.0,"enemies":"2 Louse","floor":2.0,"turns":4.0},{"damage":0.0,"enemies":"Cultist","floor":3.0,"turns":4.0},{"damage":6.0,"enemies":"Gremlin Gang","floor":12.0,"turns":3.0},{"damage":4.0,"enemies":"Red Slaver","floor":13.0,"turns":4.0},{"damage":36.0,"enemies":"Hexaghost","floor":16.0,"turns":9.0},{"damage":25.0,"enemies":"Spheric Guardian","floor":18.0,"turns":7.0},{"damage":13.0,"enemies":"3 Byrds","floor":19.0,"turns":3.0},{"damage":7,"enemies":"Snake Plant","floor":22,"turns":4},{"damage":18,"enemies":"Centurion and Healer","floor":24,"turns":6},{"damage":7,"enemies":"Snecko","floor":25,"turns":2}],"seed_played":"-3995584328021241265","potions_obtained":[{"floor":12.0,"key":"SpeedPotion"},{"floor":13.0,"key":"Strength Potion"},{"floor":16.0,"key":"SkillPotion"},{"floor":20.0,"key":"Strength Potion"},{"floor":24,"key":"Explosive Potion"}],"is_trial":false,"path_per_floor":["M","M","M","$","?","R","?","R","T","R","?","M","M","T","R","B",null,"M","M","?","$","M","R","M","M"],"character_chosen":"THE_SILENT","items_purchased":["WingedGreaves","Flash of Steel"],"campfire_rested":2,"item_purchase_floors":[4,21],"current_hp_per_floor":[59,59,59,59,59,59,59,59,59,59,38,32,28,28,46,10,48,23,10,10,10,3,21,3,0],"gold":72,"neow_bonus":"TWO_FIFTY_GOLD","is_prod":false,"is_daily":false,"chose_seed":false,"campfire_upgraded":3,"win_rate":0,"timestamp":1557151685,"path_taken":["M","M","M","$","?","R","?","R","T","R","?","M","M","?","R","BOSS","M","M","?","$","M","R","M","?"],"build_version":"2019-01-23","purchased_purges":1,"victory":false,"max_hp_per_floor":[60,60,60,60,60,60,60,60,60,60,60,60,60,60,60,60,60,60,60,60,60,60,60,60,60],"card_choices":[{"not_picked":["Dagger Spray","Prepared"],"picked":"Sucker Punch","floor":1.0},{"not_picked":["Deflect","Outmaneuver"],"picked":"Dagger Spray","floor":2.0},{"not_picked":["Sucker Punch","Underhanded Strike"],"picked":"All Out Attack","floor":3.0},{"not_picked":["Underhanded Strike","Accuracy"],"picked":"Bouncing Flask","floor":12.0},{"not_picked":["Underhanded Strike","Prepared"],"picked":"Flying Knee","floor":13.0},{"not_picked":["Venomology","Envenom"],"picked":"Corpse Explosion","floor":16.0},{"not_picked":["Deflect","Infinite Blades"],"picked":"Flying Knee+1","floor":18.0},{"not_picked":["Prepared","Choke"],"picked":"Footwork","floor":19.0},{"not_picked":["Slice","Underhanded Strike"],"picked":"Deadly Poison+1","floor":22},{"not_picked":["Accuracy+1","Deflect"],"picked":"Skewer","floor":24}],"player_experience":1099458,"relics_obtained":[{"floor":9.0,"key":"Centennial Puzzle"},{"floor":14.0,"key":"Bottled Flame"}],"event_choices":[{"damage_healed":0.0,"max_hp_gain":0.0,"max_hp_loss":0.0,"gold_gain":0.0,"cards_transformed":["Defend_G"],"event_name":"Living Wall","player_choice":"Change","floor":5.0,"gold_loss":0.0,"damage_taken":0.0,"cards_obtained":["Bane"]},{"damage_healed":0.0,"max_hp_gain":0.0,"max_hp_loss":0.0,"gold_gain":0.0,"event_name":"Big Fish","player_choice":"Box","floor":7.0,"gold_loss":0.0,"damage_taken":0.0,"relics_obtained":["Oddly Smooth Stone"],"cards_obtained":["Regret"]},{"damage_healed":0.0,"max_hp_gain":0.0,"max_hp_loss":0.0,"gold_gain":0.0,"event_name":"Golden Idol","player_choice":"Take Damage","floor":11.0,"gold_loss":0.0,"damage_taken":21.0,"relics_obtained":["Golden Idol"]},{"damage_healed":0.0,"max_hp_gain":0.0,"max_hp_loss":0.0,"gold_gain":0.0,"event_name":"The Woman in Blue","player_choice":"Bought 1 Potion","floor":20.0,"gold_loss":0.0,"damage_taken":0.0}],"is_beta":false,"boss_relics":[{"not_picked":["Snecko Eye","Ectoplasm"],"picked":"WristBlade"}],"items_purged_floors":[21],"is_endless":false,"potions_floor_spawned":[12,13,16,24],"killed_by":"Snecko","ascension_level":16}