{"gold_per_floor":[111,128,148,148,159,159,192,209,209,235,235,210,230,242,242,347,397,417,417,417,431,496,496,512,512,537,537,556,139,189,219,219,322,322,334,384,434,86,136,136,186,199,199,264,276,276,287,303,303,303],"floor_reached":50,"playtime":3831,"items_purged":[],"score":733,"play_id":"f12033b2-97b1-4bd9-aa2a-f7d1ce7bccff","local_time":"20190415134837","is_ascension_mode":true,"campfire_choices":[{"data":"Noxious Fumes","floor":6.0,"key":"SMITH"},{"data":"Envenom","floor":15.0,"key":"SMITH"},{"floor":23.0,"key":"RECALL"},{"floor":25.0,"key":"REST"},{"data":"RitualDagger","floor":27.0,"key":"SMITH"},{"data":"Caltrops","floor":32.0,"key":"SMITH"},{"data":"Noxious Fumes","floor":40.0,"key":"SMITH"},{"floor":46.0,"key":"REST"},{"floor":49,"key":"REST"}],"neow_cost":"NONE","seed_source_timestamp":389630457656051,"circlet_count":0,"master_deck":["Defend_G","Defend_G","Defend_G","Defend_G","Survivor","Neutralize+1","Finesse","Flying Knee","Masterful Stab","Noxious Fumes+1","Quick Slash","All Out Attack","Dagger Throw","Dash+1","Deflect","Envenom+1","Bullet Time","Sucker Punch","Cloak And Dagger+1","RitualDagger+1","Dagger Throw+1","Deflect+1","Cloak And Dagger+1","Terror+1","Panache","Caltrops+1","Bite","Bite","Bite","Bite","Bite","Backstab","Die Die Die","Blade Dance+1","PanicButton","Crippling Poison","Noxious Fumes+1","Poisoned Stab","Sucker Punch","Dagger Throw","Parasite","Dagger Throw","Backstab","Finisher+1","Backflip+1"],"special_seed":0,"relics":["Ring of the Snake","Shuriken","Orichalcum","Tiny House","SsserpentHead","Happy Flower","Boot","Blue Candle","Runic Pyramid","Bronze Scales","Question Card","Mummified Hand"],"potions_floor_usage":[50,50],"damage_taken":[{"damage":0.0,"enemies":"2 Louse","floor":1.0,"turns":3.0},{"damage":0.0,"enemies":"Jaw Worm","floor":2.0,"turns":5.0},{"damage":0.0,"enemies":"Cultist","floor":3.0,"turns":3.0},{"damage":0.0,"enemies":"3 Louse","floor":5.0,"turns":4.0},{"damage":0.0,"enemies":"Gremlin Nob","floor":7.0,"turns":2.0},{"damage":0.0,"enemies":"Exordium Wildlife","floor":8.0,"turns":2.0},{"damage":8.0,"enemies":"Lagavulin","floor":10.0,"turns":6.0},{"damage":3.0,"enemies":"Large Slime","floor":13.0,"turns":6.0},{"damage":0.0,"enemies":"2 Fungi Beasts","floor":14.0,"turns":2.0},{"damage":8.0,"enemies":"Slime Boss","floor":16.0,"turns":8.0},{"damage":5.0,"enemies":"Shell Parasite","floor":18.0,"turns":6.0},{"damage":0.0,"enemies":"Spheric Guardian","floor":21.0,"turns":3.0},{"damage":1.0,"enemies":"3 Cultists","floor":22.0,"turns":4.0},{"damage":35.0,"enemies":"Sentry and Sphere","floor":24.0,"turns":6.0},{"damage":13.0,"enemies":"Shelled Parasite and Fungi","floor":28.0,"turns":5.0},{"damage":0.0,"enemies":"Slavers","floor":31.0,"turns":3.0},{"damage":37.0,"enemies":"Champ","floor":33.0,"turns":8.0},{"damage":0.0,"enemies":"Orb Walker","floor":35.0,"turns":3.0},{"damage":11.0,"enemies":"3 Darklings","floor":42.0,"turns":4.0},{"damage":16.0,"enemies":"Writhing Mass","floor":44.0,"turns":4.0},{"damage":13.0,"enemies":"Jaw Worm Horde","floor":45.0,"turns":3.0},{"damage":27.0,"enemies":"Maw","floor":47.0,"turns":6.0},{"damage":5,"enemies":"Transient","floor":48,"turns":5},{"damage":71,"enemies":"Time Eater","floor":50,"turns":6}],"seed_played":"-4076345132383638398","potions_obtained":[{"floor":2.0,"key":"GamblersBrew"},{"floor":3.0,"key":"GamblersBrew"},{"floor":5.0,"key":"SteroidPotion"},{"floor":8.0,"key":"Regen Potion"},{"floor":10.0,"key":"LiquidBronze"},{"floor":13.0,"key":"SpeedPotion"},{"floor":16.0,"key":"FairyPotion"},{"floor":17.0,"key":"Explosive Potion"},{"floor":28.0,"key":"Fire Potion"},{"floor":31.0,"key":"Energy Potion"},{"floor":33.0,"key":"Ancient Potion"},{"floor":35.0,"key":"Ancient Potion"},{"floor":44.0,"key":"Strength Potion"},{"floor":48,"key":"Regen Potion"}],"is_trial":false,"path_per_floor":["M","M","M","?","M","R","E","M","T","E","?","?","M","M","R","B",null,"M","?","?","M","M","R","M","R","T","R","M","$","?","E","R","B",null,"M","?","?","$","?","R","T","M","T","M","M","R","M","M","R","B"],"character_chosen":"THE_SILENT","items_purchased":["Panache","Caltrops","Boot","Bronze Scales","Crippling Poison","Noxious Fumes","Poisoned Stab","Sucker Punch"],"campfire_rested":3,"item_purchase_floors":[29,29,29,38,38,38,38,38],"current_hp_per_floor":[70,70,70,56,56,56,56,56,56,48,48,48,60,60,60,52,71,66,60,60,60,59,59,24,46,46,46,33,33,33,37,37,16,43,51,51,51,51,49,49,49,42,42,30,21,35,18,23,37,0],"gold":303,"neow_bonus":"RANDOM_COLORLESS","is_prod":false,"is_daily":false,"chose_seed":false,"campfire_upgraded":5,"win_rate":0,"timestamp":1555361317,"path_taken":["M","M","M","?","M","R","E","M","T","E","?","?","M","M","R","BOSS","M","?","?","M","?","R","M","R","T","R","M","$","?","E","R","BOSS","M","?","?","$","?","R","?","M","T","?","M","R","M","M","R","BOSS"],"build_version":"2019-01-23","purchased_purges":0,"victory":false,"max_hp_per_floor":[70,70,70,70,70,70,70,70,70,70,70,70,70,70,70,70,75,75,75,75,75,75,75,75,75,75,75,75,75,52,52,52,52,52,52,52,52,52,49,49,49,49,49,49,49,49,49,49,49,49],"card_choices":[{"not_picked":["Outmaneuver","Acrobatics"],"picked":"Flying Knee","floor":1.0},{"not_picked":["Riddle With Holes","Acrobatics"],"picked":"Masterful Stab","floor":2.0},{"not_picked":["Bouncing Flask","Sucker Punch"],"picked":"Noxious Fumes","floor":3.0},{"not_picked":["Accuracy","Flying Knee"],"picked":"Quick Slash","floor":5.0},{"not_picked":["Outmaneuver","Quick Slash"],"picked":"All Out Attack","floor":7.0},{"not_picked":["Underhanded Strike","Quick Slash"],"picked":"Dagger Throw","floor":8.0},{"not_picked":["Deadly Poison","Quick Slash"],"picked":"Dash","floor":10.0},{"not_picked":["Flechettes","Acrobatics"],"picked":"Deflect","floor":13.0},{"not_picked":["Blur","Dagger Spray"],"picked":"Envenom","floor":14.0},{"not_picked":["Tools of the Trade","Night Terror"],"picked":"Bullet Time","floor":16.0},{"not_picked":["Underhanded Strike","Acrobatics"],"picked":"Sucker Punch","floor":17.0},{"not_picked":["Backflip","Skewer+1"],"picked":"Cloak And Dagger+1","floor":18.0},{"not_picked":["Predator","Flechettes"],"picked":"Dagger Throw+1","floor":21.0},{"not_picked":["Dagger Spray","Reflex"],"picked":"Deflect+1","floor":22.0},{"not_picked":["Infinite Blades","Acrobatics"],"picked":"Cloak And Dagger+1","floor":24.0},{"not_picked":["Escape Plan","Quick Slash"],"picked":"Terror+1","floor":28.0},{"not_picked":["Envenom","Skewer"],"picked":"Backstab","floor":31.0},{"not_picked":["Night Terror","A Thousand Cuts"],"picked":"Die Die Die","floor":33.0},{"not_picked":["Well Laid Plans","Tactician"],"picked":"Blade Dance+1","floor":35.0},{"not_picked":["Flash of Steel","Swift Strike"],"picked":"PanicButton","floor":37.0},{"not_picked":["Cloak And Dagger","Backflip","Concentrate"],"picked":"Dagger Throw","floor":42.0},{"not_picked":["Poisoned Stab","Underhanded Strike","Doppelganger"],"picked":"Dagger Throw","floor":44.0},{"not_picked":["Outmaneuver+1","Poisoned Stab+1","Quick Slash+1"],"picked":"Backstab","floor":45.0},{"not_picked":["Quick Slash","Prepared+1","Riddle With Holes"],"picked":"Finisher+1","floor":47.0},{"not_picked":["Cloak And Dagger","Flying Knee","Sucker Punch+1"],"picked":"Backflip+1","floor":48}],"player_experience":432067,"relics_obtained":[{"floor":7.0,"key":"Shuriken"},{"floor":10.0,"key":"Orichalcum"},{"floor":26.0,"key":"Happy Flower"},{"floor":31.0,"key":"Blue Candle"},{"floor":41.0,"key":"Question Card"},{"floor":43.0,"key":"Mummified Hand"}],"event_choices":[{"damage_healed":0.0,"max_hp_gain":0.0,"max_hp_loss":0.0,"gold_gain":0.0,"event_name":"Shining Light","player_choice":"Entered Light","floor":4.0,"gold_loss":0.0,"damage_taken":14.0,"cards_upgraded":["Strike_G","Neutralize"]},{"damage_healed":0.0,"max_hp_gain":0.0,"max_hp_loss":0.0,"gold_gain":0.0,"event_name":"Living Wall","player_choice":"Grow","floor":11.0,"gold_loss":0.0,"damage_taken":0.0,"cards_upgraded":["Dash"]},{"damage_healed":0.0,"max_hp_gain":0.0,"max_hp_loss":0.0,"gold_gain":0.0,"event_name":"World of Goop","player_choice":"Left Gold","floor":12.0,"gold_loss":25.0,"damage_taken":0.0},{"damage_healed":0.0,"max_hp_gain":0.0,"max_hp_loss":0.0,"gold_gain":0.0,"event_name":"Nest","player_choice":"Joined the Cult","floor":19.0,"gold_loss":0.0,"damage_taken":6.0,"cards_obtained":["RitualDagger"]},{"damage_healed":0.0,"max_hp_gain":0.0,"max_hp_loss":0.0,"gold_gain":0.0,"event_name":"FaceTrader","player_choice":"Trade","floor":20.0,"gold_loss":0.0,"damage_taken":0.0,"relics_obtained":["SsserpentHead"]},{"damage_healed":0.0,"max_hp_gain":0.0,"max_hp_loss":23.0,"gold_gain":0.0,"event_name":"Vampires","player_choice":"Became a vampire","floor":30.0,"gold_loss":0.0,"damage_taken":0.0,"cards_obtained":["Bite","Bite","Bite","Bite","Bite"]},{"cards_removed":["Defend_G"],"damage_healed":0.0,"max_hp_gain":0.0,"max_hp_loss":0.0,"gold_gain":0.0,"event_name":"Falling","player_choice":"Removed Skill","floor":36.0,"gold_loss":0.0,"damage_taken":0.0},{"damage_healed":0.0,"max_hp_gain":0.0,"max_hp_loss":0.0,"gold_gain":0.0,"event_name":"SensoryStone","player_choice":"Memory 1","floor":37.0,"gold_loss":0.0,"damage_taken":0.0},{"damage_healed":0.0,"max_hp_gain":0.0,"max_hp_loss":3.0,"gold_gain":0.0,"event_name":"Winding Halls","player_choice":"Max HP","floor":39.0,"gold_loss":0.0,"damage_taken":0.0}],"is_beta":false,"boss_relics":[{"not_picked":["Empty Cage","Philosopher\u0027s Stone"],"picked":"Tiny House"},{"not_picked":["HoveringKite","Ring of the Serpent"],"picked":"Runic Pyramid"}],"items_purged_floors":[],"is_endless":false,"potions_floor_spawned":[2,3,5,8,10,13,16,28,31,33,35,44,48],"killed_by":"Time Eater","ascension_level":5}