{"gold_per_floor":[366,215,215,234,234,265,265,298,298,352,352,352,364,30,30,102,102,116,129,129,146,164,164,189,189,212,60,60,60],"floor_reached":29,"playtime":1101,"items_purged":["Normality"],"score":436,"play_id":"f5e6ab5e-e6e7-4df8-bd46-0aa85746de38","local_time":"20190607085639","is_ascension_mode":true,"campfire_choices":[{"floor":7.0,"key":"REST"},{"floor":11.0,"key":"REST"},{"data":"A Thousand Cuts","floor":15.0,"key":"SMITH"},{"floor":23.0,"key":"REST"}],"neow_cost":"CURSE","seed_source_timestamp":272995157865100,"circlet_count":0,"master_deck":["AscendersBane","Defend_G","Defend_G","Defend_G","Defend_G+1","Defend_G","Strike_G+1","Strike_G","Strike_G","Strike_G","Strike_G","Survivor+1","Neutralize","PiercingWail","Footwork+1","Bane+1","Slice","Acrobatics+1","A Thousand Cuts+1","Deadly Poison+1","Good Instincts+1","Die Die Die","Blade Dance+1","Outmaneuver+1","Deflect+1","Sucker Punch","Backstab","Accuracy","A Thousand Cuts","Flying Knee","Blade Dance+1","Infinite Blades","Storm of Steel+1"],"special_seed":0,"relics":["Ring of the Snake","Toxic Egg 2","War Paint","Meat on the Bone","Tiny Chest","Pen Nib","Orrery","Bag of Preparation","Whetstone"],"potions_floor_usage":[29],"damage_taken":[{"damage":7.0,"enemies":"Jaw Worm","floor":1.0,"turns":6.0},{"damage":1.0,"enemies":"Small Slimes","floor":4.0,"turns":7.0},{"damage":35.0,"enemies":"Gremlin Nob","floor":6.0,"turns":6.0},{"damage":26.0,"enemies":"3 Sentries","floor":8.0,"turns":9.0},{"damage":4.0,"enemies":"2 Louse","floor":13.0,"turns":4.0},{"damage":4.0,"enemies":"The Guardian","floor":16.0,"turns":11.0},{"damage":6.0,"enemies":"Chosen","floor":18.0,"turns":5.0},{"damage":42.0,"enemies":"2 Thieves","floor":19.0,"turns":5.0},{"damage":8.0,"enemies":"Centurion and Healer","floor":21.0,"turns":7.0},{"damage":17.0,"enemies":"Snake Plant","floor":22.0,"turns":4.0},{"damage":30.0,"enemies":"Slavers","floor":24.0,"turns":4.0},{"damage":24,"enemies":"Shelled Parasite and Fungi","floor":29,"turns":2}],"seed_played":"-5450199234864877102","potions_obtained":[{"floor":4.0,"key":"Energy Potion"},{"floor":6.0,"key":"AttackPotion"},{"floor":22.0,"key":"LiquidBronze"},{"floor":24.0,"key":"Explosive Potion"}],"is_trial":false,"path_per_floor":["M","$","?","M","?","E","R","E","T","T","R","?","M","$","R","B",null,"M","M","?","M","M","R","E","?","T","$","?","M"],"character_chosen":"THE_SILENT","items_purchased":["Footwork","Pen Nib","Deadly Poison+1","Good Instincts+1","Poison Potion","Storm of Steel+1"],"campfire_rested":3,"item_purchase_floors":[2,14,14,14,14,27],"current_hp_per_floor":[52,52,52,51,51,16,35,9,9,9,28,50,46,46,46,42,60,54,24,24,28,23,42,24,24,24,24,24,0],"gold":60,"neow_bonus":"TWO_FIFTY_GOLD","is_prod":false,"is_daily":false,"chose_seed":false,"campfire_upgraded":1,"win_rate":0,"timestamp":1559922999,"path_taken":["M","$","?","M","?","E","R","E","T","?","R","?","M","?","R","BOSS","M","M","?","M","M","R","E","?","T","$","?","?"],"build_version":"2019-01-23","purchased_purges":1,"victory":false,"max_hp_per_floor":[66,66,66,66,66,66,66,66,66,66,66,66,66,66,66,66,66,66,66,66,66,66,66,66,66,66,66,66,66],"card_choices":[{"not_picked":["Blade Dance","Dodge and Roll"],"picked":"PiercingWail","floor":1.0},{"not_picked":["Flying Knee","Acrobatics"],"picked":"Bane","floor":4.0},{"not_picked":["Cloak And Dagger","Quick Slash"],"picked":"Slice","floor":6.0},{"not_picked":["Infinite Blades","Underhanded Strike"],"picked":"Acrobatics+1","floor":8.0},{"not_picked":["Flechettes","Outmaneuver+1"],"picked":"A Thousand Cuts","floor":13.0},{"not_picked":["Venomology+1","Grand Finale"],"picked":"Die Die Die","floor":16.0},{"not_picked":["Predator","Backflip+1"],"picked":"Blade Dance+1","floor":17.0},{"not_picked":["Quick Slash","Riddle With Holes"],"picked":"Outmaneuver+1","floor":17.0},{"not_picked":["Deadly Poison+1","Night Terror+1"],"picked":"Deflect+1","floor":17.0},{"not_picked":["Dagger Throw","Poisoned Stab"],"picked":"Sucker Punch","floor":17.0},{"not_picked":["Underhanded Strike","Deadly Poison+1"],"picked":"Backstab","floor":18.0},{"not_picked":["Backflip+1","Poisoned Stab+1"],"picked":"Accuracy","floor":19.0},{"not_picked":["Outmaneuver+1","Underhanded Strike"],"picked":"A Thousand Cuts","floor":21.0},{"not_picked":["Underhanded Strike","Eviscerate"],"picked":"Flying Knee","floor":22.0},{"not_picked":["Distraction+1","Reflex+1"],"picked":"Blade Dance+1","floor":24.0}],"player_experience":361551,"relics_obtained":[{"floor":6.0,"key":"Toxic Egg 2"},{"floor":8.0,"key":"War Paint"},{"floor":9.0,"key":"Meat on the Bone"},{"floor":10.0,"key":"Tiny Chest"},{"floor":24.0,"key":"Bag of Preparation"},{"floor":26.0,"key":"Whetstone"}],"event_choices":[{"damage_healed":0.0,"max_hp_gain":0.0,"max_hp_loss":0.0,"gold_gain":0.0,"event_name":"Living Wall","player_choice":"Grow","floor":3.0,"gold_loss":0.0,"damage_taken":0.0,"cards_upgraded":["Footwork"]},{"damage_healed":0.0,"max_hp_gain":0.0,"max_hp_loss":0.0,"gold_gain":0.0,"event_name":"Shining Light","player_choice":"Ignored","floor":5.0,"gold_loss":0.0,"damage_taken":0.0},{"damage_healed":22.0,"max_hp_gain":0.0,"max_hp_loss":0.0,"gold_gain":0.0,"event_name":"Big Fish","player_choice":"Banana","floor":12.0,"gold_loss":0.0,"damage_taken":0.0},{"damage_healed":0.0,"max_hp_gain":0.0,"max_hp_loss":0.0,"gold_gain":0.0,"event_name":"Cursed Tome","player_choice":"Ignored","floor":20.0,"gold_loss":0.0,"damage_taken":0.0},{"damage_healed":0.0,"max_hp_gain":0.0,"max_hp_loss":0.0,"gold_gain":0.0,"event_name":"The Library","player_choice":"Read","floor":25.0,"gold_loss":0.0,"damage_taken":0.0,"cards_obtained":["Infinite Blades"]},{"damage_healed":0.0,"max_hp_gain":0.0,"max_hp_loss":0.0,"gold_gain":0.0,"event_name":"Beggar","player_choice":"Ignored","floor":28.0,"gold_loss":0.0,"damage_taken":0.0}],"is_beta":false,"boss_relics":[{"not_picked":["Black Star","Ectoplasm"],"picked":"Orrery"}],"items_purged_floors":[2],"is_endless":false,"potions_floor_spawned":[4,6,22,24],"killed_by":"Shelled Parasite and Fungi","ascension_level":15}