{"gold_per_floor":[118,118,134,134,33,63,63,63,63,94,94,129,129,158,158,255,255,274,189,189,288,33,33,33],"floor_reached":24,"playtime":797,"items_purged":["Strike_R","Bite"],"score":326,"play_id":"89d91098-84fd-48ca-8ce4-f6959d3c06a8","local_time":"20190524213912","is_ascension_mode":true,"campfire_choices":[{"data":"Body Slam","floor":8,"key":"SMITH"},{"floor":11,"key":"REST"},{"floor":15,"key":"REST"},{"floor":23,"key":"REST"}],"neow_cost":"NONE","seed_source_timestamp":535730411037239,"circlet_count":0,"master_deck":["Defend_R","Defend_R","Defend_R","Defend_R","Bash","Clothesline","Pommel Strike","Body Slam+1","Battle Trance+1","Sentinel","Rampage","Juggernaut","Bloodletting+1","Bite","Bite","Bite","Bite"],"relics":["Burning Blood","NeowsBlessing","Question Card","Whetstone","Ancient Tea Set","Vajra","Centennial Puzzle","Black Star","Anchor","Lantern"],"potions_floor_usage":[10,16,24],"damage_taken":[{"damage":0,"enemies":"2 Louse","floor":1,"turns":1},{"damage":0,"enemies":"Small Slimes","floor":3,"turns":1},{"damage":0,"enemies":"Gremlin Nob","floor":6,"turns":1},{"damage":26,"enemies":"Lagavulin","floor":10,"turns":5},{"damage":40,"enemies":"3 Sentries","floor":12,"turns":7},{"damage":24,"enemies":"Gremlin Nob","floor":14,"turns":4},{"damage":47,"enemies":"The Guardian","floor":16,"turns":11},{"damage":37,"enemies":"Spheric Guardian","floor":18,"turns":6},{"damage":86,"enemies":"Slavers","floor":24,"turns":4}],"seed_played":"383080817129750995","potions_obtained":[{"floor":3,"key":"Dexterity Potion"},{"floor":14,"key":"SpeedPotion"},{"floor":16,"key":"EssenceOfSteel"}],"is_trial":false,"path_per_floor":["M","?","M","?","$","E","?","R","T","E","R","E","?","E","R","B",null,"M","?","?","?","$","R","E"],"character_chosen":"IRONCLAD","items_purchased":["Pommel Strike","Lantern"],"campfire_rested":3,"item_purchase_floors":[5,22],"current_hp_per_floor":[80,73,79,61,61,67,67,67,67,49,73,41,41,25,49,10,63,34,34,34,34,34,58,0],"gold":33,"neow_bonus":"THREE_ENEMY_KILL","is_prod":false,"is_daily":false,"chose_seed":false,"campfire_upgraded":1,"win_rate":0,"timestamp":1558726752,"path_taken":["M","?","M","?","$","E","?","R","T","E","R","E","?","E","R","BOSS","M","?","?","?","$","R","E"],"build_version":"2019-05-24","purchased_purges":2,"victory":false,"max_hp_per_floor":[80,80,80,80,80,80,80,80,80,80,80,80,80,80,80,80,80,80,80,80,80,80,80,80],"card_choices":[{"not_picked":["Iron Wave","Clash","True Grit"],"picked":"SKIP","floor":1},{"not_picked":["Body Slam","Sword Boomerang"],"picked":"Clothesline","floor":3},{"not_picked":["Clothesline","Double Tap","Pommel Strike"],"picked":"Body Slam","floor":6},{"not_picked":["Fire Breathing","Havoc","Sword Boomerang"],"picked":"Battle Trance","floor":10},{"not_picked":["Twin Strike","Anger","Perfected Strike"],"picked":"Sentinel","floor":12},{"not_picked":["Pummel","Hemokinesis","Cleave"],"picked":"Rampage","floor":14},{"not_picked":["Reaper","Berserk","Bludgeon"],"picked":"Juggernaut","floor":16},{"not_picked":["Anger+1","Wild Strike","Headbutt"],"picked":"Bloodletting+1","floor":18}],"player_experience":348600,"relics_obtained":[{"floor":6,"key":"Blood Vial"},{"floor":9,"key":"Whetstone"},{"floor":10,"key":"Ancient Tea Set"},{"floor":12,"key":"Vajra"},{"floor":14,"key":"Centennial Puzzle"}],"event_choices":[{"cards_removed":["Strike_R"],"damage_healed":0,"gold_gain":0,"player_choice":"Card Removal","damage_taken":7,"max_hp_gain":0,"max_hp_loss":0,"event_name":"Golden Wing","floor":2,"gold_loss":0},{"damage_healed":0,"gold_gain":0,"player_choice":"Success","damage_taken":18,"relics_obtained":["Question Card"],"max_hp_gain":0,"max_hp_loss":0,"event_name":"Scrap Ooze","floor":4,"gold_loss":0},{"damage_healed":0,"gold_gain":0,"player_choice":"Ignored","damage_taken":0,"max_hp_gain":0,"max_hp_loss":0,"event_name":"Liars Game","floor":7,"gold_loss":0},{"damage_healed":0,"gold_gain":0,"player_choice":"Forge","damage_taken":0,"max_hp_gain":0,"max_hp_loss":0,"event_name":"Accursed Blacksmith","floor":13,"gold_loss":0,"cards_upgraded":["Battle Trance"]},{"damage_healed":0,"gold_gain":0,"player_choice":"Obtained Relic","damage_taken":0,"relics_obtained":["Anchor"],"max_hp_gain":0,"max_hp_loss":0,"event_name":"Addict","floor":19,"gold_loss":85},{"damage_healed":0,"gold_gain":0,"player_choice":"Became a vampire (Vial)","damage_taken":0,"max_hp_gain":0,"max_hp_loss":0,"event_name":"Vampires","floor":20,"relics_lost":["Blood Vial"],"gold_loss":0,"cards_obtained":["Bite","Bite","Bite","Bite","Bite"]},{"damage_healed":0,"gold_gain":99,"player_choice":"Stole From Cult","damage_taken":0,"max_hp_gain":0,"max_hp_loss":0,"event_name":"Nest","floor":21,"gold_loss":0}],"is_beta":true,"boss_relics":[{"not_picked":["Calling Bell","Busted Crown"],"picked":"Black Star"}],"items_purged_floors":[5,22],"is_endless":false,"potions_floor_spawned":[3,14,16],"killed_by":"Slavers","ascension_level":5}