{"gold_per_floor":[119,49,69,18,18,18,33,108,189,206,221,221,241,272,272,370,370,390,490,506,520,540,540,540],"floor_reached":24,"playtime":2216,"items_purged":[],"score":225,"play_id":"e8e58271-00ad-44de-9b22-2118682ee040","local_time":"20181029231738","is_ascension_mode":false,"campfire_choices":[{"data":"Flame Barrier","floor":6.0,"key":"SMITH"},{"data":"Intimidate","floor":12.0,"key":"SMITH"},{"floor":15,"key":"REST"},{"data":"Armaments","floor":23,"key":"SMITH"}],"neow_cost":"PERCENT_DAMAGE","seed_source_timestamp":0,"circlet_count":0,"master_deck":["Strike_R","Strike_R","Strike_R","Strike_R","Strike_R","Defend_R","Defend_R","Defend_R","Defend_R","Bash","Shrug It Off","Flame Barrier+1","Intimidate+1","Flex","Spot Weakness","Heavy Blade","Cleave","Heavy Blade","Headbutt","Immolate","Uppercut","True Grit+1","Twin Strike","Armaments+1"],"special_seed":0,"relics":["Burning Blood","Question Card","Strawberry","Eternal Feather"],"potions_floor_usage":[14,21,21,22],"damage_taken":[{"damage":6.0,"enemies":"Cultist","floor":1.0,"turns":3.0},{"damage":0.0,"enemies":"2 Louse","floor":3.0,"turns":4.0},{"damage":0.0,"enemies":"Small Slimes","floor":7.0,"turns":3.0},{"damage":11.0,"enemies":"Exordium Thugs","floor":10.0,"turns":6.0},{"damage":0.0,"enemies":"Blue Slaver","floor":11.0,"turns":5.0},{"damage":11.0,"enemies":"Red Slaver","floor":13.0,"turns":6.0},{"damage":17,"enemies":"3 Sentries","floor":14,"turns":6},{"damage":83,"enemies":"Hexaghost","floor":16,"turns":10},{"damage":35,"enemies":"3 Byrds","floor":18,"turns":6},{"damage":15,"enemies":"Shell Parasite","floor":20,"turns":7},{"damage":23,"enemies":"Centurion and Healer","floor":21,"turns":6},{"damage":25,"enemies":"Snecko","floor":22,"turns":6},{"damage":45,"enemies":"Snake Plant","floor":24,"turns":4}],"seed_played":"-6721217638023171805","potions_obtained":[{"floor":3.0,"key":"GamblersBrew"},{"floor":7.0,"key":"SpeedPotion"},{"floor":11.0,"key":"SteroidPotion"},{"floor":18,"key":"Dexterity Potion"},{"floor":20,"key":"GamblersBrew"},{"floor":21,"key":"Explosive Potion"}],"is_trial":false,"path_per_floor":["M","$","M","$","?","R","M","?","T","M","M","R","M","E","R","B",null,"M","?","M","M","M","R"],"character_chosen":"IRONCLAD","items_purchased":["Flame Barrier","Flex"],"campfire_rested":1,"item_purchase_floors":[2,4],"current_hp_per_floor":[72,72,78,78,78,78,84,73,73,68,74,74,69,65,95,18,103,74,74,65,48,29,41,0],"gold":540,"neow_bonus":"TWENTY_PERCENT_HP_BONUS","is_prod":false,"is_daily":false,"chose_seed":false,"campfire_upgraded":3,"win_rate":0,"timestamp":1540851458,"path_taken":["M","?","?","$","?","R","M","?","T","?","M","R","M","E","R","BOSS","M","?","M","?","M","R","?"],"build_version":"2018-10-29","purchased_purges":0,"victory":false,"max_hp_per_floor":[96,96,96,96,96,96,96,96,96,96,96,96,96,103,103,103,103,103,103,103,103,103,103,103],"card_choices":[{"not_picked":["Fire Breathing","Seeing Red"],"picked":"Shrug It Off","floor":1.0},{"not_picked":["Headbutt","Clash"],"picked":"Intimidate","floor":3.0},{"not_picked":["Hemokinesis","Pommel Strike"],"picked":"Spot Weakness","floor":7.0},{"not_picked":["Rupture","Dropkick","Corruption"],"picked":"Heavy Blade","floor":10.0},{"not_picked":["Evolve","Havoc","Shockwave"],"picked":"Cleave","floor":11.0},{"not_picked":["Twin Strike","Second Wind","Iron Wave"],"picked":"Heavy Blade","floor":13},{"not_picked":["Clash","Reckless Charge","Rampage"],"picked":"Headbutt","floor":14},{"not_picked":["Offering","Brutality","Fiend Fire"],"picked":"Immolate","floor":16},{"not_picked":["Rampage","Flex","Sentinel"],"picked":"Uppercut","floor":18},{"not_picked":["Pommel Strike","Havoc+1","Carnage+1"],"picked":"True Grit+1","floor":20},{"not_picked":["Wild Strike","Headbutt","Havoc"],"picked":"Twin Strike","floor":21},{"not_picked":["Havoc","Anger+1","Wild Strike"],"picked":"Armaments","floor":22}],"player_experience":169943,"relics_obtained":[{"floor":9.0,"key":"Question Card"},{"floor":14,"key":"Strawberry"}],"event_choices":[{"damage_healed":0.0,"max_hp_gain":0.0,"max_hp_loss":0.0,"gold_gain":0.0,"event_name":"Shining Light","player_choice":"Ignored","floor":5.0,"gold_loss":0.0,"damage_taken":0.0},{"damage_healed":0.0,"max_hp_gain":0.0,"max_hp_loss":0.0,"gold_gain":75.0,"event_name":"World of Goop","player_choice":"Gather Gold","floor":8.0,"gold_loss":0.0,"damage_taken":11.0},{"damage_healed":0,"gold_gain":100,"player_choice":"Pray","damage_taken":0,"max_hp_gain":0,"max_hp_loss":0,"event_name":"Golden Shrine","floor":19,"gold_loss":0}],"is_beta":true,"boss_relics":[{"not_picked":["Philosopher\u0027s Stone","Pandora\u0027s Box"],"picked":"Eternal Feather"}],"items_purged_floors":[],"is_endless":false,"potions_floor_spawned":[3,7,11,18,20,21],"killed_by":"Snake Plant","ascension_level":0}