{"gold_per_floor":[119,194,209,309,309,342,356,400,472,472,472,495,80,118,118,244,244,267,182,48,68,68,104,104,104,104,143,143,44,62,97,97,218,218,233,9,9,342,360,360,391,34,114,142,142],"floor_reached":45,"playtime":3749,"items_purged":["Strike_B","Strike_B","Strike_B"],"score":624,"play_id":"bd3b9a58-dc0a-47a5-9987-0c1604eabe83","local_time":"20181025200851","is_ascension_mode":true,"campfire_choices":[{"data":"Self Repair","floor":10,"key":"SMITH"},{"data":"Leap","floor":15,"key":"SMITH"},{"data":"Thunder Strike","floor":24,"key":"SMITH"},{"data":"Sunder","floor":28,"key":"SMITH"},{"floor":32,"key":"REST"},{"floor":40,"key":"REST"}],"neow_cost":"NONE","seed_source_timestamp":649570455707406,"circlet_count":0,"master_deck":["Defend_B","Defend_B","Defend_B","Defend_B+1","Zap+1","Dualcast","Cold Snap","Self Repair+1","Conserve Battery","Sweeping Beam","BootSequence","Heatsinks","Static Discharge","FTL","Leap+1","Core Surge","Chill","Fusion","Doom and Gloom","Storm","Go for the Eyes","Sunder+1","Thunder Strike+1","Capacitor","Electrodynamics","White Noise","Buffer"],"relics":["Cracked Core","NeowsBlessing","Incense Burner","War Paint","Bottled Lightning","Strange Spoon","Ornamental Fan","Orrery","Dodecahedron","Kunai","Smiling Mask","Girya","Blue Candle","Inserter","Bag of Preparation","PreservedInsect","Orichalcum","Anchor","Toolbox","Sundial","Pen Nib"],"potions_floor_usage":[14,21,23,25,27,31,33,41],"damage_taken":[{"damage":0,"enemies":"Jaw Worm","floor":1,"turns":1},{"damage":0,"enemies":"Small Slimes","floor":3,"turns":1},{"damage":0,"enemies":"Gremlin Nob","floor":6,"turns":1},{"damage":1,"enemies":"Cultist","floor":7,"turns":4},{"damage":10,"enemies":"Lagavulin","floor":8,"turns":9},{"damage":0,"enemies":"Large Slime","floor":12,"turns":8},{"damage":15,"enemies":"3 Sentries","floor":14,"turns":7},{"damage":31,"enemies":"Hexaghost","floor":16,"turns":14},{"damage":5,"enemies":"3 Byrds","floor":18,"turns":4},{"damage":6,"enemies":"Spheric Guardian","floor":21,"turns":5},{"damage":17,"enemies":"Book of Stabbing","floor":23,"turns":5},{"damage":0,"enemies":"Snecko","floor":25,"turns":2},{"damage":10,"enemies":"Slavers","floor":27,"turns":5},{"damage":8,"enemies":"Centurion and Healer","floor":30,"turns":9},{"damage":43,"enemies":"Gremlin Leader","floor":31,"turns":5},{"damage":35,"enemies":"Collector","floor":33,"turns":12},{"damage":14,"enemies":"Orb Walker","floor":35,"turns":4},{"damage":30,"enemies":"3 Shapes","floor":39,"turns":4},{"damage":24,"enemies":"Reptomancer","floor":41,"turns":7},{"damage":43,"enemies":"Nemesis","floor":44,"turns":7},{"damage":22,"enemies":"Spire Growth","floor":45,"turns":4}],"seed_played":"6790287322356289400","potions_obtained":[{"floor":8,"key":"EssenceOfSteel"},{"floor":14,"key":"SmokeBomb"},{"floor":16,"key":"FearPotion"},{"floor":21,"key":"SkillPotion"},{"floor":23,"key":"Energy Potion"},{"floor":27,"key":"Swift Potion"},{"floor":33,"key":"Dexterity Potion"},{"floor":39,"key":"Ancient Potion"}],"is_trial":false,"path_per_floor":["M","?","M","?","?","E","M","E","T","R","?","M","$","E","R","B",null,"M","?","$","M","?","E","R","M","T","E","R","$","M","E","R","B",null,"M","$","?","?","M","R","E","$","T","E"],"character_chosen":"DEFECT","items_purchased":["Strange Spoon","Static Discharge","FTL","Sunder","Block Potion","White Noise","Bag of Preparation","Anchor","Toolbox"],"campfire_rested":2,"item_purchase_floors":[13,13,13,20,29,36,36,42,42],"current_hp_per_floor":[75,64,64,64,46,46,52,49,49,49,49,59,59,54,54,33,75,75,75,75,75,75,68,68,68,68,68,68,68,70,37,59,34,75,61,61,61,61,41,63,49,49,49,16,0],"gold":142,"neow_bonus":"THREE_ENEMY_KILL","is_prod":false,"is_daily":false,"chose_seed":false,"campfire_upgraded":4,"win_rate":0,"timestamp":1540490931,"path_taken":["M","?","M","?","?","E","M","E","T","R","?","M","?","E","R","BOSS","M","?","$","?","?","E","R","M","T","E","R","$","M","E","R","BOSS","M","$","?","?","M","R","E","$","T","E","M"],"build_version":"2018-10-18","purchased_purges":3,"victory":false,"max_hp_per_floor":[75,75,75,75,75,75,75,75,75,75,75,75,75,75,75,75,75,75,75,75,75,75,75,75,75,75,75,75,75,75,75,75,75,75,75,75,75,75,75,75,75,75,75,75,75],"card_choices":[{"not_picked":["Leap","Rebound"],"picked":"Cold Snap","floor":1},{"not_picked":["Compile Driver","Rebound"],"picked":"Self Repair","floor":3},{"not_picked":["Consume","Turbo"],"picked":"Conserve Battery","floor":6},{"not_picked":["Lockon","Compile Driver"],"picked":"Sweeping Beam","floor":7},{"not_picked":["Turbo","Barrage"],"picked":"BootSequence","floor":8},{"not_picked":["Amplify","Self Repair"],"picked":"Heatsinks","floor":12},{"not_picked":["Ball Lightning","Aggregate"],"picked":"Leap","floor":14},{"not_picked":["Seek","Thunder Strike"],"picked":"Core Surge","floor":16},{"not_picked":["Undo","Gash"],"picked":"Chill","floor":17},{"not_picked":["Rebound","Sweeping Beam"],"picked":"Fusion","floor":17},{"not_picked":["Genetic Algorithm","Conserve Battery"],"picked":"Doom and Gloom","floor":17},{"not_picked":["Genetic Algorithm","Recycle"],"picked":"Storm","floor":17},{"not_picked":["Beam Cell","Conserve Battery+1"],"picked":"Go for the Eyes","floor":18},{"not_picked":["FTL","Go for the Eyes","Ball Lightning"],"picked":"SKIP","floor":21},{"not_picked":["Gash","Conserve Battery+1"],"picked":"Thunder Strike","floor":23},{"not_picked":["BootSequence+1","Static Discharge","Chill"],"picked":"SKIP","floor":27},{"not_picked":["Consume+1","Turbo+1","Stack"],"picked":"SKIP","floor":30},{"not_picked":["Lockon","Hello World"],"picked":"Capacitor","floor":31},{"not_picked":["Reboot","Hyperbeam"],"picked":"Electrodynamics","floor":33},{"not_picked":["Storm","Sweeping Beam","Conserve Battery+1"],"picked":"SKIP","floor":35},{"not_picked":["Beam Cell+1","Conserve Battery+1","Leap+1"],"picked":"SKIP","floor":39},{"not_picked":["Gash","Beam Cell+1","Chill"],"picked":"SKIP","floor":41},{"not_picked":["Heatsinks+1","Static Discharge+1"],"picked":"Buffer","floor":44}],"player_experience":151486,"relics_obtained":[{"floor":6,"key":"Incense Burner"},{"floor":8,"key":"War Paint"},{"floor":9,"key":"Bottled Lightning"},{"floor":14,"key":"Ornamental Fan"},{"floor":23,"key":"Kunai"},{"floor":26,"key":"Smiling Mask"},{"floor":27,"key":"Girya"},{"floor":31,"key":"Blue Candle"},{"floor":41,"key":"Orichalcum"},{"floor":43,"key":"Sundial"},{"floor":44,"key":"Pen Nib"}],"event_choices":[{"damage_healed":0,"gold_gain":75,"player_choice":"Gather Gold","damage_taken":11,"max_hp_gain":0,"max_hp_loss":0,"event_name":"World of Goop","floor":2,"gold_loss":0},{"damage_healed":0,"gold_gain":100,"player_choice":"Pray","damage_taken":0,"max_hp_gain":0,"max_hp_loss":0,"event_name":"Golden Shrine","floor":4,"gold_loss":0},{"damage_healed":0,"gold_gain":0,"player_choice":"Take Damage","damage_taken":18,"relics_obtained":["Golden Idol"],"max_hp_gain":0,"max_hp_loss":0,"event_name":"Golden Idol","floor":5,"gold_loss":0},{"cards_removed":["Strike_B"],"damage_healed":0,"gold_gain":0,"player_choice":"Offered Basic","damage_taken":0,"max_hp_gain":0,"max_hp_loss":0,"event_name":"Bonfire Elementals","floor":11,"gold_loss":0},{"damage_healed":0,"gold_gain":0,"player_choice":"Obtained Relic","damage_taken":0,"relics_obtained":["Dodecahedron"],"max_hp_gain":0,"max_hp_loss":0,"event_name":"Addict","floor":19,"gold_loss":85},{"damage_healed":0,"gold_gain":0,"player_choice":"Ignored","damage_taken":0,"max_hp_gain":0,"max_hp_loss":0,"event_name":"Ghosts","floor":22,"gold_loss":0},{"damage_healed":0,"gold_gain":0,"player_choice":"Gave Potion","damage_taken":0,"relics_obtained":["PreservedInsect"],"max_hp_gain":0,"max_hp_loss":0,"event_name":"WeMeetAgain","floor":37,"gold_loss":0},{"damage_healed":0,"gold_gain":333,"player_choice":"Gave Idol","damage_taken":0,"max_hp_gain":0,"max_hp_loss":0,"event_name":"The Moai Head","floor":38,"relics_lost":["Golden Idol"],"gold_loss":0}],"is_beta":false,"boss_relics":[{"not_picked":["Runic Pyramid","Cursed Key"],"picked":"Orrery"},{"not_picked":["Sozu","Velvet Choker"],"picked":"Inserter"}],"items_purged_floors":[13,20,29],"is_endless":false,"potions_floor_spawned":[8,14,16,21,23,27,33,39],"killed_by":"Spire Growth","ascension_level":1}