{"gold_per_floor":[366,384,400,4,23,50,50,82,82,96,96,116,141,11,11,109,109,93,18,18,38,38,38,50,77,77,102,102,102,128,147,147,250,250,267,16,26,42,54,54,54],"floor_reached":41,"playtime":7260,"items_purged":["Injury","Strike_B"],"score":572,"play_id":"9f1822df-72c5-498f-a883-79066674b26a","local_time":"20190423205823","is_ascension_mode":true,"campfire_choices":[{"floor":11.0,"key":"RECALL"},{"data":"Defragment","floor":15.0,"key":"SMITH"},{"data":"Creative AI","floor":23.0,"key":"SMITH"},{"data":"Defragment","floor":28.0,"key":"SMITH"},{"floor":32.0,"key":"REST"},{"floor":40.0,"key":"REST"}],"neow_cost":"CURSE","seed_source_timestamp":0,"circlet_count":0,"master_deck":["Strike_B","Strike_B","Defend_B","Defend_B","Defend_B","Defend_B","Zap","Dualcast","Fusion","Coolheaded","Leap","Self Repair","White Noise","Ball Lightning","Hello World","Hello World","Defragment+1","Conserve Battery","Seek","Defragment+1","Barrage","Creative AI+1","Darkness","Steam+1","Conserve Battery+1","Defragment","Machine Learning","Compile Driver","Steam+1","Sunder+1","Creative AI","Go for the Eyes+1","Capacitor","Steam","Leap","Go for the Eyes","White Noise+1","Leap","Parasite","Leap+1"],"special_seed":0,"relics":["Cracked Core","Toy Ornithopter","Girya","Mummified Hand","Mango","Cursed Key","FaceOfCleric","Bottled Lightning","Art of War","Prayer Wheel","Inserter"],"potions_floor_usage":[41],"damage_taken":[{"damage":8.0,"enemies":"Jaw Worm","floor":1.0,"turns":3.0},{"damage":2.0,"enemies":"2 Louse","floor":2.0,"turns":2.0},{"damage":1.0,"enemies":"Cultist","floor":3.0,"turns":4.0},{"damage":5.0,"enemies":"Looter","floor":5.0,"turns":4.0},{"damage":30.0,"enemies":"3 Sentries","floor":6.0,"turns":9.0},{"damage":7.0,"enemies":"Lagavulin","floor":8.0,"turns":8.0},{"damage":1.0,"enemies":"Gremlin Gang","floor":10.0,"turns":6.0},{"damage":12.0,"enemies":"Lots of Slimes","floor":12.0,"turns":5.0},{"damage":9.0,"enemies":"3 Sentries","floor":13.0,"turns":6.0},{"damage":25.0,"enemies":"Hexaghost","floor":16.0,"turns":8.0},{"damage":23.0,"enemies":"2 Thieves","floor":18.0,"turns":4.0},{"damage":3.0,"enemies":"Spheric Guardian","floor":21.0,"turns":4.0},{"damage":10.0,"enemies":"Shelled Parasite and Fungi","floor":24.0,"turns":4.0},{"damage":5.0,"enemies":"Book of Stabbing","floor":25.0,"turns":5.0},{"damage":29.0,"enemies":"Gremlin Leader","floor":27.0,"turns":5.0},{"damage":22.0,"enemies":"Book of Stabbing","floor":30.0,"turns":5.0},{"damage":2.0,"enemies":"Sentry and Sphere","floor":31.0,"turns":4.0},{"damage":32.0,"enemies":"Collector","floor":33.0,"turns":6.0},{"damage":13.0,"enemies":"Orb Walker","floor":35.0,"turns":4.0},{"damage":46.0,"enemies":"3 Darklings","floor":37.0,"turns":7.0},{"damage":37.0,"enemies":"Sphere and 2 Shapes","floor":38.0,"turns":6.0},{"damage":23.0,"enemies":"Writhing Mass","floor":39.0,"turns":6.0},{"damage":64,"enemies":"Nemesis","floor":41,"turns":5}],"seed_played":"3252288471829969731","potions_obtained":[{"floor":3.0,"key":"Energy Potion"},{"floor":6.0,"key":"EntropicBrew"},{"floor":8.0,"key":"Poison Potion"},{"floor":12.0,"key":"SteroidPotion"},{"floor":18.0,"key":"Fire Potion"},{"floor":21.0,"key":"PowerPotion"},{"floor":25.0,"key":"AttackPotion"},{"floor":30.0,"key":"AttackPotion"},{"floor":35.0,"key":"SteroidPotion"},{"floor":39.0,"key":"SkillPotion"}],"is_trial":false,"path_per_floor":["M","M","M","$","M","E","?","E","T","M","R","M","E","$","R","B",null,"M","?","?","M","$","R","M","E","T","E","R","?","E","M","R","B",null,"M","$","M","M","M","R","E"],"character_chosen":"DEFECT","items_purchased":["Self Repair","Toy Ornithopter","White Noise","Defragment","Barrage","Capacitor","Steam","Leap"],"campfire_rested":2,"item_purchase_floors":[4,4,4,14,14,36,36,36],"current_hp_per_floor":[67,65,64,64,71,48,48,58,58,75,75,63,80,80,80,62,89,73,73,73,76,76,76,79,75,75,59,59,59,38,49,77,53,96,91,91,58,29,14,44,0],"gold":54,"neow_bonus":"TWO_FIFTY_GOLD","is_prod":false,"is_daily":false,"chose_seed":false,"campfire_upgraded":3,"win_rate":0,"timestamp":1556045903,"path_taken":["M","M","M","$","M","E","?","E","T","M","R","M","E","$","R","BOSS","M","?","?","M","$","R","?","E","T","E","R","?","E","M","R","BOSS","M","$","?","?","M","R","E"],"build_version":"2019-01-23","purchased_purges":2,"victory":false,"max_hp_per_floor":[75,75,75,75,75,75,75,75,75,75,75,75,89,89,89,89,89,89,89,89,90,90,90,91,92,92,93,93,93,94,95,95,96,96,97,97,98,99,100,100,100],"card_choices":[{"not_picked":["Gash","Turbo"],"picked":"Fusion","floor":1.0},{"not_picked":["Rip and Tear","Static Discharge"],"picked":"Coolheaded","floor":2.0},{"not_picked":["Streamline","Redo"],"picked":"Leap","floor":3.0},{"not_picked":["Compile Driver","Aggregate"],"picked":"Ball Lightning","floor":5.0},{"not_picked":["Amplify","Gash"],"picked":"Hello World","floor":6.0},{"not_picked":["Thunder Strike","Streamline"],"picked":"Hello World","floor":8.0},{"not_picked":["Sweeping Beam","Darkness"],"picked":"Defragment","floor":10.0},{"not_picked":["Steam","Coolheaded"],"picked":"Conserve Battery","floor":12.0},{"not_picked":["Cold Snap","Storm"],"picked":"Seek","floor":13.0},{"not_picked":["Seek","All For One"],"picked":"Creative AI","floor":16.0},{"not_picked":["Conserve Battery","Ball Lightning+1"],"picked":"Darkness","floor":18.0},{"not_picked":["Redo","Aggregate+1"],"picked":"Steam+1","floor":21.0},{"not_picked":["Darkness","Tempest+1"],"picked":"Conserve Battery+1","floor":24.0},{"not_picked":["Ball Lightning","White Noise+1"],"picked":"Defragment","floor":25.0},{"not_picked":["Hologram+1","Static Discharge"],"picked":"Machine Learning","floor":27.0},{"not_picked":["Reprogram","Recycle"],"picked":"Steam+1","floor":30.0},{"not_picked":["Compile Driver","Stack"],"picked":"Sunder+1","floor":31.0},{"not_picked":["Compile Driver","Tempest","Barrage"],"picked":"SKIP","floor":31.0},{"not_picked":["Thunder Strike","Amplify"],"picked":"Creative AI","floor":33.0},{"not_picked":["Loop+1","Cold Snap"],"picked":"Go for the Eyes+1","floor":35.0},{"not_picked":["Loop","Scrape","Redo+1"],"picked":"SKIP","floor":35.0},{"not_picked":["Coolheaded+1","Defragment+1"],"picked":"Go for the Eyes","floor":37.0},{"not_picked":["Barrage","Go for the Eyes"],"picked":"White Noise+1","floor":37.0},{"not_picked":["Steam","Rebound+1"],"picked":"Leap","floor":38.0},{"not_picked":["Streamline+1","Force Field+1","Chill"],"picked":"SKIP","floor":38.0},{"not_picked":["Recycle","Turbo"],"picked":"Leap+1","floor":39.0},{"not_picked":["Tempest","Redo+1","Rip and Tear"],"picked":"SKIP","floor":39.0}],"player_experience":151023,"relics_obtained":[{"floor":6.0,"key":"Girya"},{"floor":8.0,"key":"Mummified Hand"},{"floor":13.0,"key":"Mango"},{"floor":25.0,"key":"Bottled Lightning"},{"floor":27.0,"key":"Art of War"},{"floor":30.0,"key":"Prayer Wheel"}],"event_choices":[{"damage_healed":0.0,"max_hp_gain":0.0,"max_hp_loss":0.0,"gold_gain":0.0,"event_name":"Liars Game","player_choice":"Ignored","floor":7.0,"gold_loss":0.0,"damage_taken":0.0},{"cards_removed":["Strike_B"],"damage_healed":0.0,"max_hp_gain":0.0,"max_hp_loss":0.0,"gold_gain":0.0,"event_name":"Beggar","player_choice":"Gave Gold","floor":19.0,"gold_loss":75.0,"damage_taken":0.0},{"damage_healed":0.0,"max_hp_gain":0.0,"max_hp_loss":0.0,"gold_gain":0.0,"event_name":"FaceTrader","player_choice":"Trade","floor":20.0,"gold_loss":0.0,"damage_taken":0.0,"relics_obtained":["FaceOfCleric"]},{"damage_healed":0.0,"max_hp_gain":0.0,"max_hp_loss":0.0,"gold_gain":0.0,"event_name":"Match and Keep!","player_choice":"1 cards matched","floor":29.0,"gold_loss":0.0,"damage_taken":0.0,"cards_obtained":["Compile Driver"]}],"is_beta":false,"boss_relics":[{"not_picked":["Runic Dome","Busted Crown"],"picked":"Cursed Key"},{"not_picked":["Nuclear Battery","Orrery"],"picked":"Inserter"}],"items_purged_floors":[4,36],"is_endless":false,"potions_floor_spawned":[3,6,8,12,18,21,25,30,35,39],"killed_by":"Nemesis","ascension_level":1}