{"gold_per_floor":[110,13,13,44,76,88,120,149,188,214,243,274,64,64,64,139,139,159,193,293,293,12,12,23,23,49,49,64,64,76,87,87,87],"floor_reached":33,"playtime":2022,"items_purged":[],"score":434,"play_id":"f346b14e-ad1f-41d2-b100-f3159cfb003c","local_time":"20190529225904","is_ascension_mode":true,"campfire_choices":[{"floor":6.0,"key":"REST"},{"data":"Noxious Fumes","floor":15.0,"key":"SMITH"},{"data":"Malaise","floor":23.0,"key":"SMITH"},{"data":"Impatience","floor":25.0,"key":"SMITH"},{"data":"Caltrops","floor":32.0,"key":"SMITH"}],"neow_cost":"PERCENT_DAMAGE","seed_source_timestamp":599289805361538,"circlet_count":0,"master_deck":["AscendersBane","Defend_G","Defend_G","Defend_G","Strike_G","Strike_G","Strike_G","Strike_G","Survivor","Neutralize","Endless Agony","Impatience+1","Distraction","Quick Slash","Corpse Explosion","Catalyst","Noxious Fumes+1","Crippling Poison","Masterful Stab","Endless Agony","Malaise+1","PiercingWail","Endless Agony","Blur","Good Instincts","Sucker Punch","Tools of the Trade","Shame","Caltrops+1","Catalyst"],"special_seed":0,"relics":["Ring of the Snake","MawBank","Anchor","HandDrill","Coffee Dripper","Red Mask","Tingsha","Kunai","Bottled Tornado","Membership Card","Centennial Puzzle","MutagenicStrength","Snake Skull"],"potions_floor_usage":[33,33],"damage_taken":[{"damage":7.0,"enemies":"Jaw Worm","floor":1.0,"turns":6.0},{"damage":0.0,"enemies":"Cultist","floor":4.0,"turns":3.0},{"damage":0.0,"enemies":"2 Louse","floor":5.0,"turns":3.0},{"damage":0.0,"enemies":"2 Fungi Beasts","floor":7.0,"turns":4.0},{"damage":5.0,"enemies":"Exordium Wildlife","floor":8.0,"turns":3.0},{"damage":0.0,"enemies":"Blue Slaver","floor":10.0,"turns":3.0},{"damage":0.0,"enemies":"2 Fungi Beasts","floor":11.0,"turns":2.0},{"damage":0.0,"enemies":"3 Louse","floor":12.0,"turns":2.0},{"damage":25.0,"enemies":"Hexaghost","floor":16.0,"turns":9.0},{"damage":13.0,"enemies":"Spheric Guardian","floor":18.0,"turns":4.0},{"damage":8.0,"enemies":"Masked Bandits","floor":19.0,"turns":3.0},{"damage":14.0,"enemies":"Colosseum Slavers","floor":20.0,"turns":6.0},{"damage":8.0,"enemies":"Colosseum Nobs","floor":20.0,"turns":3.0},{"damage":0.0,"enemies":"3 Byrds","floor":24.0,"turns":2.0},{"damage":8.0,"enemies":"Snake Plant","floor":28.0,"turns":4.0},{"damage":0.0,"enemies":"3 Cultists","floor":30.0,"turns":2.0},{"damage":4.0,"enemies":"Cultist and Chosen","floor":31.0,"turns":6.0},{"damage":25,"enemies":"Automaton","floor":33,"turns":6}],"seed_played":"5254805847543846313","potions_obtained":[{"floor":1.0,"key":"Fire Potion"},{"floor":5.0,"key":"Poison Potion"},{"floor":8.0,"key":"Block Potion"},{"floor":12.0,"key":"Strength Potion"},{"floor":18.0,"key":"LiquidBronze"},{"floor":30.0,"key":"SteroidPotion"},{"floor":31.0,"key":"Weak Potion"}],"is_trial":false,"path_per_floor":["M","$","?","M","M","R","M","M","T","M","M","M","$","?","R","B",null,"M","?","?","T","$","R","M","R","T","?","M","?","M","M","R","B"],"character_chosen":"THE_SILENT","items_purchased":["Impatience","HandDrill","Membership Card","Good Instincts"],"campfire_rested":1,"item_purchase_floors":[2,13,22,22],"current_hp_per_floor":[37,37,37,37,37,56,56,51,51,51,51,51,51,51,51,26,56,43,35,13,13,13,13,13,13,13,13,5,5,5,1,1,0],"gold":87,"neow_bonus":"REMOVE_TWO","is_prod":false,"is_daily":false,"chose_seed":false,"campfire_upgraded":4,"win_rate":0,"timestamp":1559138344,"path_taken":["M","$","?","M","?","R","M","M","T","M","M","M","$","?","R","BOSS","M","?","?","?","$","R","M","R","T","?","M","?","?","M","R","BOSS"],"build_version":"2019-01-23","purchased_purges":0,"victory":false,"max_hp_per_floor":[66,66,66,66,66,66,66,66,66,66,66,66,66,66,66,66,66,66,66,66,66,66,66,66,66,66,66,66,66,66,66,66,66],"card_choices":[{"not_picked":["Flying Knee","Predator"],"picked":"Endless Agony","floor":1.0},{"not_picked":["Dodge and Roll","Bouncing Flask"],"picked":"Distraction","floor":4.0},{"not_picked":["Backflip","Outmaneuver"],"picked":"Quick Slash","floor":5.0},{"not_picked":["Bouncing Flask","Accuracy"],"picked":"Corpse Explosion","floor":7.0},{"not_picked":["Endless Agony","Choke"],"picked":"Catalyst","floor":8.0},{"not_picked":["Deadly Poison","Slice"],"picked":"Noxious Fumes","floor":10.0},{"not_picked":["Slice","Concentrate"],"picked":"Crippling Poison","floor":11.0},{"not_picked":["Dagger Spray","Outmaneuver"],"picked":"Masterful Stab","floor":12.0},{"not_picked":["Burst","Unload"],"picked":"Malaise","floor":16.0},{"not_picked":["Deadly Poison","Prepared"],"picked":"PiercingWail","floor":18.0},{"not_picked":["Underhanded Strike","Masterful Stab"],"picked":"Endless Agony","floor":19.0},{"not_picked":["Blade Dance","Choke"],"picked":"Blur","floor":20.0},{"not_picked":["Deflect","Dagger Spray"],"picked":"Sucker Punch","floor":24.0},{"not_picked":["Backstab","Flying Knee"],"picked":"Tools of the Trade","floor":28.0},{"not_picked":["Underhanded Strike","Flying Knee"],"picked":"Caltrops","floor":30.0},{"not_picked":["Cloak And Dagger","Setup"],"picked":"Catalyst","floor":31.0}],"player_experience":1111575,"relics_obtained":[{"floor":9.0,"key":"Anchor"},{"floor":19.0,"key":"Red Mask"},{"floor":20.0,"key":"Tingsha"},{"floor":20.0,"key":"Kunai"},{"floor":21.0,"key":"Bottled Tornado"},{"floor":26.0,"key":"Centennial Puzzle"}],"event_choices":[{"damage_healed":0.0,"max_hp_gain":0.0,"max_hp_loss":0.0,"gold_gain":0.0,"event_name":"WeMeetAgain","player_choice":"Gave Potion","floor":3.0,"gold_loss":0.0,"damage_taken":0.0,"relics_obtained":["MawBank"]},{"damage_healed":0.0,"max_hp_gain":0.0,"max_hp_loss":0.0,"gold_gain":0.0,"cards_transformed":["Defend_G"],"event_name":"Living Wall","player_choice":"Change","floor":14.0,"gold_loss":0.0,"damage_taken":0.0,"cards_obtained":["Endless Agony"]},{"damage_healed":0.0,"max_hp_gain":0.0,"max_hp_loss":0.0,"gold_gain":0.0,"event_name":"Masked Bandits","player_choice":"Fought Bandits","floor":19.0,"gold_loss":0.0,"damage_taken":0.0},{"damage_healed":0.0,"max_hp_gain":0.0,"max_hp_loss":0.0,"gold_gain":0.0,"event_name":"Colosseum","player_choice":"Fight","floor":20.0,"gold_loss":0.0,"damage_taken":0.0},{"damage_healed":0.0,"max_hp_gain":0.0,"max_hp_loss":0.0,"gold_gain":0.0,"event_name":"Colosseum","player_choice":"Fought Nobs","floor":20.0,"gold_loss":0.0,"damage_taken":0.0},{"damage_healed":0.0,"max_hp_gain":0.0,"max_hp_loss":0.0,"gold_gain":0.0,"event_name":"Drug Dealer","player_choice":"Inject Mutagens","floor":27.0,"gold_loss":0.0,"damage_taken":0.0,"relics_obtained":["MutagenicStrength"]},{"damage_healed":0.0,"max_hp_gain":0.0,"max_hp_loss":0.0,"gold_gain":0.0,"event_name":"Addict","player_choice":"Stole Relic","floor":29.0,"gold_loss":0.0,"damage_taken":0.0,"relics_obtained":["Snake Skull"],"cards_obtained":["Shame"]}],"is_beta":false,"boss_relics":[{"not_picked":["Snecko Eye","Eternal Feather"],"picked":"Coffee Dripper"}],"items_purged_floors":[],"is_endless":false,"potions_floor_spawned":[1,5,8,12,18,20,30,31],"killed_by":"Automaton","ascension_level":16}