{"gold_per_floor":[110,110,125,137,149,174,174,174,221,234,297,328,328,363,363,363],"floor_reached":16,"playtime":1615,"items_purged":[],"score":204,"play_id":"0667b4fa-3086-40c1-8104-35376b2a06e8","local_time":"20190606204754","is_ascension_mode":true,"campfire_choices":[{"floor":8,"key":"REST"},{"floor":15,"key":"REST"}],"neow_cost":"NONE","seed_source_timestamp":0,"circlet_count":0,"master_deck":["Strike_R","Strike_R","Strike_R","Strike_R","Strike_R","Defend_R","Defend_R+1","Defend_R","Defend_R","Bash+1","Armaments+1","Power Through","Heavy Blade","Armaments","Iron Wave","Ghostly Armor","Clothesline"],"special_seed":0,"relics":["Burning Blood","Shuriken","War Paint","Dream Catcher","Matryoshka","Happy Flower"],"potions_floor_usage":[12,16],"damage_taken":[{"damage":1,"enemies":"Cultist","floor":1,"turns":3},{"damage":7,"enemies":"Jaw Worm","floor":3,"turns":3},{"damage":14,"enemies":"Small Slimes","floor":4,"turns":5},{"damage":1,"enemies":"2 Fungi Beasts","floor":5,"turns":3},{"damage":63,"enemies":"3 Sentries","floor":6,"turns":17},{"damage":6,"enemies":"Exordium Thugs","floor":10,"turns":6},{"damage":3,"enemies":"Gremlin Nob","floor":12,"turns":3},{"damage":41,"enemies":"Lagavulin","floor":14,"turns":10},{"damage":36,"enemies":"The Guardian","floor":16,"turns":11}],"seed_played":"-4316004133950289304","potions_obtained":[{"floor":5,"key":"Strength Potion"},{"floor":10,"key":"Swift Potion"},{"floor":14,"key":"Strength Potion"}],"is_trial":false,"path_per_floor":["M","T","M","M","M","E","?","R","T","M","?","E","?","E","R","B"],"character_chosen":"IRONCLAD","items_purchased":[],"campfire_rested":2,"item_purchase_floors":[],"current_hp_per_floor":[80,80,79,71,76,19,19,43,43,43,43,46,46,11,35,0],"gold":363,"neow_bonus":"UPGRADE_CARD","is_prod":false,"is_daily":false,"chose_seed":false,"campfire_upgraded":0,"win_rate":0,"timestamp":1559846874,"path_taken":["M","?","M","M","?","E","?","R","T","M","?","E","?","E","R","BOSS"],"build_version":"2019-01-23","purchased_purges":0,"victory":false,"max_hp_per_floor":[80,80,80,80,80,80,80,80,80,80,80,80,80,80,80,80],"card_choices":[{"not_picked":["Perfected Strike","Twin Strike"],"picked":"Armaments","floor":1},{"not_picked":["Wild Strike","Sever Soul","Armaments"],"picked":"SKIP","floor":3},{"not_picked":["Cleave","Inflame"],"picked":"Power Through","floor":4},{"not_picked":["Flex","Clash"],"picked":"Heavy Blade","floor":5},{"not_picked":["Offering","Power Through","Armaments"],"picked":"SKIP","floor":6},{"not_picked":["Offering","Power Through"],"picked":"Armaments","floor":6},{"not_picked":["Power Through","Thunderclap"],"picked":"Iron Wave","floor":10},{"not_picked":["Headbutt","Sever Soul"],"picked":"Ghostly Armor","floor":12},{"not_picked":["Twin Strike","Fire Breathing"],"picked":"Clothesline","floor":14}],"player_experience":373266,"relics_obtained":[{"floor":2,"key":"Shuriken"},{"floor":6,"key":"War Paint"},{"floor":12,"key":"Dream Catcher"},{"floor":14,"key":"Happy Flower"}],"event_choices":[{"damage_healed":0,"gold_gain":0,"player_choice":"Searched \u00270\u0027 times","damage_taken":0,"max_hp_gain":0,"max_hp_loss":0,"event_name":"Dead Adventurer","floor":7,"gold_loss":0},{"damage_healed":0,"gold_gain":63,"player_choice":"Gained Gold","damage_taken":0,"max_hp_gain":0,"max_hp_loss":0,"event_name":"Golden Wing","floor":11,"gold_loss":0},{"damage_healed":0,"gold_gain":0,"player_choice":"Gave Potion","damage_taken":0,"relics_obtained":["Matryoshka"],"max_hp_gain":0,"max_hp_loss":0,"event_name":"WeMeetAgain","floor":13,"gold_loss":0}],"is_beta":false,"boss_relics":[],"items_purged_floors":[],"is_endless":false,"potions_floor_spawned":[5,10,14],"killed_by":"The Guardian","ascension_level":4}