{"gold_per_floor":[109,63,63,77,88,88,115,115,115,148,162,162,176,188,188,290,290,308,298,317,330,15,15,15,115,115,115,115,115,24,41,41,145,145,161,11,25,36,56,56,56,83,83,83,118,118,118,118,118,118],"floor_reached":51,"playtime":3304,"items_purged":["Strike_R","Wild Strike"],"score":1085,"play_id":"49d1f4d7-db19-48f7-943e-1a4eb6634031","local_time":"20190407204951","is_ascension_mode":true,"campfire_choices":[{"data":"Perfected Strike","floor":6.0,"key":"SMITH"},{"data":"Bash","floor":8.0,"key":"SMITH"},{"data":"Metallicize","floor":12.0,"key":"SMITH"},{"data":"Disarm","floor":15.0,"key":"SMITH"},{"data":"Perfected Strike","floor":23,"key":"SMITH"},{"data":"Shrug It Off","floor":29,"key":"SMITH"},{"floor":32,"key":"REST"},{"data":"Demon Form","floor":40,"key":"SMITH"},{"data":"True Grit","floor":44,"key":"SMITH"},{"data":"Shrug It Off","floor":47,"key":"SMITH"},{"floor":49,"key":"RECALL"}],"neow_cost":"NONE","seed_source_timestamp":38134708871097,"circlet_count":0,"master_deck":["AscendersBane","Strike_R+1","Strike_R+1","Strike_R+1","Defend_R+1","Defend_R+1","Bash+1","Perfected Strike+1","Headbutt+1","Shrug It Off+1","Cleave+1","Pommel Strike+1","Metallicize+1","Disarm+1","Reaper+1","Ghostly Armor+1","Metallicize+1","Pommel Strike+1","Perfected Strike+1","Twin Strike+1","Battle Trance+1","True Grit+1","Perfected Strike+1","Demon Form+1","Clothesline+1","Shrug It Off+1","Perfected Strike+1","Power Through+1","Warcry+1","Sentinel+1"],"special_seed":0,"relics":["Burning Blood","NeowsBlessing","Mango","FossilizedHelix","Art of War","Empty Cage","Matryoshka","Torii","Letter Opener","Bag of Preparation","Thread and Needle","Sozu","Bottled Flame","PreservedInsect","Sundial","Dodecahedron","Mark of the Bloom"],"potions_floor_usage":[20,31,33,33,50],"damage_taken":[{"damage":0.0,"enemies":"Cultist","floor":1.0,"turns":1.0},{"damage":0.0,"enemies":"Small Slimes","floor":4.0,"turns":1.0},{"damage":0.0,"enemies":"2 Louse","floor":5.0,"turns":1.0},{"damage":8.0,"enemies":"Gremlin Nob","floor":7.0,"turns":3.0},{"damage":0.0,"enemies":"Lagavulin","floor":10.0,"turns":3.0},{"damage":0.0,"enemies":"Blue Slaver","floor":11.0,"turns":2.0},{"damage":0.0,"enemies":"3 Louse","floor":13.0,"turns":4.0},{"damage":12.0,"enemies":"Lots of Slimes","floor":14.0,"turns":3.0},{"damage":43.0,"enemies":"Slime Boss","floor":16.0,"turns":13.0},{"damage":13.0,"enemies":"3 Byrds","floor":18.0,"turns":3.0},{"damage":22.0,"enemies":"2 Thieves","floor":19.0,"turns":4.0},{"damage":0,"enemies":"Cultist and Chosen","floor":20,"turns":8},{"damage":22,"enemies":"Centurion and Healer","floor":21,"turns":8},{"damage":27,"enemies":"Colosseum Slavers","floor":25,"turns":7},{"damage":20,"enemies":"Colosseum Nobs","floor":25,"turns":5},{"damage":0,"enemies":"3 Cultists","floor":31,"turns":5},{"damage":73,"enemies":"Champ","floor":33,"turns":12},{"damage":0,"enemies":"Orb Walker","floor":35,"turns":3},{"damage":0,"enemies":"3 Shapes","floor":37,"turns":6},{"damage":0,"enemies":"Sphere and 2 Shapes","floor":38,"turns":5},{"damage":0,"enemies":"Spire Growth","floor":39,"turns":5},{"damage":34,"enemies":"Reptomancer","floor":42,"turns":8},{"damage":1,"enemies":"Nemesis","floor":45,"turns":5},{"damage":23,"enemies":"Donu and Deca","floor":50,"turns":9}],"seed_played":"116381952828327260","potions_obtained":[{"floor":7.0,"key":"FearPotion"},{"floor":11.0,"key":"LiquidBronze"},{"floor":13.0,"key":"Ancient Potion"},{"floor":14.0,"key":"Weak Potion"},{"floor":19,"key":"SneckoOil"},{"floor":25,"key":"Explosive Potion"},{"floor":31,"key":"LiquidBronze"},{"floor":33,"key":"LiquidBronze"}],"is_trial":false,"path_per_floor":["M","$","?","M","M","R","E","R","T","E","M","R","M","M","R","B",null,"M","M","M","M","$","R","?","?","T","$","?","R","$","M","R","B",null,"M","$","M","M","M","R","?","E","T","R","E","$","R","?","R","B",null],"character_chosen":"IRONCLAD","items_purchased":["Headbutt","Matryoshka","Battle Trance","True Grit","Shrug It Off"],"campfire_rested":1,"item_purchase_floors":[2,22,30,30,36],"current_hp_per_floor":[78,78,71,77,80,80,92,92,92,94,94,94,94,88,88,51,83,78,72,86,78,78,78,78,51,51,51,51,51,51,65,93,26,77,83,83,94,94,94,94,94,89,89,89,94,94,94,94,94,71],"gold":118,"neow_bonus":"THREE_ENEMY_KILL","is_prod":false,"is_daily":false,"chose_seed":false,"campfire_upgraded":9,"win_rate":0,"timestamp":1554662991,"path_taken":["M","$","?","M","M","R","E","R","T","E","M","R","M","M","R","BOSS","M","M","M","M","$","R","?","?","T","?","?","R","$","M","R","BOSS","M","$","M","?","M","R","?","E","T","R","E","?","R","?","R","BOSS"],"build_version":"2019-01-23","purchased_purges":2,"victory":true,"max_hp_per_floor":[80,80,80,80,80,80,94,94,94,94,94,94,94,94,94,94,94,94,94,94,94,94,94,94,94,94,94,94,94,94,94,94,94,94,94,94,94,94,94,94,94,94,94,94,94,94,94,94,94,94],"card_choices":[{"not_picked":["Armaments","Havoc"],"picked":"Perfected Strike","floor":1.0},{"not_picked":["Hemokinesis","Iron Wave"],"picked":"Wild Strike","floor":4.0},{"not_picked":["Thunderclap","Anger"],"picked":"Shrug It Off","floor":5.0},{"not_picked":["Clothesline","Heavy Blade"],"picked":"Cleave","floor":7.0},{"not_picked":["Bloodletting","Wild Strike"],"picked":"Pommel Strike","floor":10.0},{"not_picked":["Fiend Fire","Twin Strike"],"picked":"Metallicize","floor":11.0},{"not_picked":["Wild Strike","Heavy Blade","Havoc"],"picked":"SKIP","floor":13.0},{"not_picked":["Thunderclap","Body Slam"],"picked":"Disarm","floor":14.0},{"not_picked":["Fiend Fire","Bludgeon"],"picked":"Reaper","floor":16.0},{"not_picked":["Cleave","Warcry"],"picked":"Ghostly Armor+1","floor":18.0},{"not_picked":["Whirlwind","Clothesline+1"],"picked":"Metallicize","floor":19},{"not_picked":["Reckless Charge","Wild Strike"],"picked":"Pommel Strike","floor":20},{"not_picked":["Infernal Blade","Wild Strike"],"picked":"Perfected Strike","floor":21},{"not_picked":["Metallicize","Body Slam"],"picked":"Twin Strike+1","floor":25},{"not_picked":["Power Through+1","Ghostly Armor"],"picked":"Perfected Strike+1","floor":31},{"not_picked":["Limit Break","Berserk"],"picked":"Demon Form","floor":33},{"not_picked":["Dropkick+1","Pommel Strike"],"picked":"Clothesline+1","floor":35},{"not_picked":["Wild Strike+1","Pummel+1","Armaments"],"picked":"SKIP","floor":37},{"not_picked":["Clash","Twin Strike"],"picked":"Perfected Strike+1","floor":38},{"not_picked":["Wild Strike","Cleave"],"picked":"Power Through+1","floor":39},{"not_picked":["Dropkick+1","Flex+1"],"picked":"Warcry+1","floor":42},{"not_picked":["Berserk","Cleave+1"],"picked":"Sentinel+1","floor":45}],"player_experience":106737,"relics_obtained":[{"floor":7.0,"key":"Mango"},{"floor":9.0,"key":"FossilizedHelix"},{"floor":10.0,"key":"Art of War"},{"floor":25,"key":"Torii"},{"floor":25,"key":"Letter Opener"},{"floor":26,"key":"Bag of Preparation"},{"floor":26,"key":"Thread and Needle"},{"floor":42,"key":"Bottled Flame"},{"floor":43,"key":"PreservedInsect"},{"floor":43,"key":"Sundial"},{"floor":45,"key":"Dodecahedron"}],"event_choices":[{"cards_removed":["Defend_R"],"damage_healed":0.0,"max_hp_gain":0.0,"max_hp_loss":0.0,"gold_gain":0.0,"event_name":"Golden Wing","player_choice":"Card Removal","floor":3.0,"gold_loss":0.0,"damage_taken":7.0},{"damage_healed":0,"gold_gain":0,"player_choice":"Simplicity","damage_taken":0,"max_hp_gain":0,"max_hp_loss":0,"event_name":"Back to Basics","floor":24,"gold_loss":0,"cards_upgraded":["Strike_R","Strike_R","Strike_R","Defend_R","Defend_R"]},{"damage_healed":0,"gold_gain":0,"player_choice":"Fight","damage_taken":0,"max_hp_gain":0,"max_hp_loss":0,"event_name":"Colosseum","floor":25,"gold_loss":0},{"damage_healed":0,"gold_gain":0,"player_choice":"Fought Nobs","damage_taken":0,"max_hp_gain":0,"max_hp_loss":0,"event_name":"Colosseum","floor":25,"gold_loss":0},{"damage_healed":0,"gold_gain":0,"player_choice":"Upgraded","damage_taken":0,"max_hp_gain":0,"max_hp_loss":0,"event_name":"Upgrade Shrine","floor":28,"gold_loss":0,"cards_upgraded":["Metallicize"]},{"damage_healed":0,"gold_gain":0,"player_choice":"Got Potions","damage_taken":0,"max_hp_gain":0,"max_hp_loss":0,"event_name":"Lab","floor":41,"gold_loss":0},{"damage_healed":0,"gold_gain":0,"player_choice":"Upgrade","damage_taken":0,"relics_obtained":["Mark of the Bloom"],"max_hp_gain":0,"max_hp_loss":0,"event_name":"MindBloom","floor":48,"gold_loss":0,"cards_upgraded":["Headbutt","Cleave","Pommel Strike","Reaper","Pommel Strike","Battle Trance"]}],"is_beta":false,"boss_relics":[{"not_picked":["Black Blood","Pandora\u0027s Box"],"picked":"Empty Cage"},{"not_picked":["Cursed Key","Orrery"],"picked":"Sozu"}],"items_purged_floors":[22,36],"is_endless":false,"potions_floor_spawned":[7,11,13,14,19,25,25,31,33,35,42],"ascension_level":10}