{"gold_per_floor":[209,209,209,60,73,73,103,103,126,126],"floor_reached":10,"playtime":308,"items_purged":[],"score":102,"play_id":"680f6423-1fd3-4390-9aba-53ce3e92b775","local_time":"20190606072216","is_ascension_mode":true,"campfire_choices":[{"data":"Neutralize","floor":6.0,"key":"SMITH"},{"floor":8,"key":"REST"}],"neow_cost":"NONE","seed_source_timestamp":182110627179800,"circlet_count":0,"master_deck":["AscendersBane","Defend_G+1","Defend_G","Defend_G","Defend_G","Defend_G","Strike_G","Strike_G","Strike_G+1","Strike_G","Strike_G","Survivor","Neutralize+1","Crippling Poison","Blur","PiercingWail"],"special_seed":0,"relics":["Ring of the Snake","Snake Skull","Dream Catcher","Happy Flower"],"potions_floor_usage":[7,7],"damage_taken":[{"damage":4.0,"enemies":"2 Louse","floor":1.0,"turns":3.0},{"damage":2.0,"enemies":"Cultist","floor":5.0,"turns":4.0},{"damage":42,"enemies":"Gremlin Nob","floor":7,"turns":6},{"damage":27,"enemies":"Lagavulin","floor":10,"turns":11}],"seed_played":"-7877755283925758067","potions_obtained":[{"floor":1.0,"key":"FairyPotion"},{"floor":3.0,"key":"Weak Potion"},{"floor":3.0,"key":"Strength Potion"}],"is_trial":false,"path_per_floor":["M","?","?","$","M","R","E","R","T","E"],"character_chosen":"THE_SILENT","items_purchased":["Snake Skull"],"campfire_rested":1,"item_purchase_floors":[4],"current_hp_per_floor":[59,45,45,45,43,43,1,22,22,0],"gold":126,"neow_bonus":"HUNDRED_GOLD","is_prod":false,"is_daily":false,"chose_seed":false,"campfire_upgraded":1,"win_rate":0,"timestamp":1559830936,"path_taken":["M","?","?","$","?","R","E","R","T","E"],"build_version":"2019-01-23","purchased_purges":0,"victory":false,"max_hp_per_floor":[70,70,70,70,70,70,70,70,70,70],"card_choices":[{"not_picked":["Prepared","Backflip"],"picked":"Crippling Poison","floor":1.0},{"not_picked":["Underhanded Strike","Cloak And Dagger","Expertise"],"picked":"SKIP","floor":5.0},{"not_picked":["Dagger Throw","Outmaneuver"],"picked":"Blur","floor":7},{"not_picked":["Deflect","Flying Knee"],"picked":"PiercingWail","floor":8}],"player_experience":342025,"relics_obtained":[{"floor":7,"key":"Dream Catcher"},{"floor":9,"key":"Happy Flower"}],"event_choices":[{"damage_healed":0.0,"max_hp_gain":0.0,"max_hp_loss":0.0,"gold_gain":0.0,"event_name":"Shining Light","player_choice":"Entered Light","floor":2.0,"gold_loss":0.0,"damage_taken":14.0,"cards_upgraded":["Defend_G","Strike_G"]},{"damage_healed":0.0,"max_hp_gain":0.0,"max_hp_loss":0.0,"gold_gain":0.0,"event_name":"Lab","player_choice":"Got Potions","floor":3.0,"gold_loss":0.0,"damage_taken":0.0}],"is_beta":false,"boss_relics":[],"items_purged_floors":[],"is_endless":false,"potions_floor_spawned":[1],"killed_by":"Lagavulin","ascension_level":12}