{"gold_per_floor":[112,212,227,41,61,61,61,78,102,137,137,55,73,87,87,163,163,176,226,237,255,255],"floor_reached":22,"playtime":1752,"items_purged":[],"score":357,"play_id":"b424d71b-2771-497b-9b7a-488d18a6d92d","local_time":"20190521133158","is_ascension_mode":true,"campfire_choices":[{"data":"Blur","floor":6.0,"key":"SMITH"},{"data":"Survivor","floor":11.0,"key":"SMITH"},{"data":"Backflip","floor":15.0,"key":"SMITH"}],"neow_cost":"NONE","seed_source_timestamp":3506796595084933,"circlet_count":0,"master_deck":["AscendersBane","Defend_G","Defend_G","Defend_G","Defend_G","Defend_G","Strike_G","Strike_G","Strike_G","Strike_G","Strike_G","Survivor+1","Neutralize+1","Blur+1","Bouncing Flask","Sadistic Nature","PiercingWail","Dagger Throw","PiercingWail","Backflip+1","Envenom","PiercingWail","Adrenaline","Blur+1","Cloak And Dagger","Catalyst"],"special_seed":0,"relics":["Ring of the Snake","NeowsBlessing","Strawberry","PreservedInsect","White Beast Statue"],"potions_floor_usage":[22],"damage_taken":[{"damage":0.0,"enemies":"2 Louse","floor":1.0,"turns":1.0},{"damage":0.0,"enemies":"Cultist","floor":3.0,"turns":1.0},{"damage":0.0,"enemies":"Small Slimes","floor":5.0,"turns":2.0},{"damage":22.0,"enemies":"Exordium Thugs","floor":8.0,"turns":6.0},{"damage":20.0,"enemies":"Lagavulin","floor":10.0,"turns":7.0},{"damage":7.0,"enemies":"Large Slime","floor":13.0,"turns":5.0},{"damage":0.0,"enemies":"Exordium Wildlife","floor":14.0,"turns":4.0},{"damage":12.0,"enemies":"Hexaghost","floor":16.0,"turns":11.0},{"damage":18.0,"enemies":"3 Byrds","floor":18.0,"turns":10.0},{"damage":4.0,"enemies":"Shell Parasite","floor":20.0,"turns":7.0},{"damage":31.0,"enemies":"Centurion and Healer","floor":21.0,"turns":12.0},{"damage":24,"enemies":"Cultist and Chosen","floor":22,"turns":5}],"seed_played":"3272416193385828343","potions_obtained":[{"floor":3.0,"key":"AttackPotion"},{"floor":8.0,"key":"Energy Potion"},{"floor":10.0,"key":"Block Potion"},{"floor":18.0,"key":"Regen Potion"},{"floor":20.0,"key":"Weak Potion"},{"floor":21.0,"key":"SteroidPotion"}],"is_trial":false,"path_per_floor":["M","?","M","$","M","R","?","M","T","E","R","$","M","M","R","B",null,"M","?","M","M","M"],"character_chosen":"THE_SILENT","items_purchased":["Sadistic Nature","PiercingWail","Backflip"],"campfire_rested":0,"item_purchase_floors":[4,12,12],"current_hp_per_floor":[59,59,59,59,59,59,59,37,44,24,24,24,17,17,17,5,56,38,38,49,18,0],"gold":255,"neow_bonus":"THREE_ENEMY_KILL","is_prod":false,"is_daily":false,"chose_seed":false,"campfire_upgraded":3,"win_rate":0,"timestamp":1558470718,"path_taken":["M","?","?","$","M","R","?","?","T","E","R","$","M","?","R","BOSS","M","?","M","M","M"],"build_version":"2019-01-23","purchased_purges":0,"victory":false,"max_hp_per_floor":[66,66,66,66,66,66,66,66,73,73,73,73,73,73,73,73,73,73,73,73,73,73],"card_choices":[{"not_picked":["Slice","Catalyst"],"picked":"Blur","floor":1.0},{"not_picked":["Cloak And Dagger","Distraction"],"picked":"Bouncing Flask","floor":3.0},{"not_picked":["Bane","Concentrate","Slice"],"picked":"SKIP","floor":5.0},{"not_picked":["Slice","Setup"],"picked":"PiercingWail","floor":8.0},{"not_picked":["Acrobatics","Reflex"],"picked":"Dagger Throw","floor":10.0},{"not_picked":["Dodge and Roll","Backstab"],"picked":"Envenom","floor":13.0},{"not_picked":["Flying Knee","Dagger Throw"],"picked":"PiercingWail","floor":14.0},{"not_picked":["Bullet Time","Malaise"],"picked":"Adrenaline","floor":16.0},{"not_picked":["Blade Dance","Outmaneuver+1"],"picked":"Blur+1","floor":18.0},{"not_picked":["Poisoned Stab","Outmaneuver"],"picked":"Cloak And Dagger","floor":20.0},{"not_picked":["Backflip","Acrobatics"],"picked":"Catalyst","floor":21.0}],"player_experience":687874,"relics_obtained":[{"floor":9.0,"key":"Strawberry"},{"floor":10.0,"key":"PreservedInsect"}],"event_choices":[{"damage_healed":0.0,"max_hp_gain":0.0,"max_hp_loss":0.0,"gold_gain":100.0,"event_name":"Wheel of Change","player_choice":"Gold","floor":2.0,"gold_loss":0.0,"damage_taken":0.0},{"damage_healed":0.0,"max_hp_gain":0.0,"max_hp_loss":0.0,"gold_gain":0.0,"event_name":"Upgrade Shrine","player_choice":"Upgraded","floor":7.0,"gold_loss":0.0,"damage_taken":0.0,"cards_upgraded":["Neutralize"]},{"damage_healed":0.0,"max_hp_gain":0.0,"max_hp_loss":0.0,"gold_gain":50.0,"event_name":"Golden Shrine","player_choice":"Pray","floor":19.0,"gold_loss":0.0,"damage_taken":0.0}],"is_beta":false,"boss_relics":[{"not_picked":["Runic Dome","Snecko Eye"],"picked":"White Beast Statue"}],"items_purged_floors":[],"is_endless":false,"potions_floor_spawned":[3,8,10,18,20,21],"killed_by":"Cultist and Chosen","ascension_level":18}