{"gold_per_floor":[11,11,27,27,39,39,71,71,71,91,91,107,207,218,218,218],"floor_reached":16,"playtime":1112,"items_purged":[],"score":102,"play_id":"44cee8ef-f6a4-4bd1-b86a-6f9ac5187242","local_time":"20190606225802","is_ascension_mode":false,"campfire_choices":[{"data":"Sword Boomerang","floor":6,"key":"SMITH"},{"data":"Strike_R","floor":8,"key":"PURGE"},{"data":"Feed","floor":11,"key":"SMITH"},{"data":"Strike_R","floor":15,"key":"PURGE"}],"neow_cost":"NO_GOLD","seed_source_timestamp":227134193752800,"circlet_count":0,"master_deck":["Strike_R","Strike_R","Defend_R","Defend_R","Defend_R","Bash","Armaments+1","Sword Boomerang+1","Feed+1","Corruption","Cleave","Disarm"],"relics":["Burning Blood","Peace Pipe","Gremlin Horn"],"potions_floor_usage":[7,10,16],"damage_taken":[{"damage":1,"enemies":"Cultist","floor":1,"turns":3},{"damage":17,"enemies":"Jaw Worm","floor":3,"turns":6},{"damage":0,"enemies":"Small Slimes","floor":5,"turns":3},{"damage":31,"enemies":"Gremlin Nob","floor":7,"turns":5},{"damage":13,"enemies":"Gremlin Gang","floor":10,"turns":3},{"damage":2,"enemies":"2 Fungi Beasts","floor":12,"turns":4},{"damage":13,"enemies":"Blue Slaver","floor":14,"turns":5},{"damage":53,"enemies":"Slime Boss","floor":16,"turns":7}],"seed_played":"-1705524467683131943","potions_obtained":[{"floor":5,"key":"LiquidBronze"},{"floor":7,"key":"AttackPotion"},{"floor":14,"key":"Poison Potion"}],"is_trial":false,"path_per_floor":["M","$","M","?","M","R","E","R","T","M","R","M","?","M","R","B"],"character_chosen":"IRONCLAD","items_purchased":[],"campfire_rested":0,"item_purchase_floors":[],"current_hp_per_floor":[80,80,69,69,75,75,50,50,50,46,46,54,54,51,51,0],"gold":218,"neow_bonus":"REMOVE_TWO","is_prod":false,"is_daily":false,"chose_seed":false,"campfire_upgraded":2,"win_rate":0,"timestamp":1559829482,"path_taken":["M","?","M","?","M","R","E","R","T","M","R","M","?","M","R","BOSS"],"build_version":"2019-01-23","purchased_purges":0,"victory":false,"max_hp_per_floor":[80,80,80,80,80,80,80,80,80,83,83,87,87,91,91,91],"card_choices":[{"not_picked":["Cleave","Anger"],"picked":"Armaments","floor":1},{"not_picked":["Cleave","True Grit"],"picked":"Sword Boomerang","floor":3},{"not_picked":["Clothesline","Cleave","Body Slam"],"picked":"SKIP","floor":5},{"not_picked":["Sever Soul","Headbutt"],"picked":"Feed","floor":7},{"not_picked":["Clothesline","Cleave"],"picked":"Corruption","floor":10},{"not_picked":["Fire Breathing","Anger"],"picked":"Cleave","floor":12},{"not_picked":["Clash","Thunderclap"],"picked":"Disarm","floor":14}],"player_experience":57516,"relics_obtained":[{"floor":7,"key":"Peace Pipe"},{"floor":9,"key":"Gremlin Horn"}],"event_choices":[{"damage_healed":0,"gold_gain":0,"player_choice":"Grow","damage_taken":0,"max_hp_gain":0,"max_hp_loss":0,"event_name":"Living Wall","floor":4,"gold_loss":0,"cards_upgraded":["Armaments"]},{"damage_healed":0,"gold_gain":100,"player_choice":"Pray","damage_taken":0,"max_hp_gain":0,"max_hp_loss":0,"event_name":"Golden Shrine","floor":13,"gold_loss":0}],"is_beta":false,"boss_relics":[],"items_purged_floors":[],"is_endless":false,"potions_floor_spawned":[5,7,14],"killed_by":"Slime Boss","ascension_level":0}