{"gold_per_floor":[112,138,47,59,59,93,93,18,91,109,109,135,135,135,135,214,214,226,241,241,43,43,43],"floor_reached":23,"playtime":1162,"items_purged":["Defend_G","Pain"],"score":441,"play_id":"9ab82618-66b8-41ba-876e-ffc92a974609","local_time":"20190519173541","is_ascension_mode":true,"campfire_choices":[{"floor":11,"key":"REST"},{"floor":13,"key":"REST"},{"floor":15,"key":"REST"}],"neow_cost":"NONE","seed_source_timestamp":343311921262318,"circlet_count":0,"master_deck":["AscendersBane","Defend_G","Defend_G","Defend_G","Defend_G","Strike_G","Strike_G","Strike_G","Strike_G+1","Survivor","Neutralize","Endless Agony","PanicButton","Blade Dance+1","Finisher","Blur","Envenom","Tools of the Trade","Regret","Regret","Cloak And Dagger","Escape Plan+1","Panacea"],"special_seed":0,"relics":["WristBlade","Anchor","Ancient Tea Set","Ninja Scroll","WingedGreaves","Oddly Smooth Stone","Calling Bell","Omamori","Darkstone Periapt","StoneCalendar","Necronomicon"],"potions_floor_usage":[6,12,19,23,23],"damage_taken":[{"damage":0.0,"enemies":"Cultist","floor":1.0,"turns":4.0},{"damage":0.0,"enemies":"2 Louse","floor":4.0,"turns":2.0},{"damage":20,"enemies":"3 Sentries","floor":6,"turns":8},{"damage":0,"enemies":"Small Slimes","floor":10,"turns":1},{"damage":12,"enemies":"Lagavulin","floor":12,"turns":4},{"damage":0,"enemies":"The Guardian","floor":16,"turns":9},{"damage":7,"enemies":"Chosen","floor":18,"turns":4},{"damage":8,"enemies":"Shell Parasite","floor":19,"turns":5},{"damage":16,"enemies":"Book of Stabbing","floor":23,"turns":5}],"seed_played":"-8937106649857730939","potions_obtained":[{"floor":1.0,"key":"Strength Potion"},{"floor":6,"key":"PowerPotion"},{"floor":16,"key":"SkillPotion"},{"floor":18,"key":"Energy Potion"},{"floor":19,"key":"FearPotion"}],"is_trial":false,"path_per_floor":["M","T","$","M","?","E","?","$","T","M","R","E","R","?","R","B",null,"M","M","?","$","?","E"],"character_chosen":"THE_SILENT","items_purchased":["PanicButton","Panacea"],"campfire_rested":3,"item_purchase_floors":[3,21],"current_hp_per_floor":[59,59,59,59,52,32,12,12,12,12,31,19,38,38,57,57,64,57,49,31,31,10,0],"gold":43,"neow_bonus":"BOSS_RELIC","is_prod":false,"is_daily":false,"chose_seed":false,"campfire_upgraded":0,"win_rate":0,"timestamp":1558254941,"path_taken":["M","?","?","M","?","E","?","$","T","M","R","E","R","?","R","BOSS","M","M","?","$","?","E"],"build_version":"2019-01-23","purchased_purges":2,"victory":false,"max_hp_per_floor":[66,66,66,66,66,66,66,66,66,66,66,66,66,66,66,66,66,66,66,71,71,71,71],"card_choices":[{"not_picked":["Finisher","Backflip"],"picked":"Endless Agony","floor":1.0},{"not_picked":["Flying Knee","Outmaneuver"],"picked":"Blade Dance","floor":4.0},{"not_picked":["Backflip","Flying Knee"],"picked":"Finisher","floor":6},{"not_picked":["Bouncing Flask","Bane"],"picked":"Blur","floor":10},{"not_picked":["Heel Hook","Dagger Spray"],"picked":"Envenom","floor":12},{"not_picked":["Phantasmal Killer","Malaise"],"picked":"Tools of the Trade","floor":16},{"not_picked":["Dagger Throw","Deadly Poison"],"picked":"Cloak And Dagger","floor":18},{"not_picked":["Skewer","Prepared"],"picked":"Escape Plan+1","floor":19}],"player_experience":1100571,"relics_obtained":[{"floor":2.0,"key":"Anchor"},{"floor":6,"key":"Ancient Tea Set"},{"floor":9,"key":"Ninja Scroll"},{"floor":12,"key":"WingedGreaves"},{"floor":14,"key":"Oddly Smooth Stone"},{"floor":17,"key":"Omamori"},{"floor":17,"key":"Darkstone Periapt"},{"floor":17,"key":"StoneCalendar"},{"floor":22,"key":"Necronomicon"}],"event_choices":[{"cards_removed":["Strike_G"],"damage_healed":0.0,"max_hp_gain":0.0,"max_hp_loss":0.0,"gold_gain":0.0,"event_name":"Golden Wing","player_choice":"Card Removal","floor":5.0,"gold_loss":0.0,"damage_taken":7.0},{"damage_healed":0,"gold_gain":0,"player_choice":"Entered Light","damage_taken":20,"max_hp_gain":0,"max_hp_loss":0,"event_name":"Shining Light","floor":7,"gold_loss":0,"cards_upgraded":["Blade Dance","Strike_G"]},{"damage_healed":0,"gold_gain":0,"player_choice":"Relic","damage_taken":0,"max_hp_gain":0,"max_hp_loss":0,"event_name":"Wheel of Change","floor":14,"gold_loss":0},{"damage_healed":0,"gold_gain":0,"player_choice":"Shed Blood","damage_taken":23,"max_hp_gain":5,"max_hp_loss":0,"event_name":"Forgotten Altar","floor":20,"gold_loss":0},{"damage_healed":0,"gold_gain":0,"player_choice":"Obtained Book","damage_taken":21,"max_hp_gain":0,"max_hp_loss":0,"event_name":"Cursed Tome","floor":22,"gold_loss":0}],"is_beta":false,"boss_relics":[{"not_picked":["Black Star","Empty Cage"],"picked":"Calling Bell"}],"items_purged_floors":[8,21],"is_endless":false,"potions_floor_spawned":[1,6,16,18,19],"killed_by":"Book of Stabbing","ascension_level":16}