{"gold_per_floor":[110,128,128,128,147,147,177,193,218,250,250,280,298,313,313,390,390,403,403,64,64,64,64,89,99,99,142,79,79],"floor_reached":29,"playtime":2373,"items_purged":["Strike_G"],"score":506,"play_id":"53e78b35-7352-4467-b1ba-d78e3cfe3660","local_time":"20190413153951","is_ascension_mode":true,"campfire_choices":[{"data":"Neutralize","floor":6.0,"key":"SMITH"},{"floor":11.0,"key":"REST"},{"data":"After Image","floor":15.0,"key":"SMITH"},{"data":"Defend_G","floor":23.0,"key":"PURGE"}],"neow_cost":"NONE","seed_source_timestamp":226850280610861,"circlet_count":0,"master_deck":["AscendersBane","Defend_G","Defend_G+1","Defend_G","Defend_G","Strike_G","Strike_G","Strike_G","Strike_G","Survivor","Neutralize+1","Heel Hook+1","Predator","Choke","Endless Agony","After Image+1","Noxious Fumes","Acrobatics","Terror","Envenom","Escape Plan+1","Dodge and Roll","Infinite Blades","Catalyst"],"special_seed":0,"relics":["Ring of the Snake","Pen Nib","Bag of Marbles","Anchor","Boot","Coffee Dripper","Peace Pipe","Question Card","MawBank","Juzu Bracelet"],"potions_floor_usage":[27,29],"damage_taken":[{"damage":0.0,"enemies":"Small Slimes","floor":1.0,"turns":3.0},{"damage":0.0,"enemies":"Cultist","floor":2.0,"turns":4.0},{"damage":2.0,"enemies":"2 Louse","floor":5.0,"turns":4.0},{"damage":17.0,"enemies":"Gremlin Nob","floor":7.0,"turns":4.0},{"damage":3.0,"enemies":"Exordium Wildlife","floor":8.0,"turns":4.0},{"damage":10.0,"enemies":"3 Sentries","floor":10.0,"turns":6.0},{"damage":7.0,"enemies":"Lagavulin","floor":12.0,"turns":8.0},{"damage":0.0,"enemies":"2 Fungi Beasts","floor":13.0,"turns":2.0},{"damage":0.0,"enemies":"Blue Slaver","floor":14.0,"turns":3.0},{"damage":19.0,"enemies":"The Guardian","floor":16.0,"turns":9.0},{"damage":11.0,"enemies":"Chosen","floor":18.0,"turns":5.0},{"damage":24.0,"enemies":"Slavers","floor":24.0,"turns":5.0},{"damage":14.0,"enemies":"Spheric Guardian","floor":25.0,"turns":4.0},{"damage":7,"enemies":"Gremlin Leader","floor":27,"turns":6},{"damage":2,"enemies":"Slavers","floor":29,"turns":1}],"seed_played":"-3553659034171134879","potions_obtained":[{"floor":5.0,"key":"Strength Potion"},{"floor":7.0,"key":"PowerPotion"},{"floor":12.0,"key":"Swift Potion"},{"floor":13.0,"key":"SkillPotion"},{"floor":16.0,"key":"Weak Potion"},{"floor":24.0,"key":"Explosive Potion"},{"floor":25.0,"key":"GamblersBrew"}],"is_trial":false,"path_per_floor":["M","M","?","?","M","R","E","M","T","E","R","E","M","M","R","B",null,"M","?","$","?","?","R","E","M","T","E","$","E"],"character_chosen":"THE_SILENT","items_purchased":["Peace Pipe"],"campfire_rested":1,"item_purchase_floors":[20],"current_hp_per_floor":[65,65,43,72,70,70,53,50,50,40,61,54,54,54,54,35,63,52,32,32,32,47,47,23,9,9,2,2,0],"gold":79,"neow_bonus":"TEN_PERCENT_HP_BONUS","is_prod":false,"is_daily":false,"chose_seed":false,"campfire_upgraded":2,"win_rate":0,"timestamp":1555137591,"path_taken":["M","M","?","?","M","R","E","M","T","E","R","E","M","?","R","BOSS","M","?","$","?","?","R","E","M","T","E","?","E"],"build_version":"2019-01-23","purchased_purges":1,"victory":false,"max_hp_per_floor":[72,72,72,72,72,72,72,72,72,72,72,72,72,72,72,72,72,72,77,77,77,77,77,77,77,77,77,77,77],"card_choices":[{"not_picked":["Deadly Poison","Dagger Spray"],"picked":"Heel Hook","floor":1.0},{"not_picked":["Tactician","Prepared"],"picked":"Infinite Blades","floor":2.0},{"not_picked":["Blade Dance","Poisoned Stab"],"picked":"Predator","floor":5.0},{"not_picked":["Accuracy","Dagger Spray"],"picked":"Choke","floor":7.0},{"not_picked":["Deadly Poison","Outmaneuver"],"picked":"Endless Agony","floor":8.0},{"not_picked":["Calculated Gamble","Concentrate"],"picked":"After Image","floor":10.0},{"not_picked":["Underhanded Strike","Predator"],"picked":"Noxious Fumes","floor":12.0},{"not_picked":["Dagger Spray","Poisoned Stab"],"picked":"Acrobatics","floor":13.0},{"not_picked":["Flechettes","Blade Dance"],"picked":"Terror","floor":14.0},{"not_picked":["Night Terror","Malaise"],"picked":"Envenom","floor":16.0},{"not_picked":["Underhanded Strike","Prepared"],"picked":"Escape Plan+1","floor":18.0},{"not_picked":["Deflect","Acrobatics"],"picked":"Dodge and Roll","floor":24.0},{"not_picked":["Dodge and Roll","Tactician","Flechettes"],"picked":"Infinite Blades","floor":25.0},{"not_picked":["Backflip","Expertise","Blur"],"picked":"Catalyst","floor":27}],"player_experience":1090998,"relics_obtained":[{"floor":7.0,"key":"Pen Nib"},{"floor":9.0,"key":"Bag of Marbles"},{"floor":10.0,"key":"Anchor"},{"floor":12.0,"key":"Boot"},{"floor":24.0,"key":"Question Card"},{"floor":26.0,"key":"MawBank"},{"floor":27,"key":"Juzu Bracelet"}],"event_choices":[{"damage_healed":0.0,"max_hp_gain":0.0,"max_hp_loss":0.0,"gold_gain":0.0,"event_name":"Shining Light","player_choice":"Entered Light","floor":3.0,"gold_loss":0.0,"damage_taken":22.0,"cards_upgraded":["Heel Hook","Defend_G"]},{"cards_removed":["Infinite Blades"],"damage_healed":29.0,"max_hp_gain":0.0,"max_hp_loss":0.0,"gold_gain":0.0,"event_name":"Bonfire Elementals","player_choice":"Offered Uncommon","floor":4.0,"gold_loss":0.0,"damage_taken":0.0},{"damage_healed":0.0,"max_hp_gain":5.0,"max_hp_loss":0.0,"gold_gain":0.0,"event_name":"Forgotten Altar","player_choice":"Shed Blood","floor":19.0,"gold_loss":0.0,"damage_taken":25.0},{"damage_healed":0.0,"max_hp_gain":0.0,"max_hp_loss":0.0,"gold_gain":0.0,"event_name":"Beggar","player_choice":"Ignored","floor":21.0,"gold_loss":0.0,"damage_taken":0.0},{"damage_healed":15.0,"max_hp_gain":0.0,"max_hp_loss":0.0,"gold_gain":0.0,"event_name":"The Library","player_choice":"Heal","floor":22.0,"gold_loss":0.0,"damage_taken":0.0}],"is_beta":false,"boss_relics":[{"not_picked":["White Beast Statue","Philosopher\u0027s Stone"],"picked":"Coffee Dripper"}],"items_purged_floors":[28],"is_endless":false,"potions_floor_spawned":[5,7,12,13,14,16,24,25],"killed_by":"Slavers","ascension_level":16}