{"gold_per_floor":[216,235,310,310,384,415,415,429,452,452,472,488,507,541,541,642,642,652,705,705,201,216,249,265,265,291,291,316,316,335,37,37,142,142,158,158,158,171,95,95,125,125,125,225,225,0,35,45,45,45],"floor_reached":51,"playtime":2077,"items_purged":["Strike_R"],"score":1127,"play_id":"3897eb5a-2f0a-4288-8b26-57846dbf4297","local_time":"20190822035503","is_ascension_mode":true,"campfire_choices":[{"data":"Whirlwind","floor":7.0,"key":"SMITH"},{"data":"Bash","floor":10.0,"key":"SMITH"},{"data":"Uppercut","floor":15.0,"key":"SMITH"},{"data":"Double Tap","floor":25.0,"key":"SMITH"},{"data":"Inflame","floor":29.0,"key":"SMITH"},{"floor":32.0,"key":"REST"},{"data":"Immolate","floor":40.0,"key":"SMITH"},{"data":"Corruption","floor":42.0,"key":"SMITH"},{"floor":49.0,"key":"REST"}],"neow_cost":"NONE","seed_source_timestamp":88215017655545,"circlet_count":0,"master_deck":["AscendersBane","Strike_R","Strike_R","Defend_R","Defend_R","Defend_R","Defend_R+1","Bash+1","Dropkick","Clothesline","Whirlwind+1","Wild Strike","Uppercut+1","Thunderclap","Iron Wave","Spot Weakness+1","Double Tap+1","Inflame+1","Pummel","Sword Boomerang","Whirlwind+1","Infernal Blade+1","Sword Boomerang","Finesse","Sword Boomerang+1","Clothesline","Immolate+1","Shrug It Off+1","Power Through+1","Corruption+1","Twin Strike","Heavy Blade","Inflame","Shrug It Off+1"],"special_seed":0,"relics":["Burning Blood","Lantern","Oddly Smooth Stone","Ornamental Fan","Philosopher\u0027s Stone","Bronze Scales","Question Card","Orichalcum","Charon\u0027s Ashes","War Paint","Juzu Bracelet","Potion Belt","Runic Dome","Omamori","Pen Nib","Torii","Red Mask","Pantograph"],"potions_floor_usage":[50,50,50,50,50],"damage_taken":[{"damage":3.0,"enemies":"Small Slimes","floor":1.0,"turns":3.0},{"damage":7.0,"enemies":"Jaw Worm","floor":2.0,"turns":2.0},{"damage":20.0,"enemies":"Lagavulin","floor":6.0,"turns":8.0},{"damage":0.0,"enemies":"2 Louse","floor":8.0,"turns":1.0},{"damage":4.0,"enemies":"Exordium Thugs","floor":11.0,"turns":3.0},{"damage":4.0,"enemies":"Red Slaver","floor":12.0,"turns":2.0},{"damage":5.0,"enemies":"Looter","floor":13.0,"turns":2.0},{"damage":13.0,"enemies":"Gremlin Nob","floor":14.0,"turns":4.0},{"damage":38.0,"enemies":"The Guardian","floor":16.0,"turns":12.0},{"damage":9.0,"enemies":"Shell Parasite","floor":18.0,"turns":4.0},{"damage":8.0,"enemies":"3 Byrds","floor":22.0,"turns":4.0},{"damage":11.0,"enemies":"Book of Stabbing","floor":23.0,"turns":3.0},{"damage":8.0,"enemies":"Snake Plant","floor":24.0,"turns":2.0},{"damage":31.0,"enemies":"Gremlin Leader","floor":28.0,"turns":3.0},{"damage":0.0,"enemies":"Sentry and Sphere","floor":30.0,"turns":3.0},{"damage":35.0,"enemies":"Champ","floor":33.0,"turns":7.0},{"damage":0.0,"enemies":"3 Darklings","floor":35.0,"turns":2.0},{"damage":0.0,"enemies":"Orb Walker","floor":38.0,"turns":2.0},{"damage":21.0,"enemies":"Giant Head","floor":41.0,"turns":7.0},{"damage":6.0,"enemies":"Mind Bloom Boss Battle","floor":44.0,"turns":5.0},{"damage":43.0,"enemies":"Nemesis","floor":47.0,"turns":5.0},{"damage":7.0,"enemies":"Spire Growth","floor":48.0,"turns":3.0},{"damage":25,"enemies":"Awakened One","floor":50,"turns":6}],"seed_played":"-1279131592405996685","potions_obtained":[{"floor":1.0,"key":"SteroidPotion"},{"floor":2.0,"key":"SkillPotion"},{"floor":8.0,"key":"BloodPotion"},{"floor":12.0,"key":"AttackPotion"},{"floor":16.0,"key":"SpeedPotion"},{"floor":18.0,"key":"Explosive Potion"},{"floor":23.0,"key":"AttackPotion"},{"floor":24.0,"key":"SpeedPotion"},{"floor":30.0,"key":"SpeedPotion"},{"floor":33.0,"key":"LiquidBronze"},{"floor":35.0,"key":"Regen Potion"},{"floor":38.0,"key":"Strength Potion"},{"floor":44.0,"key":"SteroidPotion"},{"floor":47.0,"key":"Ancient Potion"}],"is_trial":false,"path_per_floor":["M","M","?","?","?","E","R","M","T","R","M","M","M","E","R","B",null,"M","T","?","$","M","E","M","R","T","?","E","R","M","$","R","B",null,"M","?","?","M","$","R","E","R","T","?","?","?","E","M","R","B",null],"character_chosen":"IRONCLAD","items_purchased":["Question Card","Orichalcum","Sword Boomerang","Potion Belt","EssenceOfSteel","EssenceOfSteel","Corruption"],"campfire_rested":2,"item_purchase_floors":[21,21,21,31,31,31,39],"current_hp_per_floor":[75,74,63,63,63,49,49,55,55,55,57,59,60,53,53,21,65,62,62,62,62,60,55,53,53,53,53,48,48,54,54,78,49,72,78,78,76,76,76,76,61,61,61,61,61,61,29,28,50,56],"gold":45,"neow_bonus":"HUNDRED_GOLD","is_prod":false,"is_daily":false,"chose_seed":false,"campfire_upgraded":7,"win_rate":1,"timestamp":1566410103,"path_taken":["M","M","?","?","?","E","R","M","T","R","M","?","M","E","R","BOSS","M","?","?","$","?","E","M","R","T","?","E","R","M","$","R","BOSS","M","?","?","M","$","R","E","R","T","?","?","?","E","M","R","BOSS"],"build_version":"2019-07-17","purchased_purges":1,"victory":true,"max_hp_per_floor":[80,80,80,80,80,80,80,80,80,80,80,80,80,80,80,80,80,80,80,80,80,80,80,80,80,80,80,80,80,80,80,80,80,80,80,80,76,76,76,76,76,76,76,76,76,76,76,76,76,76],"card_choices":[{"not_picked":["Intimidate","Wild Strike"],"picked":"Dropkick","floor":1.0},{"not_picked":["Sentinel","Blood for Blood"],"picked":"Clothesline","floor":2.0},{"not_picked":["Bloodletting","Shrug It Off"],"picked":"Whirlwind","floor":6.0},{"not_picked":["Bloodletting","Havoc"],"picked":"Wild Strike","floor":8.0},{"not_picked":["Shrug It Off","Shockwave"],"picked":"Uppercut","floor":11.0},{"not_picked":["Clash","Sever Soul"],"picked":"Thunderclap","floor":12.0},{"not_picked":["Flex","Headbutt"],"picked":"Iron Wave","floor":13.0},{"not_picked":["Pommel Strike","Armaments"],"picked":"Spot Weakness","floor":14.0},{"not_picked":["Barricade","Exhume"],"picked":"Double Tap","floor":16.0},{"not_picked":["Heavy Blade","Thunderclap"],"picked":"Inflame","floor":18.0},{"not_picked":["Havoc","Flex","Twin Strike"],"picked":"Iron Wave+1","floor":22.0},{"not_picked":["Shockwave","Evolve","Inflame"],"picked":"Whirlwind+1","floor":23.0},{"not_picked":["Headbutt","Pommel Strike","Armaments"],"picked":"Infernal Blade+1","floor":24.0},{"not_picked":["Blood for Blood","Carnage","Cleave"],"picked":"Sword Boomerang+1","floor":28.0},{"not_picked":["Juggernaut","Armaments","Fire Breathing"],"picked":"Clothesline","floor":30.0},{"not_picked":["Feed","Juggernaut","Double Tap"],"picked":"Immolate","floor":33.0},{"not_picked":["Body Slam","True Grit","Havoc+1"],"picked":"Shrug It Off+1","floor":35.0},{"not_picked":["Cleave+1","Heavy Blade","Barricade"],"picked":"Power Through+1","floor":38.0},{"not_picked":["Armaments","Whirlwind","Body Slam"],"picked":"Twin Strike","floor":41.0},{"not_picked":["Wild Strike+1","Hemokinesis+1","Shrug It Off"],"picked":"Heavy Blade","floor":44.0},{"not_picked":["Intimidate","Bloodletting","Anger"],"picked":"Inflame","floor":47.0},{"not_picked":["True Grit+1","Metallicize","Ghostly Armor"],"picked":"Shrug It Off+1","floor":48.0}],"player_experience":57088,"relics_obtained":[{"floor":6.0,"key":"Lantern"},{"floor":9.0,"key":"Oddly Smooth Stone"},{"floor":14.0,"key":"Ornamental Fan"},{"floor":19.0,"key":"Bronze Scales"},{"floor":23.0,"key":"Charon\u0027s Ashes"},{"floor":26.0,"key":"War Paint"},{"floor":28.0,"key":"Juzu Bracelet"},{"floor":41.0,"key":"Omamori"},{"floor":43.0,"key":"Pen Nib"},{"floor":44.0,"key":"Torii"},{"floor":47.0,"key":"Pantograph"}],"event_choices":[{"damage_healed":0.0,"max_hp_gain":0.0,"max_hp_loss":0.0,"gold_gain":75.0,"event_name":"World of Goop","player_choice":"Gather Gold","floor":3.0,"gold_loss":0.0,"damage_taken":11.0},{"damage_healed":0.0,"max_hp_gain":0.0,"max_hp_loss":0.0,"gold_gain":0.0,"event_name":"Liars Game","player_choice":"Ignored","floor":4.0,"gold_loss":0.0,"damage_taken":0.0},{"damage_healed":0.0,"max_hp_gain":0.0,"max_hp_loss":0.0,"gold_gain":74.0,"event_name":"Golden Wing","player_choice":"Gained Gold","floor":5.0,"gold_loss":0.0,"damage_taken":0.0},{"damage_healed":0.0,"max_hp_gain":0.0,"max_hp_loss":0.0,"gold_gain":0.0,"cards_transformed":["Strike_R"],"event_name":"Transmorgrifier","player_choice":"Transformed","floor":20.0,"gold_loss":0.0,"damage_taken":0.0,"cards_obtained":["Pummel"]},{"damage_healed":0.0,"max_hp_gain":0.0,"max_hp_loss":0.0,"gold_gain":0.0,"event_name":"Match and Keep!","player_choice":"2 cards matched","floor":27.0,"gold_loss":0.0,"damage_taken":0.0,"cards_obtained":["Sword Boomerang","Finesse"]},{"cards_removed":["Iron Wave"],"damage_healed":0.0,"max_hp_gain":0.0,"max_hp_loss":0.0,"gold_gain":0.0,"event_name":"Falling","player_choice":"Removed Attack","floor":36.0,"gold_loss":0.0,"damage_taken":0.0},{"damage_healed":0.0,"max_hp_gain":0.0,"max_hp_loss":4.0,"gold_gain":0.0,"event_name":"Winding Halls","player_choice":"Max HP","floor":37.0,"gold_loss":0.0,"damage_taken":0.0},{"damage_healed":0.0,"max_hp_gain":0.0,"max_hp_loss":0.0,"gold_gain":0.0,"event_name":"MindBloom","player_choice":"Fight","floor":44.0,"gold_loss":0.0,"damage_taken":0.0},{"cards_removed":["Strike_R"],"damage_healed":0.0,"max_hp_gain":0.0,"max_hp_loss":0.0,"gold_gain":0.0,"event_name":"Purifier","player_choice":"Purged","floor":45.0,"gold_loss":0.0,"damage_taken":0.0},{"damage_healed":0.0,"max_hp_gain":0.0,"max_hp_loss":0.0,"gold_gain":0.0,"event_name":"Tomb of Lord Red Mask","player_choice":"Paid","floor":46.0,"gold_loss":225.0,"damage_taken":0.0,"relics_obtained":["Red Mask"]}],"is_beta":false,"boss_relics":[{"not_picked":["Eternal Feather","Fusion Hammer"],"picked":"Philosopher\u0027s Stone"},{"not_picked":["Calling Bell","Black Blood"],"picked":"Runic Dome"}],"items_purged_floors":[21],"is_endless":false,"potions_floor_spawned":[1,2,8,12,16,18,23,24,30,33,35,38,44,47],"ascension_level":10}