{"gold_per_floor":[117,130,145,145,161,161,202,202,226,182,218,218,218,253,253,372,372,372,372,372,372,372,372,372,372,372,372,372,372,25,25,25,25,25,25,25,25,25,25,25,25,25,25,25,25,25,25,25,25,25],"floor_reached":51,"playtime":2618,"items_purged":[],"score":1198,"play_id":"b50fd109-5920-4de1-b7f9-23f69d5092b6","local_time":"20190820121344","is_ascension_mode":true,"campfire_choices":[{"data":"Iron Wave","floor":6.0,"key":"SMITH"},{"data":"Uppercut","floor":8.0,"key":"SMITH"},{"data":"Twin Strike","floor":13.0,"key":"SMITH"},{"floor":15.0,"key":"REST"},{"floor":23.0,"key":"REST"},{"data":"Corruption","floor":25.0,"key":"SMITH"},{"data":"Demon Form","floor":28.0,"key":"SMITH"},{"floor":32.0,"key":"REST"},{"floor":41,"key":"REST"},{"data":"Double Tap","floor":49,"key":"SMITH"}],"neow_cost":"TEN_PERCENT_HP_LOSS","seed_source_timestamp":116209819119241,"circlet_count":0,"master_deck":["Strike_R","Strike_R","Strike_R","Strike_R","Strike_R","Defend_R","Defend_R","Defend_R","Defend_R","Bash","Demon Form+1","Iron Wave+1","True Grit","Twin Strike+1","Uppercut+1","Anger","Shrug It Off","Limit Break","Corruption+1","Disarm","Limit Break","Perfected Strike+1","Intimidate+1","Cleave","Metallicize+1","Limit Break","Shockwave","Heavy Blade+1","Limit Break","Disarm+1","Thunderclap+1","Power Through","Battle Trance+1","Carnage+1","Double Tap+1","Perfected Strike","Sword Boomerang+1","True Grit+1"],"special_seed":0,"relics":["Burning Blood","Golden Idol","Vajra","Strawberry","Omamori","Red Skull","Ectoplasm","Red Mask","Magic Flower","Mummified Hand","MawBank","Bag of Preparation","Dream Catcher","Sozu","Potion Belt","Pantograph","Bag of Marbles","Regal Pillow"],"potions_floor_usage":[50,50],"damage_taken":[{"damage":4.0,"enemies":"Small Slimes","floor":1.0,"turns":6.0},{"damage":3.0,"enemies":"2 Louse","floor":2.0,"turns":3.0},{"damage":0.0,"enemies":"Cultist","floor":3.0,"turns":4.0},{"damage":3.0,"enemies":"Large Slime","floor":5.0,"turns":7.0},{"damage":21.0,"enemies":"Lagavulin","floor":7.0,"turns":6.0},{"damage":28.0,"enemies":"3 Sentries","floor":11.0,"turns":9.0},{"damage":15.0,"enemies":"Gremlin Nob","floor":14.0,"turns":4.0},{"damage":20.0,"enemies":"Slime Boss","floor":16.0,"turns":6.0},{"damage":0.0,"enemies":"Chosen","floor":18.0,"turns":4.0},{"damage":0.0,"enemies":"3 Byrds","floor":19.0,"turns":5.0},{"damage":28.0,"enemies":"3 Cultists","floor":21.0,"turns":7.0},{"damage":37.0,"enemies":"Masked Bandits","floor":22.0,"turns":5.0},{"damage":14.0,"enemies":"Slavers","floor":24.0,"turns":4.0},{"damage":13.0,"enemies":"Gremlin Leader","floor":27.0,"turns":4.0},{"damage":8.0,"enemies":"Slavers","floor":31.0,"turns":4.0},{"damage":18.0,"enemies":"Collector","floor":33.0,"turns":5.0},{"damage":11.0,"enemies":"3 Shapes","floor":35.0,"turns":3.0},{"damage":2.0,"enemies":"Orb Walker","floor":36.0,"turns":3.0},{"damage":3.0,"enemies":"Maw","floor":38.0,"turns":5.0},{"damage":45,"enemies":"Reptomancer","floor":40,"turns":5},{"damage":28,"enemies":"Nemesis","floor":42,"turns":3},{"damage":22,"enemies":"Giant Head","floor":44,"turns":6},{"damage":1,"enemies":"3 Darklings","floor":46,"turns":2},{"damage":7,"enemies":"Jaw Worm Horde","floor":47,"turns":3},{"damage":75,"enemies":"Awakened One","floor":50,"turns":7}],"seed_played":"-855889783209635694","potions_obtained":[{"floor":2.0,"key":"Energy Potion"},{"floor":5.0,"key":"Poison Potion"},{"floor":11.0,"key":"SkillPotion"},{"floor":16.0,"key":"Fire Potion"},{"floor":18.0,"key":"Block Potion"},{"floor":21.0,"key":"Strength Potion"},{"floor":22.0,"key":"Swift Potion"},{"floor":33.0,"key":"FearPotion"}],"is_trial":false,"path_per_floor":["M","M","M","?","M","R","E","R","T","?","E","?","R","E","R","B",null,"M","M","?","M","?","R","E","R","T","E","R","?","$","E","R","B",null,"M","M","?","M","?","E","R","E","T","E","?","M","M","?","R","B",null],"character_chosen":"IRONCLAD","items_purchased":["Limit Break","Bag of Preparation","SkillPotion"],"campfire_rested":4,"item_purchase_floors":[30,30,30],"current_hp_per_floor":[72,72,72,54,57,57,42,42,49,49,27,27,27,18,41,27,66,72,78,78,56,25,48,40,40,40,36,36,36,36,37,60,51,72,70,77,77,79,79,43,66,47,47,34,34,42,44,44,44,13],"gold":25,"neow_bonus":"THREE_RARE_CARDS","is_prod":false,"is_daily":false,"chose_seed":false,"campfire_upgraded":6,"win_rate":1,"timestamp":1566267224,"path_taken":["M","M","M","?","M","R","E","R","T","?","E","?","R","E","R","BOSS","M","M","?","?","?","R","E","R","T","E","R","?","$","E","R","BOSS","M","M","?","?","?","E","R","E","T","E","?","M","?","?","R","BOSS"],"build_version":"2019-07-17","purchased_purges":0,"victory":true,"max_hp_per_floor":[72,72,72,72,72,72,72,72,79,79,79,79,79,79,79,79,79,79,79,79,79,79,79,79,79,79,79,79,79,79,79,79,79,79,79,79,79,79,79,79,79,79,79,79,79,79,79,79,79,79],"card_choices":[{"not_picked":["Brutality","Berserk"],"picked":"Demon Form","floor":0.0},{"not_picked":["Havoc","Thunderclap"],"picked":"Iron Wave","floor":1.0},{"not_picked":["Reckless Charge","Combust"],"picked":"True Grit","floor":2.0},{"not_picked":["Evolve","Bloodletting","Clash"],"picked":"SKIP","floor":3.0},{"not_picked":["Intimidate","Cleave"],"picked":"Twin Strike","floor":5.0},{"not_picked":["Corruption","Dark Embrace"],"picked":"Uppercut","floor":7.0},{"not_picked":["Searing Blow","Warcry"],"picked":"Anger","floor":11.0},{"not_picked":["Ghostly Armor","Feel No Pain"],"picked":"Shrug It Off","floor":14.0},{"not_picked":["Berserk","Juggernaut"],"picked":"Limit Break","floor":16.0},{"not_picked":["Warcry","Flex"],"picked":"Corruption","floor":18.0},{"not_picked":["True Grit","Anger"],"picked":"Disarm","floor":19.0},{"not_picked":["Shockwave","Searing Blow"],"picked":"Perfected Strike+1","floor":21.0},{"not_picked":["Combust","Anger+1"],"picked":"Intimidate+1","floor":22.0},{"not_picked":["Fiend Fire","Searing Blow"],"picked":"Cleave","floor":24.0},{"not_picked":["Corruption","Seeing Red"],"picked":"Metallicize+1","floor":27.0},{"not_picked":["Headbutt","Flame Barrier"],"picked":"Shockwave","floor":31.0},{"not_picked":["Corruption","Shrug It Off"],"picked":"Heavy Blade","floor":32.0},{"not_picked":["Feed","Immolate"],"picked":"Limit Break","floor":33.0},{"not_picked":["Pommel Strike","Carnage+1"],"picked":"Disarm+1","floor":35.0},{"not_picked":["Intimidate+1","Burning Pact+1"],"picked":"Thunderclap+1","floor":36.0},{"not_picked":["Armaments","Havoc+1"],"picked":"Power Through","floor":38.0},{"not_picked":["Fire Breathing+1","Evolve"],"picked":"Battle Trance+1","floor":40},{"not_picked":["Evolve","Burning Pact+1"],"picked":"Carnage+1","floor":41},{"not_picked":["Clash+1","True Grit"],"picked":"Double Tap","floor":42},{"not_picked":["Headbutt+1","Cleave"],"picked":"Perfected Strike","floor":44},{"not_picked":["Dropkick","Evolve+1"],"picked":"Sword Boomerang+1","floor":46},{"not_picked":["Bloodletting+1","Rampage+1"],"picked":"True Grit+1","floor":47}],"player_experience":45272,"relics_obtained":[{"floor":7.0,"key":"Vajra"},{"floor":9.0,"key":"Strawberry"},{"floor":11.0,"key":"Omamori"},{"floor":14.0,"key":"Red Skull"},{"floor":22.0,"key":"Red Mask"},{"floor":24.0,"key":"Magic Flower"},{"floor":26.0,"key":"Mummified Hand"},{"floor":27.0,"key":"MawBank"},{"floor":31.0,"key":"Dream Catcher"},{"floor":40,"key":"Potion Belt"},{"floor":42,"key":"Pantograph"},{"floor":43,"key":"Bag of Marbles"},{"floor":44,"key":"Regal Pillow"}],"event_choices":[{"damage_healed":0.0,"max_hp_gain":0.0,"max_hp_loss":0.0,"gold_gain":0.0,"event_name":"Golden Idol","player_choice":"Take Damage","floor":4.0,"gold_loss":0.0,"damage_taken":18.0,"relics_obtained":["Golden Idol"]},{"damage_healed":0.0,"max_hp_gain":0.0,"max_hp_loss":0.0,"gold_gain":0.0,"event_name":"World of Goop","player_choice":"Left Gold","floor":10.0,"gold_loss":44.0,"damage_taken":0.0},{"damage_healed":0.0,"max_hp_gain":0.0,"max_hp_loss":0.0,"gold_gain":0.0,"event_name":"Liars Game","player_choice":"Ignored","floor":12.0,"gold_loss":0.0,"damage_taken":0.0},{"damage_healed":0.0,"max_hp_gain":0.0,"max_hp_loss":0.0,"gold_gain":0.0,"event_name":"Duplicator","player_choice":"Copied","floor":20.0,"gold_loss":0.0,"damage_taken":0.0,"cards_obtained":["Limit Break"]},{"damage_healed":0.0,"max_hp_gain":0.0,"max_hp_loss":0.0,"gold_gain":0.0,"event_name":"Masked Bandits","player_choice":"Fought Bandits","floor":22.0,"gold_loss":0.0,"damage_taken":0.0},{"damage_healed":0.0,"max_hp_gain":0.0,"max_hp_loss":0.0,"gold_gain":0.0,"event_name":"Ghosts","player_choice":"Ignored","floor":29.0,"gold_loss":0.0,"damage_taken":0.0},{"damage_healed":0.0,"max_hp_gain":0.0,"max_hp_loss":0.0,"gold_gain":0.0,"event_name":"Accursed Blacksmith","player_choice":"Forge","floor":37.0,"gold_loss":0.0,"damage_taken":0.0,"cards_upgraded":["Heavy Blade"]},{"damage_healed":20.0,"max_hp_gain":0.0,"max_hp_loss":0.0,"gold_gain":0.0,"event_name":"Winding Halls","player_choice":"Writhe","floor":39.0,"gold_loss":0.0,"damage_taken":0.0,"cards_obtained":["Writhe"]},{"damage_healed":0,"gold_gain":0,"player_choice":"Cursed","damage_taken":0,"max_hp_gain":0,"max_hp_loss":0,"event_name":"Wheel of Change","floor":45,"gold_loss":0,"cards_obtained":["Decay"]},{"damage_healed":0,"gold_gain":222,"player_choice":"Wore Mask","damage_taken":0,"max_hp_gain":0,"max_hp_loss":0,"event_name":"Tomb of Lord Red Mask","floor":48,"gold_loss":0}],"is_beta":false,"boss_relics":[{"not_picked":["Black Blood","Coffee Dripper"],"picked":"Ectoplasm"},{"not_picked":["Pandora\u0027s Box","Astrolabe"],"picked":"Sozu"}],"items_purged_floors":[],"is_endless":false,"potions_floor_spawned":[2,5,11,16,18,21,22,33,36,42,46,47],"ascension_level":8}