{"gold_per_floor":[419,419,435,448,3,37,37,65,65,65,65,81,96,130,130,230,230,245,256,275,287,287,317,317,348,396,426,437,448,32,132,132,228,228,243,41,52,72,0,30,57,57,105,105,134,134,167,181,181,181],"floor_reached":51,"playtime":2344,"items_purged":["Strike_G"],"score":1323,"play_id":"787ed10c-9129-4472-bd3f-402df358f17d","local_time":"20190819044457","is_ascension_mode":true,"campfire_choices":[{"data":"Neutralize","floor":7.0,"key":"SMITH"},{"data":"Catalyst","floor":10.0,"key":"SMITH"},{"data":"Dash","floor":15.0,"key":"SMITH"},{"data":"Die Die Die","floor":24.0,"key":"SMITH"},{"data":"Catalyst","floor":32.0,"key":"SMITH"},{"data":"Burst","floor":42.0,"key":"SMITH"},{"floor":49.0,"key":"REST"}],"neow_cost":"TEN_PERCENT_HP_LOSS","seed_source_timestamp":2387895919814,"circlet_count":0,"master_deck":["Strike_G","Strike_G+1","Defend_G","Defend_G","Defend_G","Defend_G","Survivor","Neutralize+1","Catalyst+1","Escape Plan","Quick Slash","Dagger Spray+1","Well Laid Plans","Catalyst+1","Deadly Poison","Dash+1","Blade Dance","Backflip","Die Die Die+1","Poisoned Stab+1","Crippling Poison+1","Cloak And Dagger","Corpse Explosion","Escape Plan","PiercingWail","Doubt","Adrenaline","Dagger Throw+1","Blade Dance+1","Leg Sweep","Catalyst+1","Burst+1","Predator+1","Backflip","Deadly Poison+1","Dagger Spray+1","Bane+1","Predator+1","Pain","Apotheosis","Finisher+1","Bane+1","Prepared+1"],"special_seed":0,"relics":["Ring of the Snake","Old Coin","TwistedFunnel","Potion Belt","Happy Flower","Letter Opener","Centennial Puzzle","Snake Skull","Cursed Key","Boot","Du-Vu Doll","Bag of Marbles","Molten Egg 2","Strawberry","Whetstone","WingedGreaves","Kunai","Philosopher\u0027s Stone","PreservedInsect","Red Mask","Gremlin Horn","Oddly Smooth Stone","Bronze Scales","Regal Pillow","StoneCalendar"],"potions_floor_usage":[50,50,50,50,50],"damage_taken":[{"damage":0.0,"enemies":"Jaw Worm","floor":1.0,"turns":6.0},{"damage":0.0,"enemies":"2 Louse","floor":3.0,"turns":4.0},{"damage":0.0,"enemies":"Cultist","floor":4.0,"turns":4.0},{"damage":25.0,"enemies":"Gremlin Nob","floor":6.0,"turns":4.0},{"damage":9.0,"enemies":"3 Sentries","floor":8.0,"turns":6.0},{"damage":0.0,"enemies":"Lots of Slimes","floor":12.0,"turns":1.0},{"damage":2.0,"enemies":"2 Fungi Beasts","floor":13.0,"turns":2.0},{"damage":3.0,"enemies":"Gremlin Nob","floor":14.0,"turns":3.0},{"damage":0.0,"enemies":"Slime Boss","floor":16.0,"turns":3.0},{"damage":0.0,"enemies":"Chosen","floor":18.0,"turns":3.0},{"damage":0.0,"enemies":"3 Byrds","floor":19.0,"turns":3.0},{"damage":0.0,"enemies":"Centurion and Healer","floor":20.0,"turns":4.0},{"damage":7.0,"enemies":"Shelled Parasite and Fungi","floor":21.0,"turns":2.0},{"damage":0.0,"enemies":"Slavers","floor":23.0,"turns":1.0},{"damage":0.0,"enemies":"Gremlin Leader","floor":25.0,"turns":3.0},{"damage":2.0,"enemies":"Slavers","floor":27.0,"turns":3.0},{"damage":0.0,"enemies":"3 Cultists","floor":28.0,"turns":2.0},{"damage":0.0,"enemies":"Cultist and Chosen","floor":29.0,"turns":2.0},{"damage":0.0,"enemies":"Colosseum Slavers","floor":31.0,"turns":1.0},{"damage":0.0,"enemies":"Colosseum Nobs","floor":31.0,"turns":2.0},{"damage":1.0,"enemies":"Automaton","floor":33.0,"turns":3.0},{"damage":0.0,"enemies":"3 Shapes","floor":35.0,"turns":1.0},{"damage":0.0,"enemies":"3 Darklings","floor":37.0,"turns":1.0},{"damage":0.0,"enemies":"4 Shapes","floor":38.0,"turns":1.0},{"damage":0.0,"enemies":"Reptomancer","floor":40.0,"turns":2.0},{"damage":0.0,"enemies":"Nemesis","floor":41.0,"turns":3.0},{"damage":8.0,"enemies":"Reptomancer","floor":45.0,"turns":3.0},{"damage":17.0,"enemies":"Nemesis","floor":47.0,"turns":3.0},{"damage":0.0,"enemies":"Jaw Worm Horde","floor":48.0,"turns":1.0},{"damage":6,"enemies":"Time Eater","floor":50,"turns":4}],"seed_played":"-55229005268045792","potions_obtained":[{"floor":1.0,"key":"LiquidBronze"},{"floor":4.0,"key":"Explosive Potion"},{"floor":8.0,"key":"SkillPotion"},{"floor":13.0,"key":"EssenceOfSteel"},{"floor":16.0,"key":"SpeedPotion"},{"floor":19.0,"key":"Fire Potion"},{"floor":20.0,"key":"Fire Potion"},{"floor":23.0,"key":"Dexterity Potion"},{"floor":27.0,"key":"SpeedPotion"},{"floor":38.0,"key":"Ancient Potion"},{"floor":40.0,"key":"Poison Potion"}],"is_trial":false,"path_per_floor":["M","?","M","M","$","E","R","E","T","R","?","M","M","E","R","B",null,"M","M","M","M","?","E","R","E","T","E","M","M","$","?","R","B",null,"M","$","M","M","?","E","E","R","T","?","E","?","E","M","R","B",null],"character_chosen":"THE_SILENT","items_purchased":["TwistedFunnel","Well Laid Plans","Potion Belt","Strawberry","Leg Sweep","Whetstone","PreservedInsect","Backflip"],"campfire_rested":1,"item_purchase_floors":[5,5,5,30,30,30,36,36],"current_hp_per_floor":[63,63,63,63,63,38,38,29,29,29,29,29,27,24,24,24,63,63,63,63,56,56,56,56,56,56,54,54,54,61,61,61,60,70,70,70,70,70,70,70,70,70,70,70,62,62,45,45,70,64],"gold":181,"neow_bonus":"ONE_RARE_RELIC","is_prod":false,"is_daily":false,"chose_seed":false,"campfire_upgraded":6,"win_rate":1,"timestamp":1566153897,"path_taken":["M","?","M","M","$","E","R","E","T","R","?","?","M","E","R","BOSS","M","?","M","M","?","E","R","E","T","E","M","?","$","?","R","BOSS","M","$","M","M","?","E","E","R","T","?","E","?","E","M","R","BOSS"],"build_version":"2019-07-17","purchased_purges":1,"victory":true,"max_hp_per_floor":[63,63,63,63,63,63,63,63,63,63,63,63,63,63,63,63,63,63,63,63,63,63,63,63,63,63,63,63,63,70,70,70,70,70,70,70,70,70,70,70,70,70,70,70,70,70,70,70,70,70],"card_choices":[{"not_picked":["Poisoned Stab","All Out Attack"],"picked":"Catalyst","floor":1.0},{"not_picked":["Prepared","Terror"],"picked":"Quick Slash","floor":3.0},{"not_picked":["Escape Plan","Dagger Throw"],"picked":"Dagger Spray","floor":4.0},{"not_picked":["PiercingWail","Terror"],"picked":"Catalyst","floor":6.0},{"not_picked":["Sucker Punch","All Out Attack"],"picked":"Deadly Poison","floor":8.0},{"not_picked":["Dodge and Roll","Accuracy"],"picked":"Dash","floor":12.0},{"not_picked":["Acrobatics","Underhanded Strike"],"picked":"Blade Dance","floor":13.0},{"not_picked":["Dagger Spray","Well Laid Plans"],"picked":"Backflip","floor":14.0},{"not_picked":["Night Terror","Tools of the Trade"],"picked":"Die Die Die","floor":16.0},{"not_picked":["Dagger Spray","Reflex"],"picked":"Poisoned Stab+1","floor":18.0},{"not_picked":["Slice+1","Terror"],"picked":"Crippling Poison+1","floor":19.0},{"not_picked":["Slice","Quick Slash"],"picked":"Cloak And Dagger","floor":20.0},{"not_picked":["Backstab","Caltrops"],"picked":"Corpse Explosion","floor":21.0},{"not_picked":["Backflip","Cloak And Dagger"],"picked":"Escape Plan","floor":23.0},{"not_picked":["Backflip","Flying Knee+1"],"picked":"PiercingWail","floor":25.0},{"not_picked":["Finisher","Sucker Punch"],"picked":"Adrenaline","floor":27.0},{"not_picked":["Accuracy","Slice+1"],"picked":"Dagger Throw+1","floor":28.0},{"not_picked":["Expertise","Sucker Punch+1"],"picked":"Blade Dance+1","floor":29.0},{"not_picked":["Dagger Spray+1","Acrobatics"],"picked":"Catalyst","floor":31.0},{"not_picked":["Wraith Form v2","Night Terror"],"picked":"Burst","floor":33.0},{"not_picked":["Backflip","Sucker Punch+1"],"picked":"Predator+1","floor":35.0},{"not_picked":["Endless Agony+1","Blur"],"picked":"Deadly Poison+1","floor":37.0},{"not_picked":["Dodge and Roll","Dagger Throw+1"],"picked":"Dagger Spray+1","floor":38.0},{"not_picked":["Venomology","Quick Slash+1"],"picked":"Bane+1","floor":40.0},{"not_picked":["Prepared","Unload+1"],"picked":"Predator+1","floor":41.0},{"not_picked":["Flash of Steel+1","Dark Shackles"],"picked":"Apotheosis","floor":44.0},{"not_picked":["Slice+1","Acrobatics+1"],"picked":"Finisher+1","floor":45.0},{"not_picked":["Backstab+1","Acrobatics"],"picked":"Bane+1","floor":47.0},{"not_picked":["Flying Knee+1","Eviscerate+1"],"picked":"Prepared+1","floor":48.0}],"player_experience":16458,"relics_obtained":[{"floor":6.0,"key":"Happy Flower"},{"floor":8.0,"key":"Letter Opener"},{"floor":9.0,"key":"Centennial Puzzle"},{"floor":14.0,"key":"Snake Skull"},{"floor":23.0,"key":"Boot"},{"floor":25.0,"key":"Du-Vu Doll"},{"floor":26.0,"key":"Bag of Marbles"},{"floor":27.0,"key":"Molten Egg 2"},{"floor":31.0,"key":"WingedGreaves"},{"floor":31.0,"key":"Kunai"},{"floor":40.0,"key":"Gremlin Horn"},{"floor":41.0,"key":"Oddly Smooth Stone"},{"floor":43.0,"key":"Bronze Scales"},{"floor":45.0,"key":"Regal Pillow"},{"floor":47.0,"key":"StoneCalendar"}],"event_choices":[{"damage_healed":0.0,"max_hp_gain":0.0,"max_hp_loss":0.0,"gold_gain":0.0,"cards_transformed":["Strike_G"],"event_name":"Living Wall","player_choice":"Change","floor":2.0,"gold_loss":0.0,"damage_taken":0.0,"cards_obtained":["Escape Plan"]},{"cards_removed":["Strike_G"],"damage_healed":0.0,"max_hp_gain":0.0,"max_hp_loss":0.0,"gold_gain":0.0,"event_name":"Bonfire Elementals","player_choice":"Offered Basic","floor":11.0,"gold_loss":0.0,"damage_taken":0.0},{"damage_healed":0.0,"max_hp_gain":0.0,"max_hp_loss":0.0,"gold_gain":0.0,"event_name":"Upgrade Shrine","player_choice":"Upgraded","floor":22.0,"gold_loss":0.0,"damage_taken":0.0,"cards_upgraded":["Catalyst"]},{"damage_healed":0.0,"max_hp_gain":0.0,"max_hp_loss":0.0,"gold_gain":0.0,"event_name":"Colosseum","player_choice":"Fight","floor":31.0,"gold_loss":0.0,"damage_taken":0.0},{"damage_healed":0.0,"max_hp_gain":0.0,"max_hp_loss":0.0,"gold_gain":0.0,"event_name":"Colosseum","player_choice":"Fought Nobs","floor":31.0,"gold_loss":0.0,"damage_taken":0.0},{"damage_healed":0.0,"max_hp_gain":0.0,"max_hp_loss":0.0,"gold_gain":0.0,"event_name":"Tomb of Lord Red Mask","player_choice":"Paid","floor":39.0,"gold_loss":72.0,"damage_taken":0.0,"relics_obtained":["Red Mask"]},{"damage_healed":0.0,"max_hp_gain":0.0,"max_hp_loss":0.0,"gold_gain":0.0,"event_name":"SensoryStone","player_choice":"Memory 1","floor":44.0,"gold_loss":0.0,"damage_taken":0.0},{"cards_removed":["Defend_G"],"damage_healed":0.0,"max_hp_gain":0.0,"max_hp_loss":0.0,"gold_gain":0.0,"event_name":"Falling","player_choice":"Removed Skill","floor":46.0,"gold_loss":0.0,"damage_taken":0.0}],"is_beta":false,"boss_relics":[{"not_picked":["Eternal Feather","Sozu"],"picked":"Cursed Key"},{"not_picked":["Snecko Eye","Orrery"],"picked":"Philosopher\u0027s Stone"}],"items_purged_floors":[30],"is_endless":false,"potions_floor_spawned":[1,4,8,13,16,19,20,23,27,31,38,40,47],"ascension_level":3}