{"gold_per_floor":[110,120,120,195,209,234,234,8,32,47,72,86,114,138,138,239,239,250,265,38,38,38,38,69,88,88,88,105,123,143,18,18,18],"floor_reached":33,"playtime":2491,"items_purged":["Strike_R","Seeing Red","Defend_R"],"score":318,"play_id":"1696aee7-b79b-4569-8343-12b1ccc43011","local_time":"20190819203328","is_ascension_mode":true,"campfire_choices":[{"floor":7,"key":"REST"},{"data":"Anger","floor":15,"key":"SMITH"},{"data":"Armaments","floor":23,"key":"SMITH"},{"data":"Seeing Red","floor":27,"key":"SMITH"},{"data":"Shrug It Off","floor":32,"key":"SMITH"}],"neow_cost":"NONE","seed_source_timestamp":491527747968100,"circlet_count":0,"master_deck":["Strike_R+1","Strike_R","Strike_R+1","Strike_R","Defend_R+1","Defend_R+1","Bash","Anger+1","Offering","Seeing Red+1","Shrug It Off+1","Shrug It Off","Demon Form","Battle Trance","Armaments+1","Shrug It Off","Headbutt+1"],"relics":["Burning Blood","War Paint","Vajra","Whetstone","Ginger","Regal Pillow","Odd Mushroom","Coffee Dripper","Du-Vu Doll"],"potions_floor_usage":[6,13,13,16,22,30,33,33],"damage_taken":[{"damage":14,"enemies":"Jaw Worm","floor":1,"turns":5},{"damage":5,"enemies":"Small Slimes","floor":2,"turns":4},{"damage":6,"enemies":"Cultist","floor":5,"turns":3},{"damage":31,"enemies":"Lagavulin","floor":6,"turns":5},{"damage":6,"enemies":"Looter","floor":10,"turns":2},{"damage":21,"enemies":"3 Sentries","floor":11,"turns":8},{"damage":1,"enemies":"3 Louse","floor":12,"turns":3},{"damage":12,"enemies":"Gremlin Nob","floor":13,"turns":4},{"damage":6,"enemies":"The Mushroom Lair","floor":14,"turns":4},{"damage":62,"enemies":"Hexaghost","floor":16,"turns":12},{"damage":12,"enemies":"Chosen","floor":18,"turns":5},{"damage":15,"enemies":"Shell Parasite","floor":19,"turns":4},{"damage":0,"enemies":"3 Cultists","floor":22,"turns":1},{"damage":32,"enemies":"Gremlin Leader","floor":24,"turns":5},{"damage":6,"enemies":"Chosen and Byrds","floor":25,"turns":4},{"damage":20,"enemies":"Snake Plant","floor":28,"turns":3},{"damage":15,"enemies":"Centurion and Healer","floor":29,"turns":4},{"damage":14,"enemies":"Snecko","floor":30,"turns":5},{"damage":64,"enemies":"Collector","floor":33,"turns":7}],"seed_played":"-4978662229525263316","potions_obtained":[{"floor":1,"key":"Swift Potion"},{"floor":11,"key":"SpeedPotion"},{"floor":12,"key":"LiquidBronze"},{"floor":13,"key":"Dexterity Potion"},{"floor":14,"key":"SmokeBomb"},{"floor":28,"key":"SteroidPotion"},{"floor":29,"key":"PowerPotion"},{"floor":30,"key":"Regen Potion"}],"is_trial":false,"path_per_floor":["M","M","?","?","M","E","R","$","T","M","E","M","E","?","R","B",null,"M","M","$","?","M","R","E","M","T","R","M","M","M","$","R","B"],"character_chosen":"IRONCLAD","items_purchased":["Vajra","Battle Trance","Armaments"],"campfire_rested":1,"item_purchase_floors":[8,20,20],"current_hp_per_floor":[80,81,86,77,77,52,79,79,79,79,64,69,63,63,63,7,93,87,78,78,78,84,84,58,58,58,58,44,35,27,27,27,0],"gold":18,"neow_bonus":"TEN_PERCENT_HP_BONUS","is_prod":false,"is_daily":false,"chose_seed":false,"campfire_upgraded":4,"win_rate":0,"timestamp":1566257608,"path_taken":["M","M","?","?","?","E","R","$","T","M","E","M","E","?","R","BOSS","M","M","$","?","M","R","E","M","T","R","?","M","M","$","R","BOSS"],"build_version":"2019-07-17","purchased_purges":3,"victory":false,"max_hp_per_floor":[88,88,93,93,93,93,93,93,93,93,93,93,93,93,93,93,93,93,93,93,93,93,93,93,93,93,93,93,93,93,93,93,93],"card_choices":[{"not_picked":["Burning Pact","Dropkick"],"picked":"Anger","floor":1},{"not_picked":["True Grit","Perfected Strike","Anger"],"picked":"SKIP","floor":2},{"not_picked":["Shrug It Off","Power Through"],"picked":"Offering","floor":5},{"not_picked":["Havoc","True Grit"],"picked":"Seeing Red","floor":6},{"not_picked":["Headbutt","Sword Boomerang","Anger"],"picked":"SKIP","floor":10},{"not_picked":["Impervious","Armaments","Clothesline"],"picked":"SKIP","floor":11},{"not_picked":["Wild Strike","Pommel Strike"],"picked":"Shrug It Off","floor":12},{"not_picked":["Whirlwind","Clothesline"],"picked":"Seeing Red","floor":13},{"not_picked":["Havoc","Blood for Blood"],"picked":"Shrug It Off","floor":14},{"not_picked":["Juggernaut","Immolate"],"picked":"Demon Form","floor":16},{"not_picked":["True Grit","Heavy Blade","Wild Strike"],"picked":"SKIP","floor":18},{"not_picked":["Anger","Clothesline","Wild Strike"],"picked":"SKIP","floor":19},{"not_picked":["Twin Strike+1","Thunderclap","Cleave"],"picked":"SKIP","floor":24},{"not_picked":["Clash","Armaments"],"picked":"Shrug It Off","floor":25},{"not_picked":["Body Slam+1","Flex+1"],"picked":"Headbutt+1","floor":28},{"not_picked":["Headbutt+1","Ghostly Armor+1","Iron Wave"],"picked":"SKIP","floor":29},{"not_picked":["Sword Boomerang","Berserk","Shrug It Off"],"picked":"SKIP","floor":30},{"not_picked":["Sword Boomerang","Berserk","Shrug It Off"],"picked":"SKIP","floor":30}],"player_experience":155906,"relics_obtained":[{"floor":6,"key":"War Paint"},{"floor":9,"key":"Whetstone"},{"floor":11,"key":"Ginger"},{"floor":13,"key":"Regal Pillow"},{"floor":14,"key":"Odd Mushroom"},{"floor":24,"key":"Du-Vu Doll"}],"event_choices":[{"damage_healed":0,"gold_gain":0,"player_choice":"Donut","damage_taken":0,"max_hp_gain":5,"max_hp_loss":0,"event_name":"Big Fish","floor":3,"gold_loss":0},{"damage_healed":0,"gold_gain":75,"player_choice":"Touch","damage_taken":9,"max_hp_gain":0,"max_hp_loss":0,"event_name":"FaceTrader","floor":4,"gold_loss":0},{"damage_healed":0,"gold_gain":0,"player_choice":"Fought Mushrooms","damage_taken":0,"max_hp_gain":0,"max_hp_loss":0,"event_name":"Mushrooms","floor":14,"gold_loss":0},{"cards_removed":["Defend_R"],"damage_healed":0,"gold_gain":0,"player_choice":"Offered Basic","damage_taken":0,"max_hp_gain":0,"max_hp_loss":0,"event_name":"Bonfire Elementals","floor":21,"gold_loss":0}],"is_beta":false,"boss_relics":[{"not_picked":["Velvet Choker","Ectoplasm"],"picked":"Coffee Dripper"}],"items_purged_floors":[8,20,31],"is_endless":false,"potions_floor_spawned":[1,11,12,13,14,22,28,29,30],"killed_by":"Collector","ascension_level":2}