{"gold_per_floor":[117,2,20,35,35,67,67,96,96,96,96,96,106,128,128,229,229,242,167,82,82,82,115,115,147,147,165,165,38,38,67,67,171,171,184,5,5,105,105,139,21,55,133,133,164,164,191,205,205,205],"floor_reached":51,"playtime":2301,"items_purged":["Doubt","Regret"],"score":1077,"play_id":"725c5806-a597-4db4-9bf2-0862af8ecd90","local_time":"20190819213542","is_ascension_mode":true,"campfire_choices":[{"data":"Demon Form","floor":7.0,"key":"SMITH"},{"data":"Uppercut","floor":10.0,"key":"SMITH"},{"data":"Disarm","floor":12.0,"key":"SMITH"},{"data":"Uppercut","floor":15,"key":"SMITH"},{"data":"Double Tap","floor":24,"key":"SMITH"},{"data":"Cleave","floor":28,"key":"SMITH"},{"data":"Cleave","floor":30,"key":"SMITH"},{"floor":32,"key":"REST"},{"floor":44,"key":"REST"},{"data":"Pummel","floor":46,"key":"SMITH"},{"floor":49,"key":"REST"}],"neow_cost":"CURSE","seed_source_timestamp":63965998753314,"circlet_count":0,"master_deck":["Strike_R+1","Strike_R+1","Strike_R+1","Strike_R+1","Defend_R+1","Defend_R+1","Defend_R+1","Defend_R+1","Bash","Demon Form+1","Uppercut+1","Disarm+1","Cleave+1","Uppercut+1","Pummel+1","Shrug It Off","Cleave+1","Double Tap+1","Iron Wave","Decay","Bludgeon","Dropkick","Iron Wave+1","Warcry+1","Feed","Pummel+1","Whirlwind+1","Impervious","Sword Boomerang","True Grit+1","Parasite","Limit Break","Headbutt+1","Ghostly Armor+1"],"special_seed":0,"relics":["Burning Blood","Red Skull","Question Card","Potion Belt","Ancient Tea Set","Odd Mushroom","Philosopher\u0027s Stone","Pear","Lantern","Charon\u0027s Ashes","Bottled Lightning","The Courier","Cursed Key","PreservedInsect","WingedGreaves","Strawberry","Kunai","Ornamental Fan","Gremlin Horn","Sundial","Letter Opener"],"potions_floor_usage":[14,14,14,23,23,33,33,50,50,50,50,50],"damage_taken":[{"damage":14.0,"enemies":"Jaw Worm","floor":1.0,"turns":8.0},{"damage":1.0,"enemies":"2 Louse","floor":3.0,"turns":4.0},{"damage":3.0,"enemies":"Cultist","floor":4.0,"turns":4.0},{"damage":33.0,"enemies":"Gremlin Nob","floor":6.0,"turns":5.0},{"damage":14.0,"enemies":"3 Sentries","floor":8.0,"turns":5.0},{"damage":5.0,"enemies":"2 Fungi Beasts","floor":13.0,"turns":3.0},{"damage":0,"enemies":"The Mushroom Lair","floor":14,"turns":1},{"damage":21,"enemies":"Hexaghost","floor":16,"turns":9},{"damage":11,"enemies":"3 Byrds","floor":18,"turns":6},{"damage":33,"enemies":"Slavers","floor":23,"turns":5},{"damage":35,"enemies":"Gremlin Leader","floor":25,"turns":6},{"damage":0,"enemies":"Chosen","floor":27,"turns":2},{"damage":7,"enemies":"Book of Stabbing","floor":31,"turns":3},{"damage":42,"enemies":"Collector","floor":33,"turns":5},{"damage":5,"enemies":"3 Shapes","floor":35,"turns":5},{"damage":5,"enemies":"Mind Bloom Boss Battle","floor":38,"turns":11},{"damage":37,"enemies":"Nemesis","floor":40,"turns":5},{"damage":28,"enemies":"Reptomancer","floor":42,"turns":5},{"damage":19,"enemies":"Nemesis","floor":45,"turns":5},{"damage":14,"enemies":"Reptomancer","floor":47,"turns":3},{"damage":5,"enemies":"Orb Walker","floor":48,"turns":2},{"damage":43,"enemies":"Time Eater","floor":50,"turns":5}],"seed_played":"-6968181897911866637","potions_obtained":[{"floor":1.0,"key":"Strength Potion"},{"floor":4.0,"key":"SteroidPotion"},{"floor":6.0,"key":"Energy Potion"},{"floor":13.0,"key":"Swift Potion"},{"floor":14,"key":"Poison Potion"},{"floor":18,"key":"AttackPotion"},{"floor":27,"key":"EssenceOfSteel"},{"floor":31,"key":"Poison Potion"},{"floor":35,"key":"Regen Potion"},{"floor":48,"key":"PowerPotion"}],"is_trial":false,"path_per_floor":["M","$","M","M","?","E","R","E","T","R","?","R","M","?","R","B",null,"M","?","?","?","?","E","R","E","T","M","R","$","R","E","R","B",null,"M","$","?","?","T","E","$","E","T","R","E","R","E","M","R","B",null],"character_chosen":"IRONCLAD","items_purchased":["Disarm","Ancient Potion","SteroidPotion","PreservedInsect","EssenceOfSteel","Sword Boomerang"],"campfire_rested":3,"item_purchase_floors":[2,29,29,36,36,41],"current_hp_per_floor":[64,64,69,72,65,38,38,30,30,30,80,80,80,80,80,65,76,71,71,81,81,81,54,54,25,25,31,31,31,31,30,57,21,73,77,77,77,81,88,57,57,35,35,65,52,52,44,45,75,52],"gold":205,"neow_bonus":"THREE_RARE_CARDS","is_prod":false,"is_daily":false,"chose_seed":false,"campfire_upgraded":8,"win_rate":1,"timestamp":1566214542,"path_taken":["M","$","M","M","?","E","R","E","T","R","?","R","?","?","R","BOSS","M","?","?","?","?","E","R","E","T","M","R","$","R","E","R","BOSS","M","$","?","?","?","E","$","E","T","R","E","R","E","?","R","BOSS"],"build_version":"2019-07-17","purchased_purges":2,"victory":true,"max_hp_per_floor":[80,80,80,80,80,80,80,80,80,80,80,80,80,80,80,80,80,80,80,90,90,90,90,90,90,90,90,90,90,90,90,90,90,90,93,93,93,96,103,103,103,103,103,103,103,103,103,103,103,103],"card_choices":[{"not_picked":["Exhume","Barricade"],"picked":"Demon Form","floor":0.0},{"not_picked":["Body Slam","Searing Blow"],"picked":"Uppercut","floor":1.0},{"not_picked":["Clash","Warcry"],"picked":"Rage","floor":3.0},{"not_picked":["Combust","Wild Strike"],"picked":"Cleave","floor":4.0},{"not_picked":["Flame Barrier","Headbutt"],"picked":"Uppercut","floor":6.0},{"not_picked":["Shrug It Off","Spot Weakness","Berserk"],"picked":"Pummel","floor":8.0},{"not_picked":["Intimidate","Anger","Dual Wield"],"picked":"Shrug It Off","floor":13.0},{"not_picked":["Warcry","Anger","Hemokinesis"],"picked":"Cleave","floor":14},{"not_picked":["Bludgeon","Exhume","Barricade"],"picked":"Double Tap","floor":16},{"not_picked":["Perfected Strike","Feel No Pain+1","Flex"],"picked":"Iron Wave","floor":18},{"not_picked":["Thunderclap","Sever Soul","Perfected Strike"],"picked":"Bludgeon","floor":23},{"not_picked":["Havoc","Reckless Charge","Clash+1"],"picked":"Dropkick","floor":25},{"not_picked":["Feel No Pain","Thunderclap","Shrug It Off"],"picked":"Iron Wave+1","floor":27},{"not_picked":["Iron Wave","Flex","Pommel Strike"],"picked":"Warcry+1","floor":31},{"not_picked":["Juggernaut","Dark Embrace","Barricade"],"picked":"Feed","floor":33},{"not_picked":["Sword Boomerang+1","Second Wind","Pommel Strike+1"],"picked":"Pummel+1","floor":35},{"not_picked":["True Grit+1","Shrug It Off","Flex"],"picked":"Whirlwind+1","floor":38},{"not_picked":["Sword Boomerang+1","Warcry+1","Reckless Charge+1"],"picked":"Impervious","floor":40},{"not_picked":["Pommel Strike+1","Entrench","Whirlwind"],"picked":"True Grit+1","floor":42},{"not_picked":["Twin Strike+1","Rampage","Perfected Strike"],"picked":"Limit Break","floor":45},{"not_picked":["Second Wind+1","Combust","Sentinel+1"],"picked":"Headbutt+1","floor":47},{"not_picked":["Infernal Blade+1","Anger","Havoc+1"],"picked":"Ghostly Armor+1","floor":48}],"player_experience":34695,"relics_obtained":[{"floor":6.0,"key":"Question Card"},{"floor":8.0,"key":"Potion Belt"},{"floor":9.0,"key":"Ancient Tea Set"},{"floor":14,"key":"Odd Mushroom"},{"floor":23,"key":"Lantern"},{"floor":25,"key":"Charon\u0027s Ashes"},{"floor":26,"key":"Bottled Lightning"},{"floor":31,"key":"The Courier"},{"floor":38,"key":"WingedGreaves"},{"floor":39,"key":"Strawberry"},{"floor":40,"key":"Kunai"},{"floor":42,"key":"Ornamental Fan"},{"floor":43,"key":"Gremlin Horn"},{"floor":45,"key":"Sundial"},{"floor":47,"key":"Letter Opener"}],"event_choices":[{"damage_healed":0.0,"max_hp_gain":0.0,"max_hp_loss":0.0,"gold_gain":0.0,"event_name":"Scrap Ooze","player_choice":"Success","floor":5.0,"gold_loss":0.0,"damage_taken":7.0,"relics_obtained":["Red Skull"]},{"cards_removed":["Rage"],"damage_healed":50.0,"max_hp_gain":0.0,"max_hp_loss":0.0,"gold_gain":0.0,"event_name":"Bonfire Elementals","player_choice":"Offered Uncommon","floor":11.0,"gold_loss":0.0,"damage_taken":0.0},{"damage_healed":0,"gold_gain":0,"player_choice":"Fought Mushrooms","damage_taken":0,"max_hp_gain":0,"max_hp_loss":0,"event_name":"Mushrooms","floor":14,"gold_loss":0},{"cards_removed":["Strike_R"],"damage_healed":0,"gold_gain":0,"player_choice":"Gave Gold","damage_taken":0,"max_hp_gain":0,"max_hp_loss":0,"event_name":"Beggar","floor":19,"gold_loss":75},{"damage_healed":0,"gold_gain":0,"player_choice":"Obtained Relic","damage_taken":0,"relics_obtained":["Pear"],"max_hp_gain":0,"max_hp_loss":0,"event_name":"Addict","floor":20,"gold_loss":85},{"damage_healed":0,"gold_gain":0,"player_choice":"Simplicity","damage_taken":0,"max_hp_gain":0,"max_hp_loss":0,"event_name":"Back to Basics","floor":21,"gold_loss":0,"cards_upgraded":["Strike_R","Strike_R","Strike_R","Strike_R","Defend_R","Defend_R","Defend_R","Defend_R"]},{"damage_healed":0,"gold_gain":0,"player_choice":"Cursed","damage_taken":0,"max_hp_gain":0,"max_hp_loss":0,"event_name":"Wheel of Change","floor":22,"gold_loss":0,"cards_obtained":["Decay"]},{"damage_healed":0,"gold_gain":0,"player_choice":"Ignored","damage_taken":0,"max_hp_gain":0,"max_hp_loss":0,"event_name":"Mysterious Sphere","floor":37,"gold_loss":0},{"damage_healed":0,"gold_gain":0,"player_choice":"Fight","damage_taken":0,"max_hp_gain":0,"max_hp_loss":0,"event_name":"MindBloom","floor":38,"gold_loss":0}],"is_beta":false,"boss_relics":[{"not_picked":["Tiny House","Runic Cube"],"picked":"Philosopher\u0027s Stone"},{"not_picked":["Busted Crown","Mark of Pain"],"picked":"Cursed Key"}],"items_purged_floors":[2,41],"is_endless":false,"potions_floor_spawned":[1,4,6,13,14,18,27,31,35,48],"ascension_level":6}