{"gold_per_floor":[119,119,119,135,135,165,90,109,109,144,158,158,172,72,72,173,173],"floor_reached":17,"playtime":569,"items_purged":["Regret","Strike_R"],"score":190,"play_id":"d6bfcb75-90d1-466e-a444-171cab9b6355","local_time":"20190823192749","is_ascension_mode":false,"campfire_choices":[{"data":"Warcry","floor":12,"key":"SMITH"},{"data":"Iron Wave","floor":15,"key":"SMITH"}],"neow_cost":"NONE","seed_source_timestamp":705802473324900,"circlet_count":0,"master_deck":["Strike_R","Strike_R","Strike_R","Strike_R","Defend_R","Defend_R","Defend_R","Defend_R","Bash+1","Warcry+1","Iron Wave+1","Thunderclap","Entrench","Bludgeon"],"relics":["Burning Blood","NeowsBlessing","Mango","Paper Frog","Self Forming Clay","Bottled Flame","Darkstone Periapt","Black Star"],"potions_floor_usage":[10,13,16],"damage_taken":[{"damage":0,"enemies":"Small Slimes","floor":1,"turns":1},{"damage":0,"enemies":"2 Louse","floor":4,"turns":1},{"damage":0,"enemies":"3 Sentries","floor":6,"turns":2},{"damage":6,"enemies":"Jaw Worm","floor":8,"turns":3},{"damage":28,"enemies":"Lagavulin","floor":10,"turns":5},{"damage":6,"enemies":"2 Fungi Beasts","floor":11,"turns":5},{"damage":6,"enemies":"3 Louse","floor":13,"turns":3},{"damage":35,"enemies":"The Guardian","floor":16,"turns":18}],"seed_played":"-8512050427010788907","potions_obtained":[{"floor":4,"key":"Regen Potion"},{"floor":6,"key":"PowerPotion"},{"floor":13,"key":"Energy Potion"}],"is_trial":false,"path_per_floor":["M","?","?","M","?","E","$","M","T","E","M","R","M","$","R","B",null],"character_chosen":"IRONCLAD","items_purchased":[],"campfire_rested":0,"item_purchase_floors":[],"current_hp_per_floor":[80,94,91,94,94,94,94,94,94,72,72,72,81,81,81,52,94],"gold":173,"neow_bonus":"THREE_ENEMY_KILL","is_prod":false,"is_daily":false,"chose_seed":false,"campfire_upgraded":2,"win_rate":0,"timestamp":1566552469,"path_taken":["M","?","?","M","?","E","$","M","T","E","M","R","M","$","R","BOSS"],"build_version":"2019-07-17","purchased_purges":2,"victory":false,"max_hp_per_floor":[80,94,94,94,94,94,94,94,94,94,94,94,94,94,94,94,94],"card_choices":[{"not_picked":["Heavy Blade","Pommel Strike"],"picked":"Warcry","floor":1},{"not_picked":["True Grit","Second Wind","Heavy Blade"],"picked":"SKIP","floor":4},{"not_picked":["Twin Strike","Headbutt","Reaper"],"picked":"SKIP","floor":6},{"not_picked":["Wild Strike","Disarm"],"picked":"Iron Wave","floor":8},{"not_picked":["Combust","Pommel Strike"],"picked":"Thunderclap","floor":10},{"not_picked":["Anger","Searing Blow"],"picked":"Entrench","floor":11},{"not_picked":["Hemokinesis","Uppercut","Flex"],"picked":"SKIP","floor":13},{"not_picked":["Fiend Fire","Exhume"],"picked":"Bludgeon","floor":16}],"player_experience":87381,"relics_obtained":[{"floor":6,"key":"Self Forming Clay"},{"floor":9,"key":"Bottled Flame"},{"floor":10,"key":"Darkstone Periapt"}],"event_choices":[{"damage_healed":0,"gold_gain":0,"player_choice":"Box","damage_taken":0,"relics_obtained":["Mango"],"max_hp_gain":0,"max_hp_loss":0,"event_name":"Big Fish","floor":2,"gold_loss":0,"cards_obtained":["Regret"]},{"damage_healed":0,"gold_gain":0,"player_choice":"Success","damage_taken":3,"relics_obtained":["Paper Frog"],"max_hp_gain":0,"max_hp_loss":0,"event_name":"Scrap Ooze","floor":3,"gold_loss":0},{"damage_healed":0,"gold_gain":0,"player_choice":"Grow","damage_taken":0,"max_hp_gain":0,"max_hp_loss":0,"event_name":"Living Wall","floor":5,"gold_loss":0,"cards_upgraded":["Bash"]}],"is_beta":false,"boss_relics":[{"not_picked":["White Beast Statue","Fusion Hammer"],"picked":"Black Star"}],"items_purged_floors":[7,14],"is_endless":false,"potions_floor_spawned":[4,6,13],"ascension_level":0}