{"gold_per_floor":[117,133,145,145,145,145,174,174,174,50,79,93,93,111,111,208,208,220,201,215,215,14,14,47,47,47,59,72,72],"floor_reached":29,"playtime":1861,"items_purged":["Strike_B"],"score":268,"play_id":"5697261e-c13d-43b2-a90d-16224799b807","local_time":"20190820191730","is_ascension_mode":true,"campfire_choices":[{"data":"Zap","floor":6,"key":"SMITH"},{"floor":8,"key":"REST"},{"floor":13,"key":"REST"},{"floor":15,"key":"RECALL"},{"floor":23,"key":"REST"},{"floor":25,"key":"REST"}],"neow_cost":"NONE","seed_source_timestamp":573998201079200,"circlet_count":0,"master_deck":["Strike_B","Strike_B","Strike_B","Defend_B","Defend_B","Defend_B","Defend_B","Zap+1","Dualcast","Cold Snap","Echo Form","Conserve Battery+1","Sweeping Beam","Streamline","Leap+1","Melter","Auto Shields+1","Cold Snap"],"relics":["Cracked Core","Happy Flower","Toxic Egg 2","WingedGreaves","Velvet Choker","Nloth\u0027s Gift","Peace Pipe","Shuriken"],"potions_floor_usage":[11,11,14,16,16,20,24],"damage_taken":[{"damage":2,"enemies":"Jaw Worm","floor":1,"turns":4},{"damage":10,"enemies":"Small Slimes","floor":2,"turns":3},{"damage":0,"enemies":"Cultist","floor":3,"turns":3},{"damage":45,"enemies":"Gremlin Nob","floor":7,"turns":6},{"damage":16,"enemies":"Lagavulin","floor":11,"turns":6},{"damage":5,"enemies":"Blue Slaver","floor":12,"turns":2},{"damage":0,"enemies":"Exordium Wildlife","floor":14,"turns":3},{"damage":35,"enemies":"Slime Boss","floor":16,"turns":12},{"damage":20,"enemies":"Spheric Guardian","floor":18,"turns":4},{"damage":15,"enemies":"2 Thieves","floor":19,"turns":4},{"damage":20,"enemies":"Centurion and Healer","floor":20,"turns":10},{"damage":33,"enemies":"Book of Stabbing","floor":24,"turns":7},{"damage":7,"enemies":"Snake Plant","floor":27,"turns":6},{"damage":2,"enemies":"3 Cultists","floor":28,"turns":5},{"damage":25,"enemies":"Slavers","floor":29,"turns":2}],"seed_played":"-8307028721394870326","potions_obtained":[{"floor":1,"key":"Strength Potion"},{"floor":11,"key":"LiquidBronze"},{"floor":12,"key":"Swift Potion"},{"floor":16,"key":"Ancient Potion"},{"floor":20,"key":"SkillPotion"},{"floor":27,"key":"FearPotion"}],"is_trial":false,"path_per_floor":["M","M","M","?","?","R","E","R","T","$","E","M","R","M","R","B",null,"M","M","M","?","$","R","E","R","T","M","M","E"],"character_chosen":"DEFECT","items_purchased":["Regen Potion","Explosive Potion","Leap+1","Melter"],"campfire_rested":4,"item_purchase_floors":[10,10,22,22],"current_hp_per_floor":[73,63,63,51,75,75,30,52,52,52,50,45,67,67,67,32,75,55,40,20,20,20,42,9,31,31,24,22,0],"gold":72,"neow_bonus":"RANDOM_COMMON_RELIC","is_prod":false,"is_daily":false,"chose_seed":false,"campfire_upgraded":1,"win_rate":0,"timestamp":1566339450,"path_taken":["M","M","M","?","?","R","E","R","T","$","E","M","R","M","R","BOSS","M","M","M","?","$","R","E","R","T","M","M","E"],"build_version":"2019-07-17","purchased_purges":1,"victory":false,"max_hp_per_floor":[75,75,75,75,75,75,75,75,75,75,75,75,75,75,75,75,75,75,75,75,75,75,75,75,75,75,75,75,75],"card_choices":[{"not_picked":["Static Discharge","Stack","Beam Cell"],"picked":"SKIP","floor":1},{"not_picked":["Hologram","Redo"],"picked":"Cold Snap","floor":2},{"not_picked":["Streamline","Steam","Stack"],"picked":"SKIP","floor":3},{"not_picked":["Storm","Ball Lightning","Turbo+1"],"picked":"SKIP","floor":7},{"not_picked":["Skim+1","Aggregate+1","Sweeping Beam"],"picked":"SKIP","floor":11},{"not_picked":["Stack+1","Ball Lightning","Steam+1"],"picked":"SKIP","floor":12},{"not_picked":["Gash","Ball Lightning","Steam+1"],"picked":"SKIP","floor":14},{"not_picked":["Hyperbeam","All For One"],"picked":"Echo Form","floor":16},{"not_picked":["Chaos+1","Leap+1"],"picked":"Conserve Battery+1","floor":18},{"not_picked":["Hello World","Skim+1"],"picked":"Sweeping Beam","floor":19},{"not_picked":["Steam+1","Stack+1"],"picked":"Streamline","floor":20},{"not_picked":["Tempest+1","Go for the Eyes"],"picked":"Auto Shields+1","floor":24},{"not_picked":["Go for the Eyes+1","Stack+1","Turbo+1"],"picked":"SKIP","floor":27},{"not_picked":["Blizzard","Redo+1"],"picked":"Cold Snap","floor":28}],"player_experience":171242,"relics_obtained":[{"floor":7,"key":"WingedGreaves"},{"floor":11,"key":"Lantern"},{"floor":24,"key":"Peace Pipe"},{"floor":26,"key":"Shuriken"}],"event_choices":[{"damage_healed":0,"gold_gain":0,"player_choice":"Success","damage_taken":12,"relics_obtained":["Toxic Egg 2"],"max_hp_gain":0,"max_hp_loss":0,"event_name":"Scrap Ooze","floor":4,"gold_loss":0},{"damage_healed":25,"gold_gain":0,"player_choice":"Banana","damage_taken":0,"max_hp_gain":0,"max_hp_loss":0,"event_name":"Big Fish","floor":5,"gold_loss":0},{"damage_healed":0,"gold_gain":0,"player_choice":"Traded Relic","damage_taken":0,"relics_obtained":["Nloth\u0027s Gift"],"max_hp_gain":0,"max_hp_loss":0,"event_name":"N\u0027loth","floor":21,"relics_lost":["Lantern"],"gold_loss":0}],"is_beta":false,"boss_relics":[{"not_picked":["Philosopher\u0027s Stone","Fusion Hammer"],"picked":"Velvet Choker"}],"items_purged_floors":[22],"is_endless":false,"potions_floor_spawned":[1,11,12,16,20,27],"killed_by":"Slavers","ascension_level":1}