{"gold_per_floor":[13,32,48,48,48,48,75,175,175,204,219,219,219,245,245,350,350,367,367,384,384,19,19,34,67,93,119,131,141,141,155,155,251,251,261,272,44,63,111,142,154,12,38,65,75,75,109,19,19,19],"floor_reached":51,"playtime":2422,"items_purged":["Pain","Strike_R","Strike_R"],"score":1407,"play_id":"e3fa784a-be25-48b5-ab15-78da97d9374b","local_time":"20190823042917","is_ascension_mode":true,"campfire_choices":[{"data":"Uppercut","floor":6.0,"key":"SMITH"},{"data":"Bludgeon","floor":13.0,"key":"SMITH"},{"data":"Inflame","floor":15.0,"key":"SMITH"},{"data":"Sword Boomerang","floor":23,"key":"SMITH"},{"data":"Demon Form","floor":30,"key":"SMITH"},{"data":"Uppercut","floor":32,"key":"SMITH"},{"data":"Immolate","floor":41,"key":"SMITH"},{"data":"Twin Strike","floor":46,"key":"SMITH"},{"data":"Shrug It Off","floor":49,"key":"SMITH"}],"neow_cost":"NO_GOLD","seed_source_timestamp":176712220340448,"circlet_count":0,"master_deck":["AscendersBane","Strike_R","Strike_R+1","Defend_R+1","Defend_R+1","Bash","Shrug It Off","Sever Soul+1","Dropkick","Uppercut+1","Sword Boomerang+1","Twin Strike+1","Bludgeon+1","Shrug It Off+1","Inflame+1","Demon Form+1","Iron Wave+1","Shrug It Off","Shrug It Off+1","Disarm+1","True Grit+1","Body Slam","Uppercut+1","Immolate+1","Headbutt+1","Ghostly Armor+1","Blood for Blood+1","Twin Strike+1","Twin Strike+1","Perfected Strike+1"],"special_seed":0,"relics":["Burning Blood","Self Forming Clay","Red Skull","Bag of Marbles","Mercury Hourglass","Mummified Hand","Snecko Eye","WarpedTongs","Membership Card","Toxic Egg 2","Bottled Lightning","Dream Catcher","Pear","Busted Crown","Potion Belt","Happy Flower","Calipers","MawBank","War Paint","Omamori","Shuriken","Vajra"],"potions_floor_usage":[50,50,50,50],"damage_taken":[{"damage":1.0,"enemies":"Cultist","floor":1.0,"turns":3.0},{"damage":2.0,"enemies":"2 Louse","floor":2.0,"turns":3.0},{"damage":0.0,"enemies":"Small Slimes","floor":3.0,"turns":3.0},{"damage":37.0,"enemies":"3 Sentries","floor":7.0,"turns":8.0},{"damage":10.0,"enemies":"Lagavulin","floor":10.0,"turns":3.0},{"damage":0.0,"enemies":"Looter","floor":11.0,"turns":1.0},{"damage":0.0,"enemies":"Gremlin Nob","floor":14.0,"turns":2.0},{"damage":0.0,"enemies":"Slime Boss","floor":16.0,"turns":5.0},{"damage":6.0,"enemies":"Spheric Guardian","floor":18.0,"turns":3.0},{"damage":3,"enemies":"Shell Parasite","floor":20,"turns":2},{"damage":5,"enemies":"Snecko","floor":24,"turns":3},{"damage":32,"enemies":"Slavers","floor":25,"turns":3},{"damage":0,"enemies":"Gremlin Leader","floor":27,"turns":4},{"damage":0,"enemies":"Cultist and Chosen","floor":28,"turns":3},{"damage":7,"enemies":"Shelled Parasite and Fungi","floor":29,"turns":2},{"damage":8,"enemies":"Snake Plant","floor":31,"turns":3},{"damage":36,"enemies":"Automaton","floor":33,"turns":7},{"damage":0,"enemies":"Orb Walker","floor":35,"turns":2},{"damage":2,"enemies":"3 Darklings","floor":36,"turns":2},{"damage":0,"enemies":"Transient","floor":38,"turns":5},{"damage":4,"enemies":"2 Orb Walkers","floor":39,"turns":4},{"damage":12,"enemies":"Reptomancer","floor":40,"turns":4},{"damage":2,"enemies":"Giant Head","floor":44,"turns":5},{"damage":5,"enemies":"Sphere and 2 Shapes","floor":45,"turns":3},{"damage":11,"enemies":"Nemesis","floor":47,"turns":5},{"damage":63,"enemies":"Donu and Deca","floor":50,"turns":6}],"seed_played":"7054122468491223403","potions_obtained":[{"floor":1.0,"key":"Swift Potion"},{"floor":10.0,"key":"Fire Potion"},{"floor":14.0,"key":"FearPotion"},{"floor":16.0,"key":"BloodPotion"},{"floor":29,"key":"Strength Potion"},{"floor":40,"key":"SneckoOil"},{"floor":45,"key":"GamblersBrew"}],"is_trial":false,"path_per_floor":["M","M","M","?","?","R","E","?","T","E","M","?","R","E","R","B",null,"M","?","M","?","$","R","M","E","T","E","M","M","R","M","R","B",null,"M","M","$","M","?","E","R","$","T","E","M","R","E","?","R","B",null],"character_chosen":"IRONCLAD","items_purchased":["Membership Card","Toxic Egg 2","Potion Belt","Happy Flower","Dexterity Potion","War Paint","Twin Strike"],"campfire_rested":0,"item_purchase_floors":[22,22,37,37,37,42,42],"current_hp_per_floor":[77,80,80,64,69,69,38,38,38,34,40,40,40,46,46,52,77,77,77,80,80,80,80,81,55,55,71,77,76,76,74,74,44,82,88,92,92,95,95,89,89,89,89,93,94,94,89,89,89,32],"gold":19,"neow_bonus":"TRANSFORM_TWO_CARDS","is_prod":false,"is_daily":false,"chose_seed":false,"campfire_upgraded":9,"win_rate":1,"timestamp":1566498557,"path_taken":["M","M","M","?","?","R","E","?","T","E","?","?","R","E","R","BOSS","M","?","M","?","$","R","M","E","T","E","M","?","R","M","R","BOSS","M","M","$","M","?","E","R","$","T","E","M","R","E","?","R","BOSS"],"build_version":"2019-07-17","purchased_purges":3,"victory":true,"max_hp_per_floor":[80,80,80,80,85,85,85,85,85,85,85,85,85,85,85,85,85,85,85,85,85,85,85,85,85,85,95,95,95,95,95,95,95,95,95,95,95,95,95,95,95,95,95,95,95,95,95,95,95,95],"card_choices":[{"not_picked":["Anger","Flex"],"picked":"Dropkick","floor":1.0},{"not_picked":["Wild Strike","Cleave"],"picked":"Uppercut","floor":2.0},{"not_picked":["Blood for Blood","Combust"],"picked":"Sword Boomerang","floor":3.0},{"not_picked":["True Grit","Disarm"],"picked":"Twin Strike","floor":7.0},{"not_picked":["Headbutt","Shockwave"],"picked":"Bludgeon","floor":10.0},{"not_picked":["Iron Wave","Feel No Pain"],"picked":"Shrug It Off","floor":11.0},{"not_picked":["True Grit","Anger"],"picked":"Inflame","floor":14.0},{"not_picked":["Limit Break","Bludgeon"],"picked":"Demon Form","floor":16.0},{"not_picked":["Battle Trance","Rupture"],"picked":"Iron Wave+1","floor":18.0},{"not_picked":["Flex","Anger"],"picked":"Shrug It Off","floor":20},{"not_picked":["Shockwave+1","Headbutt+1"],"picked":"Shrug It Off+1","floor":24},{"not_picked":["Warcry+1","Clash"],"picked":"Disarm+1","floor":25},{"not_picked":["Hemokinesis","Rage+1","Exhume+1"],"picked":"SKIP","floor":27},{"not_picked":["Pommel Strike","Anger+1"],"picked":"True Grit+1","floor":28},{"not_picked":["Clash","Body Slam","Intimidate+1"],"picked":"SKIP","floor":29},{"not_picked":["Clash","Intimidate+1"],"picked":"Body Slam","floor":29},{"not_picked":["Rage+1","Perfected Strike"],"picked":"Uppercut","floor":31},{"not_picked":["Double Tap+1","Juggernaut"],"picked":"Immolate","floor":33},{"not_picked":[],"picked":"Headbutt+1","floor":35},{"not_picked":[],"picked":"Ghostly Armor+1","floor":36},{"not_picked":["Clash+1"],"picked":"SKIP","floor":38},{"not_picked":[],"picked":"Blood for Blood+1","floor":39},{"not_picked":[],"picked":"Twin Strike+1","floor":40},{"not_picked":[],"picked":"Perfected Strike+1","floor":44},{"not_picked":["Warcry+1"],"picked":"SKIP","floor":45},{"not_picked":["Thunderclap"],"picked":"SKIP","floor":47}],"player_experience":61936,"relics_obtained":[{"floor":7.0,"key":"Self Forming Clay"},{"floor":9.0,"key":"Red Skull"},{"floor":10.0,"key":"Bag of Marbles"},{"floor":12.0,"key":"Mercury Hourglass"},{"floor":14.0,"key":"Mummified Hand"},{"floor":25,"key":"Bottled Lightning"},{"floor":26,"key":"Dream Catcher"},{"floor":27,"key":"Pear"},{"floor":39,"key":"Calipers"},{"floor":40,"key":"MawBank"},{"floor":43,"key":"Omamori"},{"floor":44,"key":"Shuriken"},{"floor":47,"key":"Vajra"}],"event_choices":[{"damage_healed":0.0,"max_hp_gain":0.0,"max_hp_loss":0.0,"gold_gain":0.0,"event_name":"Shining Light","player_choice":"Entered Light","floor":4.0,"gold_loss":0.0,"damage_taken":16.0,"cards_upgraded":["Sever Soul","Strike_R"]},{"damage_healed":0.0,"max_hp_gain":5.0,"max_hp_loss":0.0,"gold_gain":0.0,"event_name":"Big Fish","player_choice":"Donut","floor":5.0,"gold_loss":0.0,"damage_taken":0.0},{"damage_healed":0.0,"max_hp_gain":0.0,"max_hp_loss":0.0,"gold_gain":100.0,"event_name":"Golden Shrine","player_choice":"Pray","floor":8.0,"gold_loss":0.0,"damage_taken":0.0},{"damage_healed":0.0,"max_hp_gain":0.0,"max_hp_loss":0.0,"gold_gain":0.0,"event_name":"Wheel of Change","player_choice":"Relic","floor":12.0,"gold_loss":0.0,"damage_taken":0.0},{"damage_healed":0.0,"max_hp_gain":0.0,"max_hp_loss":0.0,"gold_gain":0.0,"event_name":"Ghosts","player_choice":"Ignored","floor":19.0,"gold_loss":0.0,"damage_taken":0.0},{"damage_healed":0,"gold_gain":0,"player_choice":"Rummage","damage_taken":0,"relics_obtained":["WarpedTongs"],"max_hp_gain":0,"max_hp_loss":0,"event_name":"Accursed Blacksmith","floor":21,"gold_loss":0,"cards_obtained":["Pain"]},{"damage_healed":0,"gold_gain":0,"player_choice":"Fight","damage_taken":0,"max_hp_gain":0,"max_hp_loss":0,"event_name":"Mysterious Sphere","floor":39,"gold_loss":0},{"cards_removed":["Defend_R"],"damage_healed":0,"gold_gain":0,"player_choice":"Upgrade and Remove","damage_taken":0,"max_hp_gain":0,"max_hp_loss":0,"event_name":"Designer","floor":48,"gold_loss":90,"cards_upgraded":["Twin Strike"]}],"is_beta":false,"boss_relics":[{"not_picked":["Eternal Feather","Calling Bell"],"picked":"Snecko Eye"},{"not_picked":["Runic Cube","Empty Cage"],"picked":"Busted Crown"}],"items_purged_floors":[22,37,42],"is_endless":false,"potions_floor_spawned":[1,10,14,16,18,24,25,29,35,40,45,47],"ascension_level":11}