{"gold_per_floor":[119,136,149,324,399,399,429,464,464,479,479,89,104,117,117,220,220,236,251,107,107,124,124,124,29,29,29,46,46,71,23,23,128,128,140,153,153,153,53,85,85,95,148,166,166,217,217],"floor_reached":47,"playtime":3913,"items_purged":["Doubt","Redo"],"score":549,"play_id":"570ad6e0-9a17-4129-a927-d10603e836f9","local_time":"20190820045720","is_ascension_mode":true,"campfire_choices":[{"floor":6,"key":"REST"},{"floor":11,"key":"REST"},{"floor":15,"key":"REST"},{"floor":23,"key":"REST"},{"floor":27,"key":"REST"},{"floor":32,"key":"REST"},{"floor":41,"key":"REST"}],"neow_cost":"NONE","seed_source_timestamp":520342748413400,"circlet_count":0,"master_deck":["Strike_B","Strike_B","Strike_B","Strike_B","Defend_B","Defend_B","Defend_B","Defend_B","Zap","Dualcast","Cold Snap","Ball Lightning","Ball Lightning","Thunder Strike","Storm","White Noise+1","Force Field+1","Redo+1","Redo+1","Redo+1","Heatsinks","Hello World","Force Field+1","Loop","Buffer","Heatsinks","White Noise+1","Bandage Up+1","Ball Lightning+1","Conserve Battery+1","White Noise+1","Doubt","Parasite"],"relics":["Cracked Core","NeowsBlessing","Prayer Wheel","Gambling Chip","StoneCalendar","Toxic Egg 2","Orrery","Ancient Tea Set","Singing Bowl","Oddly Smooth Stone","Du-Vu Doll"],"potions_floor_usage":[16,30,30,33,33,35,37,38,40,40],"damage_taken":[{"damage":0,"enemies":"Cultist","floor":1,"turns":1},{"damage":0,"enemies":"Small Slimes","floor":2,"turns":1},{"damage":0,"enemies":"Jaw Worm","floor":3,"turns":1},{"damage":47,"enemies":"Lagavulin","floor":8,"turns":13},{"damage":0,"enemies":"Blue Slaver","floor":10,"turns":4},{"damage":8,"enemies":"Exordium Thugs","floor":13,"turns":4},{"damage":33,"enemies":"Gremlin Gang","floor":14,"turns":4},{"damage":11,"enemies":"Slime Boss","floor":16,"turns":7},{"damage":30,"enemies":"2 Thieves","floor":18,"turns":3},{"damage":0,"enemies":"3 Byrds","floor":19,"turns":1},{"damage":14,"enemies":"Snake Plant","floor":22,"turns":3},{"damage":20,"enemies":"Centurion and Healer","floor":28,"turns":7},{"damage":23,"enemies":"Slavers","floor":30,"turns":6},{"damage":52,"enemies":"Champ","floor":33,"turns":8},{"damage":10,"enemies":"Orb Walker","floor":35,"turns":4},{"damage":0,"enemies":"3 Shapes","floor":36,"turns":4},{"damage":0,"enemies":"3 Darklings","floor":38,"turns":1},{"damage":82,"enemies":"Reptomancer","floor":40,"turns":5},{"damage":15,"enemies":"Jaw Worm Horde","floor":42,"turns":4},{"damage":31,"enemies":"Spire Growth","floor":44,"turns":5},{"damage":82,"enemies":"2 Orb Walkers","floor":46,"turns":4},{"damage":53,"enemies":"Writhing Mass","floor":47,"turns":4}],"seed_played":"-7368036454845505422","potions_obtained":[{"floor":3,"key":"Swift Potion"},{"floor":14,"key":"FocusPotion"},{"floor":16,"key":"Weak Potion"},{"floor":18,"key":"GamblersBrew"},{"floor":22,"key":"Strength Potion"},{"floor":33,"key":"GamblersBrew"},{"floor":35,"key":"FocusPotion"},{"floor":36,"key":"LiquidBronze"},{"floor":37,"key":"Fruit Juice"},{"floor":37,"key":"SmokeBomb"},{"floor":37,"key":"Regen Potion"}],"is_trial":false,"path_per_floor":["M","M","M","?","?","R","?","E","T","M","R","$","M","M","R","B",null,"M","M","$","?","M","R","?","$","T","R","M","?","E","$","R","B",null,"M","M","?","M","$","E","R","M","T","M","?","?","M"],"character_chosen":"DEFECT","items_purchased":["Thunder Strike","Toxic Egg 2","Heatsinks","Bandage Up+1","Dexterity Potion"],"campfire_rested":7,"item_purchase_floors":[12,12,20,25,31],"current_hp_per_floor":[75,75,75,75,64,75,75,28,28,28,50,50,42,9,31,20,75,45,45,45,45,31,53,39,39,39,63,49,49,40,40,64,20,84,84,92,97,97,97,26,55,50,50,27,105,31,0],"gold":217,"neow_bonus":"THREE_ENEMY_KILL","is_prod":false,"is_daily":false,"chose_seed":false,"campfire_upgraded":0,"win_rate":0,"timestamp":1566287840,"path_taken":["M","M","M","?","?","R","?","E","T","M","R","$","M","M","R","BOSS","M","M","$","?","M","R","?","$","T","R","M","?","E","?","R","BOSS","M","M","?","M","$","E","R","?","T","M","?","?","M"],"build_version":"2019-07-17","purchased_purges":2,"victory":false,"max_hp_per_floor":[75,75,75,75,75,75,75,75,75,75,75,75,75,75,75,75,75,75,75,75,75,75,75,80,80,80,80,80,80,82,82,82,84,84,88,92,97,97,97,99,99,103,103,105,105,107,107],"card_choices":[{"not_picked":["Go for the Eyes","Stack"],"picked":"Cold Snap","floor":1},{"not_picked":["Conserve Battery","Compile Driver"],"picked":"Redo","floor":2},{"not_picked":["Leap","Go for the Eyes","Steam Power"],"picked":"SKIP","floor":3},{"not_picked":["Self Repair","Loop"],"picked":"Ball Lightning","floor":8},{"not_picked":["Meteor Strike","Steam Power"],"picked":"Ball Lightning","floor":10},{"not_picked":["Hologram","Steam","Turbo"],"picked":"SKIP","floor":10},{"not_picked":["Gash","Sunder","Conserve Battery+1"],"picked":"SKIP","floor":13},{"not_picked":["Cold Snap","Scrape","Sweeping Beam"],"picked":"SKIP","floor":13},{"not_picked":["Conserve Battery+1","Fission+1"],"picked":"Storm","floor":14},{"not_picked":["Turbo+1","Force Field+1"],"picked":"White Noise+1","floor":14},{"not_picked":["Streamline","Rip and Tear"],"picked":"Force Field+1","floor":17},{"not_picked":["Leap+1","Go for the Eyes"],"picked":"Redo+1","floor":17},{"not_picked":["Streamline","Scrape"],"picked":"Redo+1","floor":17},{"not_picked":["Hologram+1","Multi-Cast+1"],"picked":"Redo+1","floor":17},{"not_picked":["Barrage","Fusion+1"],"picked":"Heatsinks","floor":17},{"not_picked":["Conserve Battery+1","Force Field+1"],"picked":"Hello World","floor":18},{"not_picked":["Turbo+1","Coolheaded+1"],"picked":"Force Field+1","floor":18},{"not_picked":["Chaos+1","Gash"],"picked":"Loop","floor":19},{"not_picked":["Glacier+1","Steam+1"],"picked":"Buffer","floor":19},{"not_picked":["Coolheaded+1","Melter"],"picked":"White Noise+1","floor":22},{"not_picked":["Ball Lightning","Rip and Tear","FTL"],"picked":"SKIP","floor":22},{"not_picked":["Gash+1","Auto Shields+1"],"picked":"Ball Lightning+1","floor":28},{"not_picked":["Chaos+1","Leap+1","Gash"],"picked":"SKIP","floor":28},{"not_picked":["Sweeping Beam+1","Undo+1","BootSequence+1"],"picked":"Singing Bowl","floor":30},{"not_picked":["Thunder Strike","Biased Cognition","Buffer"],"picked":"Singing Bowl","floor":33},{"not_picked":["Conserve Battery+1","Self Repair+1","Aggregate+1"],"picked":"Singing Bowl","floor":35},{"not_picked":["Redo+1","Hologram+1","Heatsinks+1"],"picked":"Singing Bowl","floor":35},{"not_picked":["Consume+1","Beam Cell+1","Streamline"],"picked":"Singing Bowl","floor":36},{"not_picked":["Darkness+1","Heatsinks+1","Rebound+1"],"picked":"Singing Bowl","floor":36},{"not_picked":["All For One","Compile Driver","BootSequence+1"],"picked":"Singing Bowl","floor":40},{"not_picked":["Force Field+1","Conserve Battery+1","Compile Driver+1"],"picked":"Singing Bowl","floor":42},{"not_picked":["Ball Lightning","Skim+1","Compile Driver+1"],"picked":"Singing Bowl","floor":42},{"not_picked":["BootSequence+1","Turbo+1","Cold Snap+1"],"picked":"Singing Bowl","floor":44},{"not_picked":["Recycle+1","Go for the Eyes"],"picked":"White Noise+1","floor":44},{"not_picked":["Streamline+1","Compile Driver","Sweeping Beam+1"],"picked":"Singing Bowl","floor":46}],"player_experience":161033,"relics_obtained":[{"floor":8,"key":"Gambling Chip"},{"floor":9,"key":"StoneCalendar"},{"floor":26,"key":"Ancient Tea Set"},{"floor":30,"key":"Singing Bowl"},{"floor":40,"key":"Oddly Smooth Stone"},{"floor":46,"key":"Du-Vu Doll"}],"event_choices":[{"damage_healed":0,"gold_gain":175,"player_choice":"AGREE","damage_taken":0,"max_hp_gain":0,"max_hp_loss":0,"event_name":"Liars Game","floor":4,"gold_loss":0,"cards_obtained":["Doubt"]},{"damage_healed":0,"gold_gain":75,"player_choice":"Gather Gold","damage_taken":11,"max_hp_gain":0,"max_hp_loss":0,"event_name":"World of Goop","floor":5,"gold_loss":0},{"damage_healed":0,"gold_gain":30,"player_choice":"Searched \u00272\u0027 times","damage_taken":0,"relics_obtained":["Prayer Wheel"],"max_hp_gain":0,"max_hp_loss":0,"event_name":"Dead Adventurer","floor":7,"gold_loss":0},{"damage_healed":0,"gold_gain":0,"player_choice":"Ignored","damage_taken":0,"max_hp_gain":0,"max_hp_loss":0,"event_name":"Ghosts","floor":21,"gold_loss":0},{"damage_healed":0,"gold_gain":0,"player_choice":"Shed Blood","damage_taken":19,"max_hp_gain":5,"max_hp_loss":0,"event_name":"Forgotten Altar","floor":24,"gold_loss":0},{"damage_healed":0,"gold_gain":0,"player_choice":"Read","damage_taken":0,"max_hp_gain":0,"max_hp_loss":0,"event_name":"The Library","floor":29,"gold_loss":0,"cards_obtained":["Conserve Battery"]},{"damage_healed":0,"gold_gain":0,"player_choice":"Got Potions","damage_taken":0,"max_hp_gain":0,"max_hp_loss":0,"event_name":"Lab","floor":37,"gold_loss":0},{"damage_healed":78,"gold_gain":0,"player_choice":"Heal","damage_taken":0,"max_hp_gain":0,"max_hp_loss":0,"event_name":"MindBloom","floor":45,"gold_loss":0,"cards_obtained":["Doubt"]},{"damage_healed":0,"gold_gain":0,"player_choice":"Fight","damage_taken":0,"max_hp_gain":0,"max_hp_loss":0,"event_name":"Mysterious Sphere","floor":46,"gold_loss":0}],"is_beta":false,"boss_relics":[{"not_picked":["Astrolabe","Snecko Eye"],"picked":"Orrery"},{"not_picked":["Runic Pyramid","Coffee Dripper","Velvet Choker"]}],"items_purged_floors":[20,39],"is_endless":false,"potions_floor_spawned":[3,14,16,18,19,22,33,35,36,38],"killed_by":"Writhing Mass","ascension_level":1}