{"gold_per_floor":[111,131,151,168,168,19,19,33,88,118,118,94,16,44,44,144,144,109,9,25,115,129,129,155,179,191,4,0,11,11,22,22,125,125,137,153,0,0,17,43,43,70,70,87,105,105,105,105,105,105],"floor_reached":51,"playtime":6378,"items_purged":["Dual Wield","Defend_R"],"score":771,"play_id":"dcbac59d-d4a1-4580-9a4f-d6c2bc8c1547","local_time":"20190819031811","is_ascension_mode":true,"campfire_choices":[{"data":"Barricade","floor":11,"key":"SMITH"},{"floor":15,"key":"REST"},{"floor":23,"key":"REST"},{"data":"Iron Wave","floor":32,"key":"SMITH"},{"floor":41,"key":"REST"},{"floor":46,"key":"REST"},{"floor":49,"key":"RECALL"}],"neow_cost":"NONE","seed_source_timestamp":0,"circlet_count":0,"master_deck":["Strike_R+1","Strike_R+1","Strike_R+1","Defend_R+1","Bash+1","Feed+1","Metallicize+1","Disarm+1","Shockwave+1","Barricade+1","Fire Breathing+1","Iron Wave+1","Juggernaut+1","Iron Wave+1","Inflame+1","Battle Trance+1","Body Slam+1","Burning Pact+1","Bloodletting+1","Second Wind+1","Armaments+1","Entrench+1","Parasite","Iron Wave+1","Spot Weakness+1","Writhe"],"special_seed":0,"relics":["Black Blood","Mummified Hand","Oddly Smooth Stone","MawBank","Self Forming Clay","Juzu Bracelet","Astrolabe","Red Mask","Pen Nib","Gremlin Horn","Mercury Hourglass","Mark of the Bloom"],"potions_floor_usage":[10,16,16,24,25,25,31,31,33,42,44,50],"damage_taken":[{"damage":0.0,"enemies":"Small Slimes","floor":1.0,"turns":3.0},{"damage":0.0,"enemies":"2 Louse","floor":2.0,"turns":4.0},{"damage":7.0,"enemies":"Jaw Worm","floor":3.0,"turns":5.0},{"damage":15.0,"enemies":"Large Slime","floor":4.0,"turns":12.0},{"damage":11,"enemies":"Gremlin Gang","floor":8,"turns":6},{"damage":31,"enemies":"3 Sentries","floor":10,"turns":11},{"damage":21,"enemies":"Gremlin Nob","floor":14,"turns":5},{"damage":31,"enemies":"The Guardian","floor":16,"turns":17},{"damage":19,"enemies":"2 Thieves","floor":18,"turns":5},{"damage":14,"enemies":"Shell Parasite","floor":20,"turns":7},{"damage":22,"enemies":"Snake Plant","floor":22,"turns":6},{"damage":35,"enemies":"Slavers","floor":24,"turns":7},{"damage":0,"enemies":"Centurion and Healer","floor":25,"turns":8},{"damage":10,"enemies":"Snecko","floor":29,"turns":5},{"damage":10,"enemies":"Cultist and Chosen","floor":31,"turns":5},{"damage":30,"enemies":"Automaton","floor":33,"turns":13},{"damage":12,"enemies":"3 Shapes","floor":35,"turns":6},{"damage":13,"enemies":"Orb Walker","floor":36,"turns":5},{"damage":14,"enemies":"Writhing Mass","floor":39,"turns":7},{"damage":88,"enemies":"Giant Head","floor":40,"turns":11},{"damage":43,"enemies":"Nemesis","floor":42,"turns":7},{"damage":39,"enemies":"Spire Growth","floor":44,"turns":6},{"damage":17,"enemies":"Jaw Worm Horde","floor":45,"turns":4},{"damage":44,"enemies":"Awakened One","floor":50,"turns":9}],"seed_played":"-7147722289868309139","potions_obtained":[{"floor":4.0,"key":"AttackPotion"},{"floor":8,"key":"GamblersBrew"},{"floor":10,"key":"FearPotion"},{"floor":16,"key":"Energy Potion"},{"floor":18,"key":"SpeedPotion"},{"floor":22,"key":"Dexterity Potion"},{"floor":24,"key":"SteroidPotion"},{"floor":25,"key":"Strength Potion"},{"floor":36,"key":"Explosive Potion"},{"floor":42,"key":"BloodPotion"},{"floor":44,"key":"Swift Potion"}],"is_trial":false,"path_per_floor":["M","M","M","M","?","$","?","M","T","E","R","?","$","E","R","B",null,"M","$","M","?","M","R","E","M","T","$","?","M","$","M","R","B",null,"M","M","?","$","M","E","R","E","T","M","M","R","?","?","R","B",null],"character_chosen":"IRONCLAD","items_purchased":["Shockwave","Fire Breathing","Juzu Bracelet","Block Potion"],"campfire_rested":4,"item_purchase_floors":[6,13,27,27],"current_hp_per_floor":[83,83,85,82,75,75,75,73,73,51,51,51,51,36,65,40,98,92,92,88,68,56,86,61,71,71,71,71,71,71,74,74,54,104,105,106,106,106,102,24,57,24,24,25,21,56,85,85,85,41],"gold":105,"neow_bonus":"ONE_RANDOM_RARE_CARD","is_prod":false,"is_daily":false,"chose_seed":false,"campfire_upgraded":2,"win_rate":0,"timestamp":1566195491,"path_taken":["M","M","M","M","?","$","?","M","T","E","R","?","?","E","R","BOSS","M","$","M","?","?","R","E","M","T","?","?","M","?","M","R","BOSS","M","M","?","$","M","E","R","E","T","M","M","R","?","?","R","BOSS"],"build_version":"2019-07-17","purchased_purges":2,"victory":true,"max_hp_per_floor":[83,83,86,92,92,92,92,95,95,98,98,98,98,98,98,98,98,101,101,101,101,101,101,101,101,101,101,101,101,101,104,104,104,104,107,111,111,111,111,111,111,111,111,114,117,117,117,117,117,117],"card_choices":[{"not_picked":["Havoc","Body Slam"],"picked":"Metallicize","floor":1.0},{"not_picked":["Cleave","Twin Strike","Havoc"],"picked":"SKIP","floor":2.0},{"not_picked":["Sever Soul","Evolve"],"picked":"Dual Wield","floor":3.0},{"not_picked":["Anger","Headbutt"],"picked":"Disarm","floor":4.0},{"not_picked":["Flex","True Grit","Sentinel"],"picked":"SKIP","floor":8},{"not_picked":["Double Tap","Seeing Red"],"picked":"Barricade","floor":10},{"not_picked":["Twin Strike","Searing Blow"],"picked":"Iron Wave","floor":14},{"not_picked":["Fiend Fire","Brutality"],"picked":"Juggernaut","floor":16},{"not_picked":["Wild Strike","Sword Boomerang"],"picked":"Iron Wave+1","floor":18},{"not_picked":["Perfected Strike","Cleave","Blood for Blood"],"picked":"SKIP","floor":20},{"not_picked":["Rupture","Combust"],"picked":"Inflame","floor":22},{"not_picked":["Fire Breathing","Hemokinesis","Disarm"],"picked":"SKIP","floor":24},{"not_picked":["Perfected Strike+1","Twin Strike"],"picked":"Battle Trance","floor":25},{"not_picked":["Wild Strike+1","Clash","Corruption"],"picked":"SKIP","floor":29},{"not_picked":["Shockwave","Rampage"],"picked":"Body Slam","floor":31},{"not_picked":["Second Wind","Rupture+1"],"picked":"Armaments","floor":35},{"not_picked":["Wild Strike","Clash"],"picked":"Entrench+1","floor":36},{"not_picked":["Blood for Blood+1","Perfected Strike"],"picked":"Iron Wave","floor":39},{"not_picked":["Cleave+1","Iron Wave"],"picked":"Spot Weakness+1","floor":40},{"not_picked":["Battle Trance+1","True Grit+1","Cleave"],"picked":"SKIP","floor":42},{"not_picked":["Ghostly Armor","Cleave","Havoc"],"picked":"SKIP","floor":44},{"not_picked":["Blood for Blood","Perfected Strike+1","Warcry"],"picked":"SKIP","floor":45}],"player_experience":138763,"relics_obtained":[{"floor":10,"key":"Mummified Hand"},{"floor":14,"key":"Oddly Smooth Stone"},{"floor":24,"key":"MawBank"},{"floor":26,"key":"Self Forming Clay"},{"floor":40,"key":"Pen Nib"},{"floor":42,"key":"Gremlin Horn"},{"floor":43,"key":"Mercury Hourglass"}],"event_choices":[{"cards_removed":["Defend_R"],"damage_healed":0.0,"max_hp_gain":0.0,"max_hp_loss":0.0,"gold_gain":0.0,"event_name":"Golden Wing","player_choice":"Card Removal","floor":5.0,"gold_loss":0.0,"damage_taken":7.0},{"damage_healed":0.0,"max_hp_gain":0.0,"max_hp_loss":0.0,"gold_gain":0.0,"event_name":"Liars Game","player_choice":"Ignored","floor":7.0,"gold_loss":0.0,"damage_taken":0.0},{"damage_healed":0,"gold_gain":0,"player_choice":"Left Gold","damage_taken":0,"max_hp_gain":0,"max_hp_loss":0,"event_name":"World of Goop","floor":12,"gold_loss":24},{"damage_healed":0,"gold_gain":90,"player_choice":"GOLD ","damage_taken":20,"max_hp_gain":0,"max_hp_loss":0,"event_name":"Knowing Skull","floor":21,"potions_obtained":[],"gold_loss":0,"cards_obtained":[]},{"damage_healed":0,"gold_gain":0,"player_choice":"Paid Fearfully","damage_taken":0,"max_hp_gain":0,"max_hp_loss":0,"event_name":"Masked Bandits","floor":28,"gold_loss":4},{"damage_healed":0,"gold_gain":0,"player_choice":"Paid","damage_taken":0,"relics_obtained":["Red Mask"],"max_hp_gain":0,"max_hp_loss":0,"event_name":"Tomb of Lord Red Mask","floor":37,"gold_loss":153},{"damage_healed":29,"gold_gain":0,"player_choice":"Writhe","damage_taken":0,"max_hp_gain":0,"max_hp_loss":0,"event_name":"Winding Halls","floor":47,"gold_loss":0,"cards_obtained":["Writhe"]},{"damage_healed":0,"gold_gain":0,"player_choice":"Upgrade","damage_taken":0,"relics_obtained":["Mark of the Bloom"],"max_hp_gain":0,"max_hp_loss":0,"event_name":"MindBloom","floor":48,"gold_loss":0,"cards_upgraded":["Strike_R","Strike_R","Strike_R","Defend_R","Bash","Feed","Metallicize","Disarm","Shockwave","Fire Breathing","Juggernaut","Inflame","Battle Trance","Body Slam","Armaments","Iron Wave"]}],"is_beta":false,"boss_relics":[{"not_picked":["Velvet Choker","White Beast Statue"],"picked":"Black Blood"},{"not_picked":["Snecko Eye","Runic Pyramid"],"picked":"Astrolabe"}],"items_purged_floors":[6,19],"is_endless":false,"potions_floor_spawned":[4,8,10,16,18,22,24,25,36,42,44],"ascension_level":1}