{"gold_per_floor":[119,119,294,312,74,74,51,63,89,89,164,164,176,176,176,176],"floor_reached":16,"playtime":470,"items_purged":["Doubt"],"score":141,"play_id":"192eb3a5-1b52-42bb-8ef0-2972fb195306","local_time":"20190826134917","is_ascension_mode":true,"campfire_choices":[{"data":"Mayhem","floor":6,"key":"SMITH"},{"data":"True Grit","floor":10,"key":"SMITH"},{"data":"Bash","floor":12,"key":"SMITH"},{"floor":15,"key":"REST"}],"neow_cost":"NONE","seed_source_timestamp":74613038568100,"circlet_count":0,"master_deck":["AscendersBane","Strike_R+1","Strike_R+1","Defend_R","Defend_R","Defend_R","Defend_R","Bash+1","Cleave","Mayhem+1","Shrug It Off","True Grit+1","Inflame"],"relics":["Empty Cage","Whetstone"],"potions_floor_usage":[16],"damage_taken":[{"damage":4,"enemies":"2 Louse","floor":1,"turns":4},{"damage":8,"enemies":"Jaw Worm","floor":4,"turns":4},{"damage":0,"enemies":"Small Slimes","floor":8,"turns":3},{"damage":33,"enemies":"Gremlin Gang","floor":13,"turns":5},{"damage":45,"enemies":"Hexaghost","floor":16,"turns":11}],"seed_played":"6315232697838142757","potions_obtained":[{"floor":4,"key":"SkillPotion"}],"is_trial":false,"path_per_floor":["M","?","?","M","$","R","$","M","T","R","?","R","M","?","R","B"],"character_chosen":"IRONCLAD","items_purchased":["Mayhem","Shrug It Off"],"campfire_rested":1,"item_purchase_floors":[5,7],"current_hp_per_floor":[68,80,80,72,72,72,72,72,72,72,61,61,28,21,45,0],"gold":176,"neow_bonus":"BOSS_RELIC","is_prod":false,"is_daily":false,"chose_seed":false,"campfire_upgraded":3,"win_rate":0,"timestamp":1566841757,"path_taken":["M","?","?","M","$","R","$","M","T","R","?","R","?","?","R","BOSS"],"build_version":"2019-07-17","purchased_purges":1,"victory":false,"max_hp_per_floor":[80,80,80,80,80,80,80,80,80,80,80,80,80,80,80,80],"card_choices":[{"not_picked":["Wild Strike","Warcry"],"picked":"Cleave","floor":1},{"not_picked":["Warcry","Twin Strike","Iron Wave"],"picked":"SKIP","floor":4},{"not_picked":["Heavy Blade","Warcry"],"picked":"True Grit","floor":8},{"not_picked":["Iron Wave","Bloodletting"],"picked":"Inflame","floor":13}],"player_experience":4094508,"relics_obtained":[{"floor":9,"key":"Whetstone"}],"event_choices":[{"damage_healed":26,"gold_gain":0,"player_choice":"Banana","damage_taken":0,"max_hp_gain":0,"max_hp_loss":0,"event_name":"Big Fish","floor":2,"gold_loss":0},{"damage_healed":0,"gold_gain":175,"player_choice":"AGREE","damage_taken":0,"max_hp_gain":0,"max_hp_loss":0,"event_name":"Liars Game","floor":3,"gold_loss":0,"cards_obtained":["Doubt"]},{"damage_healed":0,"gold_gain":75,"player_choice":"Gather Gold","damage_taken":11,"max_hp_gain":0,"max_hp_loss":0,"event_name":"World of Goop","floor":11,"gold_loss":0},{"cards_removed":["Strike_R"],"damage_healed":0,"gold_gain":0,"player_choice":"Card Removal","damage_taken":7,"max_hp_gain":0,"max_hp_loss":0,"event_name":"Golden Wing","floor":14,"gold_loss":0}],"is_beta":false,"boss_relics":[],"items_purged_floors":[5],"is_endless":false,"potions_floor_spawned":[4],"killed_by":"Hexaghost","ascension_level":12}