{"gold_per_floor":[217,11,28,39,56,56,68,68,93,107,119,119,70,85,85,185,185,203,223,270,195,195,195,212,232,284,301,301,301],"floor_reached":29,"playtime":1861,"items_purged":[],"score":221,"play_id":"017464a4-b6b3-4fd2-a1bc-1e0ad0314d8c","local_time":"20190818201724","is_ascension_mode":false,"campfire_choices":[{"data":"Uppercut","floor":6,"key":"SMITH"},{"data":"Carnage","floor":12,"key":"SMITH"},{"data":"Armaments","floor":15,"key":"SMITH"},{"floor":23,"key":"RECALL"}],"neow_cost":"NONE","seed_source_timestamp":404794260603800,"circlet_count":0,"master_deck":["Strike_R+1","Strike_R+1","Strike_R+1","Defend_R+1","Defend_R+1","Defend_R+1","Bash","Uppercut+1","Shrug It Off","Pommel Strike","Shockwave","Inflame","Carnage+1","Armaments+1","Shrug It Off","Ghostly Armor+1","Searing Blow+1","Anger+1","Anger","Shame","Barricade"],"relics":["Burning Blood","Medical Kit","Bag of Preparation","Astrolabe","Regal Pillow","Bronze Scales"],"potions_floor_usage":[7,8,14,16,16,16,16,16,16,19,27],"damage_taken":[{"damage":6,"enemies":"Cultist","floor":1,"turns":3},{"damage":0,"enemies":"2 Louse","floor":3,"turns":2},{"damage":3,"enemies":"Small Slimes","floor":4,"turns":4},{"damage":7,"enemies":"Looter","floor":5,"turns":3},{"damage":6,"enemies":"3 Louse","floor":7,"turns":4},{"damage":18,"enemies":"Exordium Wildlife","floor":10,"turns":5},{"damage":5,"enemies":"Blue Slaver","floor":11,"turns":4},{"damage":6,"enemies":"Lots of Slimes","floor":14,"turns":4},{"damage":20,"enemies":"Hexaghost","floor":16,"turns":9},{"damage":35,"enemies":"2 Thieves","floor":18,"turns":4},{"damage":16,"enemies":"Shell Parasite","floor":19,"turns":4},{"damage":17,"enemies":"Centurion and Healer","floor":24,"turns":7},{"damage":1,"enemies":"Snecko","floor":25,"turns":4},{"damage":19,"enemies":"Cultist and Chosen","floor":27,"turns":5},{"damage":30,"enemies":"Sentry and Sphere","floor":29,"turns":5}],"seed_played":"584883011157964437","potions_obtained":[{"floor":1,"key":"Weak Potion"},{"floor":3,"key":"Energy Potion"},{"floor":7,"key":"Explosive Potion"},{"floor":8,"key":"Fruit Juice"},{"floor":8,"key":"EntropicBrew"},{"floor":8,"key":"LiquidBronze"},{"floor":14,"key":"Strength Potion"},{"floor":18,"key":"Fire Potion"},{"floor":24,"key":"Block Potion"}],"is_trial":false,"path_per_floor":["M","$","M","M","M","R","M","?","T","M","M","R","$","M","R","B",null,"M","M","T","?","?","R","M","M","T","M","?","M"],"character_chosen":"IRONCLAD","items_purchased":["Medical Kit","Armaments"],"campfire_rested":0,"item_purchase_floors":[2,13],"current_hp_per_floor":[80,80,80,80,79,79,79,84,84,72,73,73,73,73,73,59,85,56,46,46,46,46,46,35,40,40,27,27,0],"gold":301,"neow_bonus":"HUNDRED_GOLD","is_prod":false,"is_daily":false,"chose_seed":false,"campfire_upgraded":3,"win_rate":0,"timestamp":1566170244,"path_taken":["M","$","M","M","M","R","?","?","T","M","M","R","$","M","R","BOSS","M","M","?","?","?","R","M","M","T","M","?","?"],"build_version":"2019-07-17","purchased_purges":0,"victory":false,"max_hp_per_floor":[80,80,80,80,80,80,80,85,85,85,85,85,85,85,85,85,85,85,85,85,85,85,85,85,85,85,85,85,85],"card_choices":[{"not_picked":["Evolve","Reckless Charge"],"picked":"Uppercut","floor":1},{"not_picked":["Hemokinesis","Twin Strike"],"picked":"Shrug It Off","floor":3},{"not_picked":["Rupture","Thunderclap","Dropkick"],"picked":"SKIP","floor":4},{"not_picked":["Iron Wave","True Grit"],"picked":"Pommel Strike","floor":5},{"not_picked":["Sword Boomerang","Clash"],"picked":"Shockwave","floor":7},{"not_picked":["Clash","Wild Strike"],"picked":"Inflame","floor":10},{"not_picked":["Warcry","Sword Boomerang"],"picked":"Carnage","floor":11},{"not_picked":["Body Slam","Immolate"],"picked":"Shrug It Off","floor":14},{"not_picked":["Berserk","Dark Embrace"],"picked":"Bludgeon","floor":16},{"not_picked":["Flex","Body Slam+1","Iron Wave"],"picked":"SKIP","floor":18},{"not_picked":["True Grit","Twin Strike"],"picked":"Anger","floor":19},{"not_picked":["Body Slam+1","Pommel Strike","Inflame"],"picked":"SKIP","floor":24},{"not_picked":["Warcry+1","Clash+1"],"picked":"Barricade","floor":25},{"not_picked":["Body Slam","Anger","Shockwave+1"],"picked":"SKIP","floor":27}],"player_experience":130662,"relics_obtained":[{"floor":9,"key":"Bag of Preparation"},{"floor":20,"key":"Regal Pillow"}],"event_choices":[{"damage_healed":0,"gold_gain":0,"player_choice":"Got Potions","damage_taken":0,"max_hp_gain":0,"max_hp_loss":0,"event_name":"Lab","floor":8,"gold_loss":0},{"cards_removed":["Bludgeon"],"damage_healed":0,"gold_gain":0,"player_choice":"Gave Gold","damage_taken":0,"max_hp_gain":0,"max_hp_loss":0,"event_name":"Beggar","floor":21,"gold_loss":75},{"damage_healed":0,"gold_gain":0,"player_choice":"Stole Relic","damage_taken":0,"relics_obtained":["Bronze Scales"],"max_hp_gain":0,"max_hp_loss":0,"event_name":"Addict","floor":22,"gold_loss":0,"cards_obtained":["Shame"]},{"damage_healed":0,"gold_gain":0,"player_choice":"Simplicity","damage_taken":0,"max_hp_gain":0,"max_hp_loss":0,"event_name":"Back to Basics","floor":28,"gold_loss":0,"cards_upgraded":["Strike_R","Strike_R","Strike_R","Defend_R","Defend_R","Defend_R"]}],"is_beta":false,"boss_relics":[{"not_picked":["Black Star","Snecko Eye"],"picked":"Astrolabe"}],"items_purged_floors":[],"is_endless":false,"potions_floor_spawned":[1,3,7,14,18,24],"killed_by":"Sentry and Sphere","ascension_level":0}