{"gold_per_floor":[110,29,0,0,12,42,52,52,125,125,125,95,128,142,142,142],"floor_reached":16,"playtime":1131,"items_purged":[],"score":113,"play_id":"bf7628c5-92cf-4e4f-9b34-a08fe0477801","local_time":"20190820051631","is_ascension_mode":true,"campfire_choices":[{"floor":8,"key":"REST"},{"floor":10,"key":"REST"},{"data":"Coolheaded","floor":15,"key":"SMITH"}],"neow_cost":"NONE","seed_source_timestamp":524270502826500,"circlet_count":0,"master_deck":["Strike_B","Strike_B","Strike_B+1","Strike_B","Defend_B+1","Defend_B+1","Defend_B","Defend_B","Zap","Dualcast","Coolheaded+1","Blizzard+1","Redo","Capacitor","Regret"],"relics":["Cracked Core","Whetstone","Mercury Hourglass","Nunchaku","Boot"],"potions_floor_usage":[6,13,13,13],"damage_taken":[{"damage":6,"enemies":"Jaw Worm","floor":1,"turns":4},{"damage":0,"enemies":"Small Slimes","floor":5,"turns":2},{"damage":26,"enemies":"Lagavulin","floor":6,"turns":12},{"damage":0,"enemies":"Cultist","floor":7,"turns":3},{"damage":14,"enemies":"3 Sentries","floor":13,"turns":5},{"damage":2,"enemies":"Exordium Wildlife","floor":14,"turns":3},{"damage":68,"enemies":"Hexaghost","floor":16,"turns":10}],"seed_played":"-2084275988244345905","potions_obtained":[{"floor":5,"key":"Weak Potion"},{"floor":6,"key":"SteroidPotion"},{"floor":7,"key":"Strength Potion"},{"floor":12,"key":"Explosive Potion"},{"floor":12,"key":"Ancient Potion"}],"is_trial":false,"path_per_floor":["M","$","?","?","M","E","M","R","T","R","?","?","E","M","R","B"],"character_chosen":"DEFECT","items_purchased":["Blizzard"],"campfire_rested":2,"item_purchase_floors":[2],"current_hp_per_floor":[76,76,76,60,60,34,34,58,58,82,82,82,68,66,66,0],"gold":142,"neow_bonus":"TEN_PERCENT_HP_BONUS","is_prod":false,"is_daily":false,"chose_seed":false,"campfire_upgraded":1,"win_rate":0,"timestamp":1566288991,"path_taken":["M","$","?","?","M","E","M","R","T","R","?","?","E","M","R","BOSS"],"build_version":"2019-07-17","purchased_purges":0,"victory":false,"max_hp_per_floor":[82,82,82,82,82,82,82,82,82,82,82,82,82,82,82,82],"card_choices":[{"not_picked":["Storm","Ball Lightning"],"picked":"Coolheaded","floor":1},{"not_picked":["Streamline","Go for the Eyes"],"picked":"Redo","floor":5},{"not_picked":["Force Field","White Noise"],"picked":"Capacitor","floor":6},{"not_picked":["Force Field","Leap","Compile Driver"],"picked":"SKIP","floor":7},{"not_picked":["Leap","Aggregate","Reprogram"],"picked":"SKIP","floor":13},{"not_picked":["Hyperbeam","Stack","Leap"],"picked":"SKIP","floor":14}],"player_experience":164946,"relics_obtained":[{"floor":6,"key":"Whetstone"},{"floor":9,"key":"Mercury Hourglass"},{"floor":13,"key":"Boot"}],"event_choices":[{"damage_healed":0,"gold_gain":0,"player_choice":"Left Gold","damage_taken":0,"max_hp_gain":0,"max_hp_loss":0,"event_name":"World of Goop","floor":3,"gold_loss":29},{"damage_healed":0,"gold_gain":0,"player_choice":"Entered Light","damage_taken":16,"max_hp_gain":0,"max_hp_loss":0,"event_name":"Shining Light","floor":4,"gold_loss":0,"cards_upgraded":["Defend_B","Defend_B"]},{"damage_healed":0,"gold_gain":0,"player_choice":"Box","damage_taken":0,"relics_obtained":["Nunchaku"],"max_hp_gain":0,"max_hp_loss":0,"event_name":"Big Fish","floor":11,"gold_loss":0,"cards_obtained":["Regret"]},{"damage_healed":0,"gold_gain":0,"player_choice":"Bought 2 Potions","damage_taken":0,"max_hp_gain":0,"max_hp_loss":0,"event_name":"The Woman in Blue","floor":12,"gold_loss":0}],"is_beta":false,"boss_relics":[],"items_purged_floors":[],"is_endless":false,"potions_floor_spawned":[5,6,7],"killed_by":"Hexaghost","ascension_level":1}