{"gold_per_floor":[111,111,111,131,5,38,51,89,89,89,89,123,123,141,141,271,271,291,291,369,388,368,395,395,421,433,459,471,483,510,539,551,668,680,709,735,759,771,247,247,98,128,128,138,171,186,186,204,204,204],"floor_reached":51,"playtime":2247,"items_purged":["Strike_R"],"score":905,"play_id":"e069aad4-18e9-4898-add1-ca6f85302d8e","local_time":"20190818064757","is_ascension_mode":true,"campfire_choices":[{"data":"Bash","floor":10,"key":"SMITH"},{"data":"Cleave","floor":13,"key":"SMITH"},{"data":"Shrug It Off","floor":15,"key":"SMITH"},{"data":"Fiend Fire","floor":24,"key":"SMITH"},{"data":"Demon Form","floor":29,"key":"SMITH"},{"data":"Cleave","floor":32,"key":"SMITH"},{"data":"Double Tap","floor":40,"key":"SMITH"},{"data":"Doubt","floor":49,"key":"PURGE"}],"neow_cost":"NONE","seed_source_timestamp":5540468332112,"circlet_count":0,"master_deck":["Strike_R","Defend_R+1","Defend_R","Defend_R","Defend_R","Bash+1","Twin Strike","Clash","Shrug It Off+1","Clothesline+1","Offering+1","Cleave+1","Pommel Strike","Feed","Ghostly Armor+1","Bloodletting+1","Combust+1","Anger+1","Cleave+1","Fiend Fire+1","Iron Wave","Pommel Strike","Demon Form+1","Spot Weakness","Sword Boomerang+1","Impervious","Twin Strike","Battle Trance+1","Combust+1","Double Tap+1","Secret Weapon","Flame Barrier+1","Brutality+1","Thunderclap+1"],"relics":["Burning Blood","NeowsBlessing","Bloody Idol","Self Forming Clay","Matryoshka","Bag of Preparation","Kunai","War Paint","Astrolabe","Anchor","Dodecahedron","Pocketwatch","MawBank","Bottled Lightning","Mark of Pain","Membership Card","Frozen Egg 2","Juzu Bracelet","Letter Opener","Bottled Tornado","Peace Pipe"],"potions_floor_usage":[8,23,27,33,50,50,50],"damage_taken":[{"damage":0,"enemies":"Jaw Worm","floor":1,"turns":1},{"damage":0,"enemies":"2 Louse","floor":4,"turns":1},{"damage":0,"enemies":"Gremlin Nob","floor":6,"turns":1},{"damage":1,"enemies":"Cultist","floor":7,"turns":3},{"damage":17,"enemies":"Lagavulin","floor":8,"turns":9},{"damage":13,"enemies":"Gremlin Nob","floor":12,"turns":3},{"damage":3,"enemies":"Blue Slaver","floor":14,"turns":4},{"damage":30,"enemies":"Slime Boss","floor":16,"turns":9},{"damage":14,"enemies":"3 Byrds","floor":18,"turns":5},{"damage":10,"enemies":"Spheric Guardian","floor":21,"turns":2},{"damage":18,"enemies":"Book of Stabbing","floor":23,"turns":4},{"damage":15,"enemies":"Gremlin Leader","floor":25,"turns":2},{"damage":8,"enemies":"Shelled Parasite and Fungi","floor":27,"turns":3},{"damage":1,"enemies":"Cultist and Chosen","floor":30,"turns":3},{"damage":0,"enemies":"Sentry and Sphere","floor":31,"turns":2},{"damage":12,"enemies":"Automaton","floor":33,"turns":5},{"damage":13,"enemies":"3 Shapes","floor":35,"turns":3},{"damage":9,"enemies":"Orb Walker","floor":36,"turns":2},{"damage":13,"enemies":"Sphere and 2 Shapes","floor":37,"turns":3},{"damage":15,"enemies":"Reptomancer","floor":42,"turns":4},{"damage":23,"enemies":"Spire Growth","floor":44,"turns":5},{"damage":27,"enemies":"Giant Head","floor":45,"turns":6},{"damage":19,"enemies":"Jaw Worm Horde","floor":46,"turns":3},{"damage":5,"enemies":"Writhing Mass","floor":48,"turns":3},{"damage":39,"enemies":"Donu and Deca","floor":50,"turns":5}],"seed_played":"9017755381615733735","potions_obtained":[{"floor":7,"key":"Weak Potion"},{"floor":8,"key":"Poison Potion"},{"floor":22,"key":"PowerPotion"},{"floor":23,"key":"EntropicBrew"},{"floor":25,"key":"AttackPotion"},{"floor":30,"key":"LiquidBronze"},{"floor":33,"key":"PowerPotion"}],"is_trial":false,"path_per_floor":["M","?","?","M","$","E","M","E","T","R","?","E","R","M","R","B",null,"M","?","T","M","?","E","R","E","T","M","?","R","M","M","R","B",null,"M","M","M","?","$","R","?","E","T","M","E","M","?","M","R","B",null],"character_chosen":"IRONCLAD","items_purchased":["Ancient Potion","SteroidPotion","Membership Card","Frozen Egg 2","Combust+1","Double Tap","Secret Weapon"],"campfire_rested":0,"item_purchase_floors":[5,5,39,39,39,39,39],"current_hp_per_floor":[80,60,65,71,71,77,82,71,71,71,71,64,64,67,67,43,85,80,80,85,86,86,79,79,75,80,91,91,91,91,94,94,93,94,95,97,98,100,100,100,100,96,96,84,68,63,103,106,106,73],"gold":204,"neow_bonus":"THREE_ENEMY_KILL","is_prod":false,"is_daily":false,"chose_seed":false,"campfire_upgraded":7,"win_rate":1,"timestamp":1566074877,"path_taken":["M","?","?","M","$","E","M","E","T","R","?","E","R","M","R","BOSS","M","?","?","?","?","E","R","E","T","?","?","R","M","?","R","BOSS","M","M","?","?","$","R","?","E","T","M","E","M","?","M","R","BOSS"],"build_version":"2019-07-17","purchased_purges":1,"victory":true,"max_hp_per_floor":[80,80,85,85,85,85,85,85,85,85,85,85,85,85,85,85,85,88,88,88,88,88,88,88,88,88,91,91,91,91,94,94,94,94,97,97,100,100,100,100,100,100,100,100,100,103,103,106,106,106],"card_choices":[{"not_picked":["Thunderclap","Bloodletting"],"picked":"Twin Strike","floor":1},{"not_picked":["Rampage","Armaments"],"picked":"Clash","floor":4},{"not_picked":["Blood for Blood","Armaments"],"picked":"Shrug It Off","floor":6},{"not_picked":["Dual Wield","Thunderclap"],"picked":"Clothesline","floor":7},{"not_picked":["Burning Pact","Pommel Strike"],"picked":"Offering","floor":8},{"not_picked":["Heavy Blade","Carnage"],"picked":"Cleave","floor":12},{"not_picked":["Blood for Blood","Headbutt"],"picked":"Pommel Strike","floor":14},{"not_picked":["Juggernaut","Dark Embrace"],"picked":"Feed","floor":16},{"not_picked":["Thunderclap","Headbutt"],"picked":"Anger+1","floor":18},{"not_picked":["Sword Boomerang","True Grit"],"picked":"Cleave","floor":21},{"not_picked":["True Grit","Body Slam"],"picked":"Fiend Fire","floor":23},{"not_picked":["Warcry","Searing Blow"],"picked":"Iron Wave","floor":25},{"not_picked":["Perfected Strike","Clothesline"],"picked":"Pommel Strike","floor":27},{"not_picked":["Flex","Sever Soul"],"picked":"Spot Weakness","floor":30},{"not_picked":["Brutality","Headbutt"],"picked":"Sword Boomerang+1","floor":31},{"not_picked":["Berserk","Fiend Fire"],"picked":"Impervious","floor":33},{"not_picked":["Warcry","Flex+1"],"picked":"Twin Strike","floor":35},{"not_picked":["Anger+1","Thunderclap"],"picked":"Battle Trance+1","floor":36},{"not_picked":["Flex","True Grit"],"picked":"Carnage+1","floor":37},{"not_picked":["Second Wind+1","Barricade+1","Clothesline"],"picked":"SKIP","floor":42},{"not_picked":["Feel No Pain+1","Searing Blow"],"picked":"Flame Barrier+1","floor":44},{"not_picked":["Warcry","Blood for Blood"],"picked":"Brutality+1","floor":45},{"not_picked":["Pommel Strike+1","Anger"],"picked":"Thunderclap+1","floor":46},{"not_picked":["Flex","Armaments","Perfected Strike"],"picked":"SKIP","floor":48}],"player_experience":8703,"relics_obtained":[{"floor":6,"key":"Self Forming Clay"},{"floor":8,"key":"Matryoshka"},{"floor":9,"key":"Bag of Preparation"},{"floor":9,"key":"Kunai"},{"floor":12,"key":"War Paint"},{"floor":20,"key":"Anchor"},{"floor":20,"key":"Dodecahedron"},{"floor":23,"key":"Pocketwatch"},{"floor":25,"key":"MawBank"},{"floor":26,"key":"Bottled Lightning"},{"floor":42,"key":"Letter Opener"},{"floor":43,"key":"Bottled Tornado"},{"floor":45,"key":"Peace Pipe"}],"event_choices":[{"damage_healed":0,"gold_gain":0,"player_choice":"Take Damage","damage_taken":20,"relics_obtained":["Golden Idol"],"max_hp_gain":0,"max_hp_loss":0,"event_name":"Golden Idol","floor":2,"gold_loss":0},{"damage_healed":0,"gold_gain":0,"player_choice":"Donut","damage_taken":0,"max_hp_gain":5,"max_hp_loss":0,"event_name":"Big Fish","floor":3,"gold_loss":0},{"damage_healed":0,"gold_gain":0,"player_choice":"Grow","damage_taken":0,"max_hp_gain":0,"max_hp_loss":0,"event_name":"Living Wall","floor":11,"gold_loss":0,"cards_upgraded":["Clothesline"]},{"damage_healed":0,"gold_gain":0,"player_choice":"Gave Idol","damage_taken":0,"relics_obtained":["Bloody Idol"],"max_hp_gain":0,"max_hp_loss":0,"event_name":"Forgotten Altar","floor":19,"relics_lost":["Golden Idol"],"gold_loss":0},{"damage_healed":0,"gold_gain":0,"player_choice":"Bought 1 Potion","damage_taken":0,"max_hp_gain":0,"max_hp_loss":0,"event_name":"The Woman in Blue","floor":22,"gold_loss":0},{"damage_healed":0,"gold_gain":0,"player_choice":"1 cards matched","damage_taken":0,"max_hp_gain":0,"max_hp_loss":0,"event_name":"Match and Keep!","floor":28,"gold_loss":0,"cards_obtained":["Demon Form"]},{"cards_removed":["Carnage"],"damage_healed":0,"gold_gain":0,"player_choice":"Removed Attack","damage_taken":0,"max_hp_gain":0,"max_hp_loss":0,"event_name":"Falling","floor":38,"gold_loss":0},{"damage_healed":0,"gold_gain":0,"player_choice":"Paid Gold","damage_taken":0,"relics_obtained":["Juzu Bracelet"],"max_hp_gain":0,"max_hp_loss":0,"event_name":"WeMeetAgain","floor":41,"gold_loss":149},{"damage_healed":40,"gold_gain":0,"player_choice":"Heal","damage_taken":0,"max_hp_gain":0,"max_hp_loss":0,"event_name":"MindBloom","floor":47,"gold_loss":0,"cards_obtained":["Doubt"]}],"is_beta":false,"boss_relics":[{"not_picked":["Empty Cage","White Beast Statue"],"picked":"Astrolabe"},{"not_picked":["Lizard Tail","Runic Cube"],"picked":"Mark of Pain"}],"items_purged_floors":[39],"is_endless":false,"potions_floor_spawned":[7,8,23,25,30,31,33,36,37,48],"ascension_level":1}