{"gold_per_floor":[14,33,33,43,43,43,57,57,57,77,10,25,45,59,59,158,158,176,0,12,28,28,28,47,47,72,72,97,110,127,141,141,240,240,251,251,261,141,241,241,255,255,305,317,165,165,197,208,208,208],"floor_reached":51,"playtime":5817,"items_purged":["Strike_B","Strike_B"],"score":720,"play_id":"6f6cdb1d-ec34-4b92-8717-71d3dfcee410","local_time":"20190817052835","is_ascension_mode":false,"campfire_choices":[{"data":"Lockon","floor":6,"key":"SMITH"},{"data":"Zap","floor":8,"key":"SMITH"},{"floor":15,"key":"REST"},{"data":"Dualcast","floor":23,"key":"SMITH"},{"floor":32,"key":"REST"},{"floor":40,"key":"REST"},{"data":"Defragment","floor":42,"key":"SMITH"},{"data":"Scrape","floor":49,"key":"SMITH"}],"neow_cost":"NO_GOLD","seed_source_timestamp":261073603156500,"circlet_count":0,"master_deck":["Strike_B","Defend_B","Defend_B","Zap+1","Dualcast+1","Lockon+1","Turbo","Defragment+1","Cold Snap","Rainbow","Beam Cell+1","Steam Power+1","All For One+1","Scrape+1","Go for the Eyes","Streamline","Beam Cell+1","Go for the Eyes+1","All For One","Rebound","Beam Cell+1","Reboot","Impatience","Beam Cell+1","Turbo","Steam+1","Turbo+1","Streamline","Madness","Madness","Streamline"],"relics":["FrozenCore","Gambling Chip","Oddly Smooth Stone","Astrolabe","Bag of Preparation","Regal Pillow","Mercury Hourglass","Ice Cream","Omamori","Sundial"],"potions_floor_usage":[5,7,7,10,13,14,16,28,30,33,47,50,50,50],"damage_taken":[{"damage":0,"enemies":"Cultist","floor":1,"turns":4},{"damage":0,"enemies":"2 Louse","floor":2,"turns":4},{"damage":3,"enemies":"Jaw Worm","floor":4,"turns":3},{"damage":3,"enemies":"3 Louse","floor":7,"turns":3},{"damage":7,"enemies":"Large Slime","floor":10,"turns":5},{"damage":3,"enemies":"Exordium Wildlife","floor":12,"turns":4},{"damage":6,"enemies":"Blue Slaver","floor":13,"turns":3},{"damage":0,"enemies":"3 Louse","floor":14,"turns":4},{"damage":17,"enemies":"The Guardian","floor":16,"turns":10},{"damage":0,"enemies":"Spheric Guardian","floor":18,"turns":1},{"damage":7,"enemies":"2 Thieves","floor":20,"turns":2},{"damage":3,"enemies":"Sentry and Sphere","floor":21,"turns":3},{"damage":6,"enemies":"Snake Plant","floor":24,"turns":3},{"damage":8,"enemies":"Book of Stabbing","floor":28,"turns":4},{"damage":0,"enemies":"Shelled Parasite and Fungi","floor":29,"turns":2},{"damage":0,"enemies":"Cultist and Chosen","floor":30,"turns":2},{"damage":0,"enemies":"Snake Plant","floor":31,"turns":2},{"damage":29,"enemies":"Champ","floor":33,"turns":6},{"damage":13,"enemies":"3 Darklings","floor":35,"turns":4},{"damage":7,"enemies":"3 Shapes","floor":37,"turns":2},{"damage":13,"enemies":"Mind Bloom Boss Battle","floor":39,"turns":6},{"damage":0,"enemies":"3 Darklings","floor":41,"turns":1},{"damage":0,"enemies":"Jaw Worm Horde","floor":44,"turns":2},{"damage":0,"enemies":"Giant Head","floor":47,"turns":5},{"damage":0,"enemies":"Maw","floor":48,"turns":4},{"damage":39,"enemies":"Donu and Deca","floor":50,"turns":7}],"seed_played":"-5446129849249583357","potions_obtained":[{"floor":2,"key":"Explosive Potion"},{"floor":5,"key":"Fruit Juice"},{"floor":5,"key":"SpeedPotion"},{"floor":5,"key":"SpeedPotion"},{"floor":7,"key":"SkillPotion"},{"floor":10,"key":"PowerPotion"},{"floor":12,"key":"AttackPotion"},{"floor":18,"key":"Energy Potion"},{"floor":24,"key":"EssenceOfSteel"},{"floor":31,"key":"Explosive Potion"},{"floor":33,"key":"Ancient Potion"},{"floor":41,"key":"LiquidBronze"},{"floor":44,"key":"Dexterity Potion"},{"floor":47,"key":"SpeedPotion"}],"is_trial":false,"path_per_floor":["M","M","?","M","?","R","M","R","T","M","$","M","M","M","R","B",null,"M","$","M","M","$","R","M","$","T","?","E","M","M","M","R","B",null,"M","?","M","$","?","R","M","R","T","M","$","?","E","M","R","B",null],"character_chosen":"DEFECT","items_purchased":["Defragment","Go for the Eyes","Bag of Preparation","Turbo","Streamline"],"campfire_rested":3,"item_purchase_floors":[11,19,19,38,45],"current_hp_per_floor":[75,75,75,72,77,77,74,74,74,67,67,64,58,58,80,63,80,80,80,73,70,70,70,64,64,64,64,56,56,56,56,80,51,80,67,67,60,60,47,80,80,80,80,80,80,70,70,70,70,31],"gold":208,"neow_bonus":"ONE_RARE_RELIC","is_prod":false,"is_daily":false,"chose_seed":false,"campfire_upgraded":5,"win_rate":0.0,"timestamp":1566030515,"path_taken":["M","?","?","?","?","R","?","R","T","M","$","M","M","M","R","BOSS","M","$","M","M","?","R","M","$","T","?","E","?","?","M","R","BOSS","M","?","M","$","?","R","M","R","T","M","?","?","E","M","R","BOSS"],"build_version":"2019-07-17","purchased_purges":2,"victory":true,"max_hp_per_floor":[75,75,75,75,80,80,80,80,80,80,80,80,80,80,80,80,80,80,80,80,80,80,80,80,80,80,80,80,80,80,80,80,80,80,80,80,80,80,80,80,80,80,80,80,80,80,80,80,80,80],"card_choices":[{"not_picked":["Ball Lightning","Stack","Coolheaded"],"picked":"SKIP","floor":1},{"not_picked":["Leap","Aggregate"],"picked":"Tempest","floor":2},{"not_picked":["Sunder","Steam"],"picked":"Lockon","floor":4},{"not_picked":["FTL","Sunder","Doom and Gloom"],"picked":"SKIP","floor":7},{"not_picked":["Coolheaded","Creative AI"],"picked":"Turbo","floor":10},{"not_picked":["Static Discharge","Compile Driver","Steam"],"picked":"SKIP","floor":12},{"not_picked":["Coolheaded","Chaos"],"picked":"Cold Snap","floor":13},{"not_picked":["Rebound","Turbo","Leap"],"picked":"SKIP","floor":14},{"not_picked":["Meteor Strike","Fission"],"picked":"Rainbow","floor":16},{"not_picked":["Glacier","Rebound"],"picked":"Scrape","floor":18},{"not_picked":["Compile Driver+1","Ball Lightning"],"picked":"Streamline","floor":20},{"not_picked":["Skim+1","Barrage"],"picked":"Beam Cell+1","floor":21},{"not_picked":["Darkness","Streamline"],"picked":"Go for the Eyes+1","floor":24},{"not_picked":["Ball Lightning","Glacier"],"picked":"All For One","floor":28},{"not_picked":["Skim","Static Discharge","Steam+1"],"picked":"SKIP","floor":29},{"not_picked":["Fusion","Hologram"],"picked":"Rebound","floor":30},{"not_picked":["Sweeping Beam","Steam Power+1"],"picked":"Beam Cell+1","floor":31},{"not_picked":["Fission","Meteor Strike"],"picked":"Reboot","floor":33},{"not_picked":["Leap+1","Redo","Sweeping Beam+1"],"picked":"SKIP","floor":35},{"not_picked":["Bandage Up","Discovery"],"picked":"Impatience","floor":36},{"not_picked":["Stack","Compile Driver+1"],"picked":"Beam Cell+1","floor":37},{"not_picked":["Capacitor+1","Coolheaded+1"],"picked":"Steam+1","floor":39},{"not_picked":["Chill+1","Tempest+1","Leap"],"picked":"SKIP","floor":41},{"not_picked":["Consume+1","Coolheaded+1"],"picked":"Turbo+1","floor":44},{"not_picked":["Aggregate","Cold Snap+1"],"picked":"Streamline","floor":47},{"not_picked":["Static Discharge+1","White Noise","Force Field+1"],"picked":"SKIP","floor":48}],"player_experience":52731,"relics_obtained":[{"floor":9,"key":"Oddly Smooth Stone"},{"floor":26,"key":"Regal Pillow"},{"floor":28,"key":"Mercury Hourglass"},{"floor":39,"key":"Ice Cream"},{"floor":43,"key":"Omamori"},{"floor":47,"key":"Sundial"}],"event_choices":[{"cards_removed":["Tempest"],"damage_healed":0,"gold_gain":0,"player_choice":"Offered Uncommon","damage_taken":0,"max_hp_gain":0,"max_hp_loss":0,"event_name":"Bonfire Elementals","floor":3,"gold_loss":0},{"damage_healed":0,"gold_gain":0,"player_choice":"Got Potions","damage_taken":0,"max_hp_gain":0,"max_hp_loss":0,"event_name":"Lab","floor":5,"gold_loss":0},{"damage_healed":0,"gold_gain":0,"player_choice":"Ignored","damage_taken":0,"max_hp_gain":0,"max_hp_loss":0,"event_name":"NoteForYourself","floor":27,"gold_loss":0},{"damage_healed":0,"gold_gain":0,"player_choice":"Memory 1","damage_taken":0,"max_hp_gain":0,"max_hp_loss":0,"event_name":"SensoryStone","floor":36,"gold_loss":0},{"damage_healed":0,"gold_gain":0,"player_choice":"Fight","damage_taken":0,"max_hp_gain":0,"max_hp_loss":0,"event_name":"MindBloom","floor":39,"gold_loss":0},{"damage_healed":0,"gold_gain":0,"player_choice":"Embrace Madness","damage_taken":10,"max_hp_gain":0,"max_hp_loss":0,"event_name":"Winding Halls","floor":46,"gold_loss":0,"cards_obtained":["Madness","Madness"]}],"is_beta":false,"boss_relics":[{"not_picked":["Runic Pyramid","Inserter"],"picked":"Astrolabe"},{"not_picked":["Calling Bell","Tiny House"],"picked":"FrozenCore"}],"items_purged_floors":[38,45],"is_endless":false,"potions_floor_spawned":[2,7,10,12,18,24,31,33,41,44,47],"ascension_level":0}