{"gold_per_floor":[112,124,124,138,157,157,188,188,213,213,231,256,273,289,289,289],"floor_reached":16,"playtime":463,"items_purged":[],"score":177,"play_id":"c2a8a2d4-1713-4276-9085-b865867f16ce","local_time":"20190603122106","is_ascension_mode":true,"campfire_choices":[{"data":"Corruption","floor":6,"key":"SMITH"},{"data":"Bash","floor":8,"key":"SMITH"},{"floor":15,"key":"REST"}],"neow_cost":"NONE","seed_source_timestamp":154040527345400,"circlet_count":0,"master_deck":["AscendersBane","Strike_R","Strike_R","Strike_R","Strike_R","Strike_R","Defend_R","Defend_R","Defend_R","Defend_R","Bash+1","Corruption+1","Rampage","Feel No Pain"],"relics":["Burning Blood","NeowsBlessing","Lantern","Bronze Scales"],"potions_floor_usage":[7,7,7,7,12,14],"damage_taken":[{"damage":0,"enemies":"Small Slimes","floor":1,"turns":1},{"damage":0,"enemies":"Cultist","floor":2,"turns":1},{"damage":0,"enemies":"Jaw Worm","floor":4,"turns":1},{"damage":12,"enemies":"Blue Slaver","floor":5,"turns":7},{"damage":18,"enemies":"Lagavulin","floor":7,"turns":7},{"damage":4,"enemies":"Large Slime","floor":11,"turns":6},{"damage":38,"enemies":"Gremlin Nob","floor":12,"turns":5},{"damage":11,"enemies":"Looter","floor":13,"turns":4},{"damage":6,"enemies":"Lots of Slimes","floor":14,"turns":2},{"damage":58,"enemies":"Hexaghost","floor":16,"turns":8}],"seed_played":"6809216127162925727","potions_obtained":[{"floor":4,"key":"EntropicBrew"},{"floor":5,"key":"EssenceOfSteel"},{"floor":11,"key":"EssenceOfSteel"},{"floor":13,"key":"Explosive Potion"}],"is_trial":false,"path_per_floor":["M","M","?","M","M","R","E","R","T","?","M","E","M","M","R","B"],"character_chosen":"IRONCLAD","items_purchased":[],"campfire_rested":1,"item_purchase_floors":[],"current_hp_per_floor":[78,80,80,80,74,74,62,62,62,62,64,32,27,27,51,0],"gold":289,"neow_bonus":"THREE_ENEMY_KILL","is_prod":false,"is_daily":false,"chose_seed":false,"campfire_upgraded":2,"win_rate":0,"timestamp":1559578866,"path_taken":["M","M","?","M","?","R","E","R","T","?","M","E","M","M","R","BOSS"],"build_version":"2019-01-23","purchased_purges":0,"victory":false,"max_hp_per_floor":[80,80,80,80,80,80,80,80,80,80,80,80,80,80,80,80],"card_choices":[{"not_picked":["Clash","Blood for Blood","Pommel Strike"],"picked":"SKIP","floor":1},{"not_picked":["Thunderclap","Perfected Strike","Bloodletting"],"picked":"SKIP","floor":2},{"not_picked":["Twin Strike","Wild Strike","Infernal Blade"],"picked":"SKIP","floor":4},{"not_picked":["Wild Strike","Searing Blow"],"picked":"Corruption","floor":5},{"not_picked":["Flame Barrier","Corruption","Body Slam"],"picked":"SKIP","floor":7},{"not_picked":["Perfected Strike","Carnage","Pummel"],"picked":"SKIP","floor":11},{"not_picked":["True Grit","Armaments"],"picked":"Rampage","floor":12},{"not_picked":["Sword Boomerang","Armaments"],"picked":"Feel No Pain","floor":13},{"not_picked":["Iron Wave","Body Slam","Flex"],"picked":"SKIP","floor":14}],"player_experience":3902554,"relics_obtained":[{"floor":7,"key":"Lantern"},{"floor":12,"key":"Bronze Scales"}],"event_choices":[{"damage_healed":0,"gold_gain":0,"player_choice":"Bought 0 Potions","damage_taken":0,"max_hp_gain":0,"max_hp_loss":0,"event_name":"The Woman in Blue","floor":3,"gold_loss":0},{"damage_healed":0,"gold_gain":0,"player_choice":"Ignored","damage_taken":0,"max_hp_gain":0,"max_hp_loss":0,"event_name":"Liars Game","floor":10,"gold_loss":0}],"is_beta":false,"boss_relics":[],"items_purged_floors":[],"is_endless":false,"potions_floor_spawned":[4,5,11,13],"killed_by":"Hexaghost","ascension_level":11}