{"gold_per_floor":[113,113,44,67,67,67,45,61,61,77,2,21,21,39,39,39],"floor_reached":16,"playtime":460,"items_purged":["Strike_R"],"score":147,"play_id":"6d9a8d56-bfd2-4435-9aa4-b4a4db5cbe86","local_time":"20190607144447","is_ascension_mode":true,"campfire_choices":[{"data":"Havoc","floor":6,"key":"SMITH"},{"data":"Bash","floor":13,"key":"SMITH"},{"data":"Warcry","floor":15,"key":"SMITH"}],"neow_cost":"NONE","seed_source_timestamp":508253645703200,"circlet_count":0,"master_deck":["AscendersBane","Strike_R","Strike_R","Strike_R","Defend_R","Defend_R","Defend_R+1","Defend_R+1","Bash+1","Havoc+1","Warcry+1","Warcry","Warcry"],"relics":["Burning Blood","NeowsBlessing","Golden Idol","War Paint","Bottled Flame"],"potions_floor_usage":[14,16],"damage_taken":[{"damage":0,"enemies":"Jaw Worm","floor":1,"turns":1},{"damage":0,"enemies":"Small Slimes","floor":4,"turns":1},{"damage":0,"enemies":"Cultist","floor":8,"turns":1},{"damage":10,"enemies":"Blue Slaver","floor":10,"turns":4},{"damage":6,"enemies":"Red Slaver","floor":12,"turns":6},{"damage":15,"enemies":"Exordium Thugs","floor":14,"turns":6},{"damage":59,"enemies":"Hexaghost","floor":16,"turns":12}],"seed_played":"-9054580619806757841","potions_obtained":[{"floor":10,"key":"Poison Potion"},{"floor":12,"key":"BloodPotion"}],"is_trial":false,"path_per_floor":["M","?","?","M","?","R","$","M","T","M","$","M","R","M","R","B"],"character_chosen":"IRONCLAD","items_purchased":["Warcry"],"campfire_rested":0,"item_purchase_floors":[7],"current_hp_per_floor":[78,58,58,64,64,64,64,70,70,66,66,66,66,57,57,6],"gold":39,"neow_bonus":"THREE_ENEMY_KILL","is_prod":false,"is_daily":false,"chose_seed":false,"campfire_upgraded":3,"win_rate":0,"timestamp":1559933087,"path_taken":["M","?","?","?","?","R","$","M","T","?","?","M","R","M","R","BOSS"],"build_version":"2019-01-23","purchased_purges":1,"victory":false,"max_hp_per_floor":[80,80,80,80,80,80,80,80,80,80,80,80,80,80,80,80],"card_choices":[{"not_picked":["Clothesline","Warcry"],"picked":"Havoc","floor":1},{"not_picked":["Blood for Blood","Clash"],"picked":"Warcry","floor":4},{"not_picked":["Clash","Ghostly Armor","Carnage"],"picked":"SKIP","floor":8},{"not_picked":["Brutality","Headbutt","Pommel Strike"],"picked":"SKIP","floor":10},{"not_picked":["Power Through","Clash","Armaments"],"picked":"SKIP","floor":12},{"not_picked":["Armaments","Power Through"],"picked":"Warcry","floor":14}],"player_experience":4093063,"relics_obtained":[{"floor":9,"key":"Bottled Flame"}],"event_choices":[{"damage_healed":0,"gold_gain":0,"player_choice":"Take Damage","damage_taken":20,"relics_obtained":["Golden Idol"],"max_hp_gain":0,"max_hp_loss":0,"event_name":"Golden Idol","floor":2,"gold_loss":0},{"damage_healed":0,"gold_gain":0,"player_choice":"Paid Gold","damage_taken":0,"relics_obtained":["War Paint"],"max_hp_gain":0,"max_hp_loss":0,"event_name":"WeMeetAgain","floor":3,"gold_loss":69},{"cards_removed":["Strike_R"],"damage_healed":0,"gold_gain":0,"player_choice":"Purged","damage_taken":0,"max_hp_gain":0,"max_hp_loss":0,"event_name":"Purifier","floor":5,"gold_loss":0}],"is_beta":false,"boss_relics":[],"items_purged_floors":[11],"is_endless":false,"potions_floor_spawned":[10,12],"killed_by":"Hexaghost","ascension_level":12}