{"gold_per_floor":[113,126,6,23,39,39,65,65,116,136,149,149,149,169,169,169],"floor_reached":16,"playtime":433,"items_purged":["Strike_R"],"score":104,"play_id":"774014fc-e51e-4345-88d2-e64e6922895d","local_time":"20190826165555","is_ascension_mode":false,"campfire_choices":[{"data":"Body Slam","floor":6,"key":"SMITH"},{"data":"Body Slam","floor":8,"key":"SMITH"},{"data":"Body Slam","floor":12,"key":"SMITH"},{"data":"Defend_R","floor":15,"key":"SMITH"}],"neow_cost":"NONE","seed_source_timestamp":240806956861200,"circlet_count":0,"master_deck":["Strike_R","Strike_R","Strike_R","Strike_R","Defend_R+1","Defend_R","Defend_R","Defend_R","Bash","Body Slam+1","Body Slam+1","Body Slam+1"],"relics":["Burning Blood","NeowsBlessing","Question Card","PreservedInsect"],"potions_floor_usage":[7,14,16,16],"damage_taken":[{"damage":0,"enemies":"Cultist","floor":1,"turns":1},{"damage":0,"enemies":"2 Louse","floor":2,"turns":1},{"damage":0,"enemies":"Jaw Worm","floor":4,"turns":1},{"damage":44,"enemies":"Large Slime","floor":5,"turns":11},{"damage":27,"enemies":"Gremlin Nob","floor":7,"turns":4},{"damage":5,"enemies":"Looter","floor":10,"turns":3},{"damage":9,"enemies":"2 Fungi Beasts","floor":11,"turns":4},{"damage":0,"enemies":"3 Louse","floor":14,"turns":1},{"damage":20,"enemies":"The Guardian","floor":16,"turns":7}],"seed_played":"-6366174970541121653","potions_obtained":[{"floor":1,"key":"SpeedPotion"},{"floor":7,"key":"Explosive Potion"},{"floor":10,"key":"Ancient Potion"},{"floor":11,"key":"Block Potion"}],"is_trial":false,"path_per_floor":["M","M","$","M","M","R","E","R","T","M","M","R","?","M","R","B"],"character_chosen":"IRONCLAD","items_purchased":["Body Slam"],"campfire_rested":0,"item_purchase_floors":[3],"current_hp_per_floor":[80,80,80,80,42,42,21,21,21,22,19,19,11,17,17,0],"gold":169,"neow_bonus":"THREE_ENEMY_KILL","is_prod":false,"is_daily":false,"chose_seed":false,"campfire_upgraded":4,"win_rate":0,"timestamp":1566802555,"path_taken":["M","?","$","M","?","R","E","R","T","M","?","R","?","?","R","BOSS"],"build_version":"2019-07-17","purchased_purges":1,"victory":false,"max_hp_per_floor":[80,80,80,80,80,80,80,80,80,80,80,80,80,80,80,80],"card_choices":[{"not_picked":["Rampage","Havoc"],"picked":"Body Slam","floor":1},{"not_picked":["Perfected Strike","Havoc"],"picked":"Body Slam","floor":2},{"not_picked":["Spot Weakness","Seeing Red","Flex"],"picked":"SKIP","floor":4},{"not_picked":["Entrench","Clash","Limit Break"],"picked":"SKIP","floor":5},{"not_picked":["Evolve","Spot Weakness","Sentinel"],"picked":"SKIP","floor":7},{"not_picked":["Body Slam","Metallicize","Cleave","Clothesline"],"picked":"SKIP","floor":10},{"not_picked":["Clothesline","Armaments","Twin Strike","Iron Wave"],"picked":"SKIP","floor":11},{"not_picked":["Headbutt","Sword Boomerang","Pummel","Wild Strike"],"picked":"SKIP","floor":14}],"player_experience":97236,"relics_obtained":[{"floor":7,"key":"Question Card"},{"floor":9,"key":"PreservedInsect"}],"event_choices":[{"damage_healed":0,"gold_gain":0,"player_choice":"Damaged","damage_taken":8,"max_hp_gain":0,"max_hp_loss":0,"event_name":"Wheel of Change","floor":13,"gold_loss":0}],"is_beta":false,"boss_relics":[],"items_purged_floors":[3],"is_endless":false,"potions_floor_spawned":[1,7,10,11],"killed_by":"The Guardian","ascension_level":0}