{"gold_per_floor":[109,59,59,59,77,108,125,136,136,136,147,45,60,74,74,74],"floor_reached":16,"playtime":402,"items_purged":["Defend_R"],"score":129,"play_id":"740b2b1e-7186-4b2b-9d1f-13d308756dc1","local_time":"20190824224104","is_ascension_mode":false,"campfire_choices":[{"data":"Perfected Strike","floor":10,"key":"SMITH"},{"data":"Armaments","floor":15,"key":"SMITH"}],"neow_cost":"NONE","seed_source_timestamp":88745204885200,"circlet_count":0,"master_deck":["Strike_R","Strike_R","Strike_R","Defend_R","Defend_R","Defend_R","Bash","Flex","Cleave","Perfected Strike+1","Armaments+1"],"relics":["Burning Blood","NeowsBlessing","Smiling Mask","Dodecahedron"],"potions_floor_usage":[11,14],"damage_taken":[{"damage":0,"enemies":"Jaw Worm","floor":1,"turns":1},{"damage":0,"enemies":"2 Louse","floor":5,"turns":1},{"damage":0,"enemies":"Gremlin Nob","floor":6,"turns":1},{"damage":5,"enemies":"Small Slimes","floor":7,"turns":2},{"damage":0,"enemies":"Exordium Wildlife","floor":8,"turns":2},{"damage":0,"enemies":"2 Fungi Beasts","floor":11,"turns":1},{"damage":5,"enemies":"3 Louse","floor":13,"turns":3},{"damage":10,"enemies":"Looter","floor":14,"turns":2},{"damage":87,"enemies":"Hexaghost","floor":16,"turns":11}],"seed_played":"1490491580638714507","potions_obtained":[{"floor":6,"key":"Explosive Potion"},{"floor":8,"key":"SteroidPotion"},{"floor":11,"key":"SpeedPotion"},{"floor":13,"key":"Poison Potion"},{"floor":14,"key":"Fruit Juice"}],"is_trial":false,"path_per_floor":["M","?","?","?","M","E","M","M","T","R","M","$","M","M","R","B"],"character_chosen":"IRONCLAD","items_purchased":["Armaments"],"campfire_rested":0,"item_purchase_floors":[12],"current_hp_per_floor":[80,80,80,73,79,80,80,80,80,80,80,80,80,81,81,0],"gold":74,"neow_bonus":"THREE_ENEMY_KILL","is_prod":false,"is_daily":false,"chose_seed":false,"campfire_upgraded":2,"win_rate":0,"timestamp":1566650464,"path_taken":["M","?","?","?","M","E","M","M","T","R","M","$","?","M","R","BOSS"],"build_version":"2019-07-17","purchased_purges":1,"victory":false,"max_hp_per_floor":[80,80,80,80,80,80,80,80,80,80,80,80,80,85,85,85],"card_choices":[{"not_picked":["Infernal Blade","Iron Wave"],"picked":"Flex","floor":1},{"not_picked":["Intimidate","Anger"],"picked":"Cleave","floor":5},{"not_picked":["Uppercut","Twin Strike"],"picked":"Perfected Strike","floor":6},{"not_picked":["Feel No Pain","Sever Soul","Anger"],"picked":"SKIP","floor":7},{"not_picked":["Battle Trance","Anger","Sever Soul"],"picked":"SKIP","floor":8},{"not_picked":["True Grit","Barricade","Uppercut"],"picked":"SKIP","floor":11},{"not_picked":["Ghostly Armor","Clash","Cleave"],"picked":"SKIP","floor":13},{"not_picked":["Seeing Red","Metallicize","Evolve"],"picked":"SKIP","floor":14}],"player_experience":94202,"relics_obtained":[{"floor":6,"key":"Smiling Mask"},{"floor":9,"key":"Dodecahedron"}],"event_choices":[{"cards_removed":["Strike_R"],"damage_healed":0,"gold_gain":0,"player_choice":"Card Removal","damage_taken":0,"max_hp_gain":0,"max_hp_loss":0,"event_name":"The Cleric","floor":2,"gold_loss":50},{"damage_healed":0,"gold_gain":0,"player_choice":"Ignored","damage_taken":0,"max_hp_gain":0,"max_hp_loss":0,"event_name":"Liars Game","floor":3,"gold_loss":0},{"cards_removed":["Strike_R"],"damage_healed":0,"gold_gain":0,"player_choice":"Card Removal","damage_taken":7,"max_hp_gain":0,"max_hp_loss":0,"event_name":"Golden Wing","floor":4,"gold_loss":0}],"is_beta":false,"boss_relics":[],"items_purged_floors":[12],"is_endless":false,"potions_floor_spawned":[6,8,11,13,14],"killed_by":"Hexaghost","ascension_level":0}