{"gold_per_floor":[111,125,143,143,156,183,195,221,233,262,289,312,324,353,365,480,492,522,554,566,677,18,18,51,51,51,51,68,88,99,131,131,232,232,243,243,256,356,9,9],"floor_reached":40,"playtime":2724,"items_purged":["Strike_B","Defend_B"],"score":479,"play_id":"67307015-1bee-4241-be45-b4bb59921cb6","local_time":"20190826031014","is_ascension_mode":true,"campfire_choices":[{"data":"Zap","floor":7,"key":"SMITH"},{"floor":15,"key":"REST"},{"data":"Beam Cell","floor":23,"key":"SMITH"},{"floor":32,"key":"REST"}],"neow_cost":"NONE","seed_source_timestamp":1033495336410700,"circlet_count":0,"master_deck":["Strike_B","Strike_B","Strike_B","Defend_B","Defend_B","Zap+1","Dualcast","Redo","Gash","Beam Cell","Beam Cell+1","Skim","Go for the Eyes","Fission","Redo","Creative AI+1","Static Discharge+1","Heatsinks+1","Defragment+1","Storm+1","Tempest","Go for the Eyes+1","FTL","Self Repair+1","Gash"],"relics":["Cracked Core","Orichalcum","MawBank","Matryoshka","Bottled Flame","Frozen Egg 2","Orrery","Thread and Needle","Runic Capacitor","Ginger","Meat on the Bone","Pear","Dead Branch","Eternal Feather","Calipers","Strawberry"],"potions_floor_usage":[6,10,16,19,29,29,31,33,37,37,40],"damage_taken":[{"damage":2,"enemies":"2 Louse","floor":1,"turns":2},{"damage":0,"enemies":"Cultist","floor":2,"turns":3},{"damage":0,"enemies":"Small Slimes","floor":3,"turns":3},{"damage":4,"enemies":"Blue Slaver","floor":5,"turns":3},{"damage":28,"enemies":"Lagavulin","floor":6,"turns":8},{"damage":8,"enemies":"2 Fungi Beasts","floor":8,"turns":3},{"damage":3,"enemies":"Exordium Thugs","floor":10,"turns":3},{"damage":5,"enemies":"3 Louse","floor":11,"turns":3},{"damage":0,"enemies":"2 Fungi Beasts","floor":12,"turns":2},{"damage":4,"enemies":"Looter","floor":14,"turns":3},{"damage":31,"enemies":"Slime Boss","floor":16,"turns":9},{"damage":27,"enemies":"3 Byrds","floor":18,"turns":6},{"damage":21,"enemies":"Chosen","floor":19,"turns":5},{"damage":21,"enemies":"Gremlin Leader","floor":24,"turns":4},{"damage":8,"enemies":"3 Cultists","floor":28,"turns":4},{"damage":12,"enemies":"Snecko","floor":29,"turns":4},{"damage":14,"enemies":"Centurion and Healer","floor":30,"turns":6},{"damage":11,"enemies":"Book of Stabbing","floor":31,"turns":3},{"damage":34,"enemies":"Collector","floor":33,"turns":6},{"damage":3,"enemies":"3 Shapes","floor":35,"turns":3},{"damage":35,"enemies":"3 Darklings","floor":37,"turns":4},{"damage":0,"enemies":"Mind Bloom Boss Battle","floor":38,"turns":5},{"damage":70,"enemies":"Reptomancer","floor":40,"turns":2}],"seed_played":"-6489953039844292609","potions_obtained":[{"floor":3,"key":"FocusPotion"},{"floor":5,"key":"PowerPotion"},{"floor":12,"key":"Block Potion"},{"floor":14,"key":"SpeedPotion"},{"floor":24,"key":"Fire Potion"},{"floor":28,"key":"Energy Potion"},{"floor":30,"key":"PowerPotion"},{"floor":31,"key":"Ancient Potion"},{"floor":33,"key":"LiquidBronze"},{"floor":35,"key":"Regen Potion"}],"is_trial":false,"path_per_floor":["M","M","M","?","M","E","R","M","T","M","M","M","T","M","R","B",null,"M","M","?","?","$","R","E","?","T","?","M","M","M","E","R","B",null,"M","?","M","?","$","E"],"character_chosen":"DEFECT","items_purchased":["Thread and Needle","Runic Capacitor","Defragment+1","Strawberry","Gash","Block Potion"],"campfire_rested":2,"item_purchase_floors":[22,22,22,39,39,39],"current_hp_per_floor":[73,73,73,75,71,43,43,35,35,32,27,27,27,23,45,14,75,48,27,52,52,52,52,31,31,41,41,45,45,43,44,69,47,85,82,82,57,57,64,0],"gold":9,"neow_bonus":"RANDOM_COMMON_RELIC","is_prod":false,"is_daily":false,"chose_seed":false,"campfire_upgraded":2,"win_rate":0,"timestamp":1566799814,"path_taken":["M","M","M","?","M","E","R","M","T","M","?","M","?","M","R","BOSS","M","M","?","?","$","R","E","?","T","?","M","M","M","E","R","BOSS","M","?","M","?","$","E"],"build_version":"2019-07-17","purchased_purges":2,"victory":false,"max_hp_per_floor":[75,75,75,75,75,75,75,75,75,75,75,75,75,75,75,75,75,75,75,75,75,75,75,75,75,85,85,85,85,85,85,85,85,85,85,85,85,85,92,92],"card_choices":[{"not_picked":["Rebound","Blizzard"],"picked":"BootSequence","floor":1},{"not_picked":["Compile Driver","Leap","Auto Shields"],"picked":"SKIP","floor":2},{"not_picked":["Compile Driver","Scrape","Fusion"],"picked":"SKIP","floor":3},{"not_picked":["Sweeping Beam","Lockon","Static Discharge"],"picked":"SKIP","floor":5},{"not_picked":["Hologram","Seek"],"picked":"Redo","floor":6},{"not_picked":["Cold Snap","Sweeping Beam"],"picked":"Gash","floor":8},{"not_picked":["Barrage","White Noise"],"picked":"Beam Cell","floor":10},{"not_picked":["Blizzard","Streamline"],"picked":"Beam Cell","floor":11},{"not_picked":["Sweeping Beam","Lockon"],"picked":"Skim","floor":12},{"not_picked":["Cold Snap","Turbo"],"picked":"Go for the Eyes","floor":14},{"not_picked":["Thunder Strike","Rainbow"],"picked":"Fission","floor":16},{"not_picked":["Tempest","Coolheaded"],"picked":"Redo","floor":17},{"not_picked":["Stack","Steam"],"picked":"Redo","floor":17},{"not_picked":["Streamline","Glacier"],"picked":"Creative AI+1","floor":17},{"not_picked":["Hologram","Leap"],"picked":"Static Discharge+1","floor":17},{"not_picked":["Rebound","Auto Shields"],"picked":"Heatsinks+1","floor":18},{"not_picked":["Lockon","Streamline","Reprogram"],"picked":"SKIP","floor":19},{"not_picked":["Darkness","Consume"],"picked":"Storm+1","floor":24},{"not_picked":["Blizzard+1","Chaos"],"picked":"Tempest","floor":28},{"not_picked":["Sunder+1","Conserve Battery+1"],"picked":"Go for the Eyes+1","floor":29},{"not_picked":["Leap+1","Lockon","Compile Driver"],"picked":"SKIP","floor":30},{"not_picked":["Self Repair+1","Beam Cell"],"picked":"FTL","floor":31},{"not_picked":["Recycle","Loop+1","Doom and Gloom+1"],"picked":"SKIP","floor":35},{"not_picked":["Recycle+1","Turbo","Steam Power+1"],"picked":"SKIP","floor":37},{"not_picked":["Stack","Doom and Gloom+1"],"picked":"Self Repair+1","floor":38}],"player_experience":186516,"relics_obtained":[{"floor":6,"key":"MawBank"},{"floor":9,"key":"Matryoshka"},{"floor":13,"key":"Bottled Flame"},{"floor":13,"key":"Frozen Egg 2"},{"floor":24,"key":"Ginger"},{"floor":26,"key":"Meat on the Bone"},{"floor":26,"key":"Pear"},{"floor":31,"key":"Dead Branch"},{"floor":38,"key":"Calipers"}],"event_choices":[{"cards_removed":["BootSequence"],"damage_healed":2,"gold_gain":0,"player_choice":"Offered Uncommon","damage_taken":0,"max_hp_gain":0,"max_hp_loss":0,"event_name":"Bonfire Elementals","floor":4,"gold_loss":0},{"damage_healed":25,"gold_gain":0,"player_choice":"Heal","damage_taken":0,"max_hp_gain":0,"max_hp_loss":0,"event_name":"The Library","floor":20,"gold_loss":0},{"damage_healed":0,"gold_gain":99,"player_choice":"Stole From Cult","damage_taken":0,"max_hp_gain":0,"max_hp_loss":0,"event_name":"Nest","floor":21,"gold_loss":0},{"damage_healed":0,"gold_gain":0,"player_choice":"Ignored","damage_taken":0,"max_hp_gain":0,"max_hp_loss":0,"event_name":"Vampires","floor":25,"gold_loss":0},{"cards_removed":["Defend_B"],"damage_healed":0,"gold_gain":0,"player_choice":"Elegance","damage_taken":0,"max_hp_gain":0,"max_hp_loss":0,"event_name":"Back to Basics","floor":27,"gold_loss":0},{"cards_removed":["Redo"],"damage_healed":0,"gold_gain":0,"player_choice":"Removed Skill","damage_taken":0,"max_hp_gain":0,"max_hp_loss":0,"event_name":"Falling","floor":36,"gold_loss":0},{"damage_healed":0,"gold_gain":0,"player_choice":"Fight","damage_taken":0,"max_hp_gain":0,"max_hp_loss":0,"event_name":"MindBloom","floor":38,"gold_loss":0}],"is_beta":false,"boss_relics":[{"not_picked":["Cursed Key","Coffee Dripper"],"picked":"Orrery"},{"not_picked":["FrozenCore","Black Star"],"picked":"Eternal Feather"}],"items_purged_floors":[22,39],"is_endless":false,"potions_floor_spawned":[3,5,12,14,24,28,30,31,33,35],"killed_by":"Reptomancer","ascension_level":1}