{"gold_per_floor":[117,42,42,58,68,68,95,95,120,182,192,206,221,232,232,232],"floor_reached":16,"playtime":288,"items_purged":["Strike_B"],"score":114,"play_id":"bcc727f9-6796-4ec0-b9c1-88ae52917869","local_time":"20190820224615","is_ascension_mode":true,"campfire_choices":[{"data":"Hyperbeam","floor":6,"key":"SMITH"},{"data":"Streamline","floor":8,"key":"SMITH"},{"data":"Streamline","floor":15,"key":"SMITH"}],"neow_cost":"NONE","seed_source_timestamp":458787339949500,"circlet_count":0,"master_deck":["Strike_B","Strike_B","Strike_B","Defend_B","Defend_B","Defend_B","Defend_B","Zap","Dualcast","Tempest","Hyperbeam+1","Hologram","Streamline+1","Auto Shields","Conserve Battery","Streamline+1"],"relics":["Cracked Core","NeowsBlessing","PreservedInsect","Art of War","Oddly Smooth Stone"],"potions_floor_usage":[7,10],"damage_taken":[{"damage":0,"enemies":"Jaw Worm","floor":1,"turns":1},{"damage":0,"enemies":"Cultist","floor":4,"turns":1},{"damage":0,"enemies":"2 Louse","floor":5,"turns":1},{"damage":14,"enemies":"Gremlin Nob","floor":7,"turns":3},{"damage":14,"enemies":"Gremlin Nob","floor":10,"turns":2},{"damage":13,"enemies":"Blue Slaver","floor":11,"turns":3},{"damage":0,"enemies":"Gremlin Gang","floor":12,"turns":1},{"damage":3,"enemies":"Looter","floor":13,"turns":2},{"damage":8,"enemies":"Lots of Slimes","floor":14,"turns":2},{"damage":32,"enemies":"The Guardian","floor":16,"turns":2}],"seed_played":"3580114879259871386","potions_obtained":[{"floor":1,"key":"PowerPotion"},{"floor":4,"key":"LiquidBronze"},{"floor":11,"key":"Dexterity Potion"}],"is_trial":false,"path_per_floor":["M","$","?","M","M","R","E","R","T","?","M","M","M","M","R","B"],"character_chosen":"DEFECT","items_purchased":[],"campfire_rested":0,"item_purchase_floors":[],"current_hp_per_floor":[75,75,75,75,75,75,61,61,61,47,34,34,31,23,23,0],"gold":232,"neow_bonus":"THREE_ENEMY_KILL","is_prod":false,"is_daily":false,"chose_seed":false,"campfire_upgraded":3,"win_rate":0,"timestamp":1566305175,"path_taken":["M","$","?","M","?","R","E","R","T","?","M","M","M","M","R","BOSS"],"build_version":"2019-07-17","purchased_purges":1,"victory":false,"max_hp_per_floor":[75,75,75,75,75,75,75,75,75,75,75,75,75,75,75,75],"card_choices":[{"not_picked":["Chill","Static Discharge"],"picked":"Tempest","floor":1},{"not_picked":["Melter","Darkness"],"picked":"Hologram","floor":4},{"not_picked":["Beam Cell","Cold Snap","White Noise"],"picked":"SKIP","floor":5},{"not_picked":["Steam Power","Barrage"],"picked":"Streamline","floor":7},{"not_picked":["Force Field","Ball Lightning"],"picked":"Auto Shields","floor":10},{"not_picked":["Darkness","Chill","Hello World"],"picked":"SKIP","floor":11},{"not_picked":["Rebound","Aggregate"],"picked":"Conserve Battery","floor":12},{"not_picked":["Steam","Redo"],"picked":"Streamline","floor":13},{"not_picked":["Static Discharge","Auto Shields","White Noise"],"picked":"SKIP","floor":14}],"player_experience":74181,"relics_obtained":[{"floor":7,"key":"PreservedInsect"},{"floor":9,"key":"Art of War"}],"event_choices":[{"damage_healed":0,"gold_gain":0,"player_choice":"1 cards matched","damage_taken":0,"max_hp_gain":0,"max_hp_loss":0,"event_name":"Match and Keep!","floor":3,"gold_loss":0,"cards_obtained":["Hyperbeam"]},{"damage_healed":0,"gold_gain":0,"player_choice":"Searched \u00273\u0027 times","damage_taken":0,"relics_obtained":["Oddly Smooth Stone"],"max_hp_gain":0,"max_hp_loss":0,"event_name":"Dead Adventurer","floor":10,"gold_loss":0}],"is_beta":false,"boss_relics":[],"items_purged_floors":[2],"is_endless":false,"potions_floor_spawned":[1,4,11],"killed_by":"The Guardian","ascension_level":2}