{"gold_per_floor":[115,115,68,82,101,101,113,113,113,177,197,122,137,154,154,252,252,265,22,38,88,103,103,121,121,121,171,171,187,206,221,221,322,322,338,68,133,133,183,183,198,209,209,371,453,465,495,557,569,581],"floor_reached":51,"playtime":2304,"items_purged":["Strike_R","Strike_R","Strike_R"],"score":747,"play_id":"ecccafd4-63aa-4ec6-95dc-b55f13dee817","local_time":"20190827034341","is_ascension_mode":false,"campfire_choices":[{"data":"Shrug It Off","floor":6.0,"key":"SMITH"},{"data":"Shrug It Off","floor":8.0,"key":"SMITH"},{"data":"Bash","floor":15.0,"key":"SMITH"},{"data":"RitualDagger","floor":23.0,"key":"SMITH"},{"data":"Cleave","floor":25.0,"key":"SMITH"},{"data":"Iron Wave","floor":28.0,"key":"SMITH"},{"data":"Iron Wave","floor":32.0,"key":"SMITH"},{"data":"Defend_R","floor":40.0,"key":"SMITH"},{"data":"Defend_R","floor":46.0,"key":"SMITH"},{"data":"Strike_R","floor":49.0,"key":"SMITH"}],"neow_cost":"NONE","seed_source_timestamp":277064882329200,"circlet_count":0,"master_deck":["Strike_R","Strike_R+1","Defend_R+1","Defend_R+1","Defend_R+1","Defend_R+1","Bash+1","Shrug It Off+1","Iron Wave+1","Shrug It Off+1","Iron Wave+1","RitualDagger+1","Cleave+1","Parasite"],"special_seed":0,"relics":["Black Blood","Anchor","SsserpentHead","Kunai","Busted Crown","War Paint","Nloth\u0027s Gift","Vajra","MawBank","Pocketwatch"],"potions_floor_usage":[50,50],"damage_taken":[{"damage":3.0,"enemies":"Jaw Worm","floor":1.0,"turns":4.0},{"damage":10.0,"enemies":"Cultist","floor":4.0,"turns":4.0},{"damage":0.0,"enemies":"Small Slimes","floor":5.0,"turns":3.0},{"damage":17.0,"enemies":"Gremlin Gang","floor":7.0,"turns":7.0},{"damage":21.0,"enemies":"Exordium Wildlife","floor":10.0,"turns":4.0},{"damage":0.0,"enemies":"Looter","floor":11.0,"turns":4.0},{"damage":10.0,"enemies":"Exordium Thugs","floor":13.0,"turns":6.0},{"damage":1.0,"enemies":"2 Fungi Beasts","floor":14.0,"turns":4.0},{"damage":35.0,"enemies":"The Guardian","floor":16.0,"turns":18.0},{"damage":9.0,"enemies":"Spheric Guardian","floor":18.0,"turns":7.0},{"damage":2.0,"enemies":"Shell Parasite","floor":20.0,"turns":8.0},{"damage":3.0,"enemies":"Snecko","floor":22.0,"turns":5.0},{"damage":19.0,"enemies":"Snake Plant","floor":24.0,"turns":6.0},{"damage":7.0,"enemies":"Chosen and Byrds","floor":29.0,"turns":7.0},{"damage":4.0,"enemies":"Shelled Parasite and Fungi","floor":30.0,"turns":6.0},{"damage":5.0,"enemies":"Centurion and Healer","floor":31.0,"turns":5.0},{"damage":18.0,"enemies":"Automaton","floor":33.0,"turns":18.0},{"damage":5.0,"enemies":"3 Shapes","floor":35.0,"turns":4.0},{"damage":5.0,"enemies":"3 Darklings","floor":37.0,"turns":4.0},{"damage":12.0,"enemies":"Writhing Mass","floor":41.0,"turns":7.0},{"damage":13.0,"enemies":"Spire Growth","floor":42.0,"turns":5.0},{"damage":0.0,"enemies":"Mind Bloom Boss Battle","floor":44.0,"turns":8.0},{"damage":19.0,"enemies":"Sphere and 2 Shapes","floor":45.0,"turns":8.0},{"damage":7.0,"enemies":"3 Darklings","floor":47.0,"turns":6.0},{"damage":193,"enemies":"Donu and Deca","floor":50,"turns":16}],"seed_played":"-7422724609158922052","potions_obtained":[{"floor":1.0,"key":"Fruit Juice"},{"floor":10.0,"key":"Explosive Potion"},{"floor":13.0,"key":"Block Potion"},{"floor":14.0,"key":"BloodPotion"},{"floor":22.0,"key":"Strength Potion"},{"floor":37.0,"key":"Poison Potion"},{"floor":41.0,"key":"SteroidPotion"}],"is_trial":false,"path_per_floor":["M","?","$","M","M","R","M","R","T","M","M","$","M","M","R","B",null,"M","$","M","?","M","R","M","R","T","?","R","M","M","M","R","B",null,"M","$","M","$","?","R","M","M","T","?","M","R","M","?","R","B",null],"character_chosen":"IRONCLAD","items_purchased":["Shrug It Off","War Paint","Vajra"],"campfire_rested":0,"item_purchase_floors":[3,19,36],"current_hp_per_floor":[85,85,85,81,85,85,74,74,74,59,65,65,61,66,66,37,85,82,82,85,79,82,82,69,69,69,69,69,68,70,71,71,59,85,85,85,85,85,85,85,83,80,80,85,76,76,79,79,79,68],"gold":593,"neow_bonus":"RANDOM_COMMON_RELIC","is_prod":false,"is_daily":false,"chose_seed":false,"campfire_upgraded":10,"win_rate":0,"timestamp":1566841421,"path_taken":["M","?","$","M","M","R","M","R","T","?","M","$","M","M","R","BOSS","M","$","M","?","M","R","M","R","T","?","R","M","M","M","R","BOSS","M","$","?","$","?","R","M","M","T","?","?","R","M","?","R","BOSS"],"build_version":"2019-07-17","purchased_purges":3,"victory":true,"max_hp_per_floor":[85,85,85,85,85,85,85,85,85,85,85,85,85,85,85,85,85,85,85,85,85,85,85,85,85,85,85,85,85,85,85,85,85,85,85,85,85,85,85,85,85,85,85,85,85,85,85,81,81,81],"card_choices":[{"not_picked":["Metallicize","Power Through","Sword Boomerang"],"picked":"SKIP","floor":1.0},{"not_picked":["Uppercut","Rupture"],"picked":"Iron Wave","floor":4.0},{"not_picked":["Sword Boomerang","Perfected Strike","Warcry"],"picked":"SKIP","floor":5.0},{"not_picked":["Perfected Strike","Bloodletting"],"picked":"Shrug It Off","floor":7.0},{"not_picked":["Clothesline","Inflame","Heavy Blade"],"picked":"SKIP","floor":10.0},{"not_picked":["Inflame","Flame Barrier"],"picked":"Iron Wave","floor":11.0},{"not_picked":["Havoc","Flame Barrier","Perfected Strike"],"picked":"SKIP","floor":13.0},{"not_picked":["Clash","Reaper","Wild Strike"],"picked":"SKIP","floor":14.0},{"not_picked":["Second Wind+1"],"picked":"SKIP","floor":18.0},{"not_picked":["Second Wind+1"],"picked":"SKIP","floor":18.0},{"not_picked":["Anger"],"picked":"SKIP","floor":20.0},{"not_picked":[],"picked":"Cleave","floor":22.0},{"not_picked":["Battle Trance"],"picked":"SKIP","floor":24.0},{"not_picked":["Sentinel"],"picked":"SKIP","floor":29.0},{"not_picked":["Anger+1"],"picked":"SKIP","floor":30.0},{"not_picked":["Iron Wave"],"picked":"SKIP","floor":31.0},{"not_picked":["Clothesline"],"picked":"SKIP","floor":35.0},{"not_picked":["Twin Strike+1"],"picked":"SKIP","floor":37.0},{"not_picked":["Twin Strike+1"],"picked":"SKIP","floor":41.0},{"not_picked":["Twin Strike+1"],"picked":"SKIP","floor":41.0},{"not_picked":["Whirlwind+1"],"picked":"SKIP","floor":42.0},{"not_picked":["True Grit+1"],"picked":"SKIP","floor":45.0},{"not_picked":["Twin Strike+1"],"picked":"SKIP","floor":47.0}],"player_experience":98086,"relics_obtained":[{"floor":9.0,"key":"Kunai"},{"floor":26.0,"key":"Self Forming Clay"},{"floor":43.0,"key":"MawBank"},{"floor":44.0,"key":"Pocketwatch"}],"event_choices":[{"damage_healed":0.0,"max_hp_gain":0.0,"max_hp_loss":0.0,"gold_gain":0.0,"event_name":"FaceTrader","player_choice":"Trade","floor":2.0,"gold_loss":0.0,"damage_taken":0.0,"relics_obtained":["SsserpentHead"]},{"damage_healed":0.0,"max_hp_gain":0.0,"max_hp_loss":0.0,"gold_gain":0.0,"event_name":"Nest","player_choice":"Joined the Cult","floor":21.0,"gold_loss":0.0,"damage_taken":6.0,"cards_obtained":["RitualDagger"]},{"damage_healed":0.0,"max_hp_gain":0.0,"max_hp_loss":0.0,"gold_gain":0.0,"event_name":"N\u0027loth","player_choice":"Traded Relic","floor":27.0,"relics_lost":["Self Forming Clay"],"gold_loss":0.0,"damage_taken":0.0,"relics_obtained":["Nloth\u0027s Gift"]},{"damage_healed":0.0,"max_hp_gain":0.0,"max_hp_loss":0.0,"gold_gain":0.0,"event_name":"Mysterious Sphere","player_choice":"Ignored","floor":39.0,"gold_loss":0.0,"damage_taken":0.0},{"damage_healed":0.0,"max_hp_gain":0.0,"max_hp_loss":0.0,"gold_gain":0.0,"event_name":"MindBloom","player_choice":"Fight","floor":44.0,"gold_loss":0.0,"damage_taken":0.0},{"damage_healed":0.0,"max_hp_gain":0.0,"max_hp_loss":4.0,"gold_gain":0.0,"event_name":"Winding Halls","player_choice":"Max HP","floor":48.0,"gold_loss":0.0,"damage_taken":0.0}],"is_beta":false,"boss_relics":[{"not_picked":["Fusion Hammer","Black Star"],"picked":"Busted Crown"},{"not_picked":["Pandora\u0027s Box","Eternal Feather"],"picked":"Black Blood"}],"items_purged_floors":[12,19,36],"is_endless":false,"potions_floor_spawned":[1,10,13,14,22,24,29,30,31,37,41,45,47],"ascension_level":0}