{"gold_per_floor":[117,136,136,86,105,105,135,135,135,152,52,65,81,81,81,179,179,199,49,49,68,68,68,68,68,145,155,172,172,172,190,190,190],"floor_reached":33,"playtime":1070,"items_purged":["Strike_R"],"score":272,"play_id":"c3a28fda-c9fa-49df-bda2-5c1755483aa5","local_time":"20190824213535","is_ascension_mode":false,"campfire_choices":[{"data":"Bash","floor":6,"key":"SMITH"},{"data":"Cleave","floor":8,"key":"SMITH"},{"floor":15,"key":"REST"},{"data":"Body Slam","floor":23,"key":"SMITH"},{"data":"Shrug It Off","floor":25,"key":"SMITH"},{"data":"Defend_R","floor":30,"key":"SMITH"},{"data":"Defend_R","floor":32,"key":"SMITH"}],"neow_cost":"PERCENT_DAMAGE","seed_source_timestamp":84146595403900,"circlet_count":0,"master_deck":["Strike_R+1","Strike_R","Strike_R","Defend_R+1","Defend_R+1","Defend_R","Defend_R+1","Bash+1","Cleave+1","Pommel Strike","Twin Strike","Shrug It Off+1","Body Slam+1","Twin Strike","Thunderclap+1","Shrug It Off+1"],"relics":["Burning Blood","Charon\u0027s Ashes","Bird Faced Urn","Oddly Smooth Stone","Singing Bowl","White Beast Statue","Lantern","FaceOfCleric","Blue Candle"],"potions_floor_usage":[16,16,18,27,27,31,33,33,33],"damage_taken":[{"damage":0,"enemies":"2 Louse","floor":1,"turns":4},{"damage":0,"enemies":"Small Slimes","floor":2,"turns":2},{"damage":6,"enemies":"Cultist","floor":5,"turns":3},{"damage":15,"enemies":"Gremlin Nob","floor":7,"turns":4},{"damage":6,"enemies":"2 Fungi Beasts","floor":10,"turns":2},{"damage":3,"enemies":"Red Slaver","floor":12,"turns":4},{"damage":12,"enemies":"Large Slime","floor":13,"turns":6},{"damage":57,"enemies":"Hexaghost","floor":16,"turns":9},{"damage":5,"enemies":"3 Byrds","floor":18,"turns":6},{"damage":21,"enemies":"Spheric Guardian","floor":21,"turns":5},{"damage":0,"enemies":"Cultist and Chosen","floor":27,"turns":6},{"damage":19,"enemies":"Centurion and Healer","floor":28,"turns":7},{"damage":3,"enemies":"3 Cultists","floor":31,"turns":5},{"damage":39,"enemies":"Champ","floor":33,"turns":10}],"seed_played":"-1178413593152877638","potions_obtained":[{"floor":1,"key":"Regen Potion"},{"floor":7,"key":"Regen Potion"},{"floor":13,"key":"Swift Potion"},{"floor":16,"key":"FearPotion"},{"floor":18,"key":"SteroidPotion"},{"floor":21,"key":"SteroidPotion"},{"floor":27,"key":"SteroidPotion"},{"floor":28,"key":"Swift Potion"},{"floor":31,"key":"GamblersBrew"}],"is_trial":false,"path_per_floor":["M","M","?","?","M","R","E","R","T","M","$","M","M","?","R","B",null,"M","$","?","M","?","R","?","R","T","M","M","?","R","M","R","B"],"character_chosen":"IRONCLAD","items_purchased":["Body Slam","Lantern"],"campfire_rested":1,"item_purchase_floors":[11,19],"current_hp_per_floor":[62,68,43,43,43,43,34,34,34,34,34,39,33,17,41,44,84,84,84,84,71,71,71,71,71,71,80,70,70,70,76,76,37],"gold":190,"neow_bonus":"ONE_RARE_RELIC","is_prod":false,"is_daily":false,"chose_seed":false,"campfire_upgraded":6,"win_rate":0,"timestamp":1566646535,"path_taken":["M","M","?","?","M","R","E","R","T","M","$","M","M","?","R","BOSS","M","$","?","M","?","R","?","R","T","M","?","?","R","M","R","BOSS"],"build_version":"2019-07-17","purchased_purges":1,"victory":false,"max_hp_per_floor":[80,80,80,80,80,80,80,80,80,80,80,82,82,82,82,84,84,84,84,84,86,86,86,86,86,86,89,92,92,92,95,95,95],"card_choices":[{"not_picked":["Carnage","Dropkick"],"picked":"Cleave","floor":1},{"not_picked":["Spot Weakness","Cleave"],"picked":"Pommel Strike","floor":2},{"not_picked":["Havoc","Fiend Fire"],"picked":"Twin Strike","floor":5},{"not_picked":["Reckless Charge","Uppercut","Clash"],"picked":"SKIP","floor":7},{"not_picked":["Clash","Burning Pact"],"picked":"Shrug It Off","floor":10},{"not_picked":["Iron Wave","Sword Boomerang","Sentinel"],"picked":"Singing Bowl","floor":12},{"not_picked":["Thunderclap","Disarm"],"picked":"Twin Strike","floor":13},{"not_picked":["Immolate","Dark Embrace","Feed"],"picked":"Singing Bowl","floor":16},{"not_picked":["Body Slam","Warcry+1"],"picked":"Thunderclap+1","floor":18},{"not_picked":["Sever Soul","True Grit+1","Feel No Pain"],"picked":"Singing Bowl","floor":21},{"not_picked":["Entrench+1","Anger","Clash"],"picked":"Singing Bowl","floor":27},{"not_picked":["Spot Weakness+1","Cleave","Thunderclap"],"picked":"Singing Bowl","floor":28},{"not_picked":["Cleave","Armaments","Body Slam"],"picked":"Singing Bowl","floor":31}],"player_experience":93132,"relics_obtained":[{"floor":7,"key":"Oddly Smooth Stone"},{"floor":9,"key":"Singing Bowl"},{"floor":26,"key":"Blue Candle"}],"event_choices":[{"damage_healed":0,"gold_gain":0,"player_choice":"Success","damage_taken":25,"relics_obtained":["Bird Faced Urn"],"max_hp_gain":0,"max_hp_loss":0,"event_name":"Scrap Ooze","floor":3,"gold_loss":0},{"cards_removed":["Strike_R"],"damage_healed":0,"gold_gain":0,"player_choice":"Card Removal","damage_taken":0,"max_hp_gain":0,"max_hp_loss":0,"event_name":"The Cleric","floor":4,"gold_loss":50},{"damage_healed":0,"gold_gain":0,"player_choice":"Entered Light","damage_taken":16,"max_hp_gain":0,"max_hp_loss":0,"event_name":"Shining Light","floor":14,"gold_loss":0,"cards_upgraded":["Strike_R","Defend_R"]},{"damage_healed":0,"gold_gain":0,"player_choice":"Ignored","damage_taken":0,"max_hp_gain":0,"max_hp_loss":0,"event_name":"Ghosts","floor":20,"gold_loss":0},{"damage_healed":0,"gold_gain":0,"player_choice":"Ignored","damage_taken":0,"max_hp_gain":0,"max_hp_loss":0,"event_name":"The Mausoleum","floor":22,"gold_loss":0},{"damage_healed":0,"gold_gain":0,"player_choice":"Trade","damage_taken":0,"relics_obtained":["FaceOfCleric"],"max_hp_gain":0,"max_hp_loss":0,"event_name":"FaceTrader","floor":24,"gold_loss":0},{"damage_healed":0,"gold_gain":0,"player_choice":"Copied","damage_taken":0,"max_hp_gain":0,"max_hp_loss":0,"event_name":"Duplicator","floor":29,"gold_loss":0,"cards_obtained":["Shrug It Off"]}],"is_beta":false,"boss_relics":[{"not_picked":["Eternal Feather","Coffee Dripper"],"picked":"White Beast Statue"}],"items_purged_floors":[11],"is_endless":false,"potions_floor_spawned":[1,7,13,16,18,21,27,28,31],"killed_by":"Champ","ascension_level":0}