{"gold_per_floor":[112,31,49,49,24,24,42,42,42,42,67,85,151,201,201,302,302,315,330,70,85,98,98,98],"floor_reached":24,"playtime":3054,"items_purged":[],"score":198,"play_id":"b6f9d144-9aaf-4733-aeca-931ce1a608d5","local_time":"20190816024222","is_ascension_mode":false,"campfire_choices":[{"data":"Perfected Strike","floor":6,"key":"SMITH"},{"data":"Iron Wave","floor":10,"key":"SMITH"},{"data":"Perfected Strike","floor":15,"key":"SMITH"},{"floor":23,"key":"REST"}],"neow_cost":"","seed_source_timestamp":167505222831200,"circlet_count":0,"master_deck":["Strike_R","Strike_R","Strike_R","Strike_R","Strike_R","Defend_R","Defend_R","Defend_R","Bash","Combust","Rampage","Body Slam","Perfected Strike+1","Iron Wave+1","Cleave","Metallicize","Headbutt","Perfected Strike+1","Flex","Parasite","Reaper","Sword Boomerang","Rage","Shockwave","Thunderclap+1"],"relics":["Burning Blood","SsserpentHead","Matryoshka","Pantograph","Molten Egg 2"],"potions_floor_usage":[11,11,22],"damage_taken":[{"damage":5,"enemies":"Cultist","floor":1,"turns":4},{"damage":6,"enemies":"2 Louse","floor":3,"turns":3},{"damage":14,"enemies":"Jaw Worm","floor":7,"turns":3},{"damage":13,"enemies":"Gremlin Nob","floor":11,"turns":4},{"damage":1,"enemies":"3 Louse","floor":12,"turns":2},{"damage":10,"enemies":"Looter","floor":13,"turns":2},{"damage":67,"enemies":"The Guardian","floor":16,"turns":10},{"damage":10,"enemies":"Chosen","floor":18,"turns":4},{"damage":18,"enemies":"2 Thieves","floor":19,"turns":4},{"damage":35,"enemies":"3 Cultists","floor":21,"turns":5},{"damage":37,"enemies":"Chosen and Byrds","floor":22,"turns":8},{"damage":44,"enemies":"Sentry and Sphere","floor":24,"turns":5}],"seed_played":"-449759837326417149","potions_obtained":[{"floor":1,"key":"Strength Potion"},{"floor":3,"key":"Ancient Potion"},{"floor":16,"key":"PowerPotion"},{"floor":18,"key":"Energy Potion"},{"floor":21,"key":"PowerPotion"}],"is_trial":false,"path_per_floor":["M","$","M","?","$","R","M","?","T","R","E","M","M","?","R","B",null,"M","M","$","M","M","R","M"],"character_chosen":"IRONCLAD","items_purchased":["Rampage","Body Slam","Cleave","Molten Egg 2"],"campfire_rested":1,"item_purchase_floors":[2,2,5,20],"current_hp_per_floor":[80,80,80,80,80,80,72,72,72,72,65,70,66,80,80,19,80,76,64,64,47,19,43,0],"gold":98,"neow_bonus":"","is_prod":false,"is_daily":false,"chose_seed":false,"campfire_upgraded":3,"win_rate":0.0,"timestamp":1565934142,"path_taken":["M","$","M","?","$","R","?","?","T","R","E","M","?","?","R","BOSS","M","M","$","M","M","R","M"],"build_version":"2019-07-17","purchased_purges":0,"victory":false,"max_hp_per_floor":[80,80,80,80,80,80,80,80,80,80,80,80,80,80,80,80,80,80,80,80,80,80,80,80],"card_choices":[{"not_picked":["Feel No Pain","Flex"],"picked":"Combust","floor":1},{"not_picked":["Cleave","Body Slam"],"picked":"Perfected Strike","floor":3},{"not_picked":["Clash","Anger"],"picked":"Metallicize","floor":7},{"not_picked":["Feel No Pain","Reckless Charge"],"picked":"Headbutt","floor":11},{"not_picked":["True Grit","Rage"],"picked":"Perfected Strike","floor":12},{"not_picked":["Clash","Body Slam"],"picked":"Flex","floor":13},{"not_picked":["Offering","Juggernaut"],"picked":"Reaper","floor":16},{"not_picked":["Clash","Power Through+1"],"picked":"Sword Boomerang","floor":18},{"not_picked":["True Grit","Combust"],"picked":"Rage","floor":19},{"not_picked":["Clash+1","True Grit+1"],"picked":"Shockwave","floor":21},{"not_picked":["Feed+1","Rage+1"],"picked":"Thunderclap+1","floor":22}],"player_experience":0,"relics_obtained":[{"floor":9,"key":"Matryoshka"},{"floor":11,"key":"Pantograph"}],"event_choices":[{"cards_removed":["Defend_R"],"damage_healed":0,"gold_gain":0,"player_choice":"Took Card","damage_taken":0,"max_hp_gain":0,"max_hp_loss":0,"event_name":"NoteForYourself","floor":4,"gold_loss":0,"cards_obtained":["Iron Wave"]},{"damage_healed":0,"gold_gain":0,"player_choice":"Trade","damage_taken":0,"relics_obtained":["SsserpentHead"],"max_hp_gain":0,"max_hp_loss":0,"event_name":"FaceTrader","floor":8,"gold_loss":0},{"damage_healed":20,"gold_gain":0,"player_choice":"Healed and dodged fight","damage_taken":0,"max_hp_gain":0,"max_hp_loss":0,"event_name":"Mushrooms","floor":14,"gold_loss":0,"cards_obtained":["Parasite"]}],"is_beta":false,"boss_relics":[{"not_picked":["Cursed Key","Fusion Hammer","Mark of Pain"]}],"items_purged_floors":[],"is_endless":false,"potions_floor_spawned":[1,3,16,18,21],"killed_by":"Sentry and Sphere","ascension_level":0}