{"gold_per_floor":[118,43,55,74,93,93,93,93,93,93,105,121,21,21,21,21],"floor_reached":16,"playtime":1041,"items_purged":["Strike_R","Strike_R"],"score":138,"play_id":"90464648-9067-4e51-9eba-0014bcf9d3f4","local_time":"20190602114355","is_ascension_mode":true,"campfire_choices":[{"data":"Corruption","floor":6,"key":"SMITH"},{"data":"Intimidate","floor":8,"key":"SMITH"},{"data":"Bash","floor":10,"key":"SMITH"},{"floor":15,"key":"REST"}],"neow_cost":"PERCENT_DAMAGE","seed_source_timestamp":64831338423700,"circlet_count":0,"master_deck":["AscendersBane","Strike_R","Strike_R","Defend_R","Defend_R","Defend_R","Defend_R","Bash+1","Intimidate+1","Corruption+1","Anger"],"relics":["Burning Blood","Unceasing Top","Paper Frog"],"potions_floor_usage":[5,12],"damage_taken":[{"damage":1,"enemies":"Cultist","floor":1,"turns":3},{"damage":5,"enemies":"2 Louse","floor":3,"turns":3},{"damage":4,"enemies":"Small Slimes","floor":4,"turns":4},{"damage":15,"enemies":"3 Louse","floor":5,"turns":5},{"damage":14,"enemies":"Looter","floor":11,"turns":3},{"damage":14,"enemies":"Gremlin Gang","floor":12,"turns":4},{"damage":53,"enemies":"Hexaghost","floor":16,"turns":7}],"seed_played":"7140538927576431446","potions_obtained":[{"floor":3,"key":"EssenceOfSteel"},{"floor":5,"key":"PowerPotion"}],"is_trial":false,"path_per_floor":["M","$","M","M","M","R","$","R","T","R","M","M","$","?","R","B"],"character_chosen":"IRONCLAD","items_purchased":[],"campfire_rested":1,"item_purchase_floors":[],"current_hp_per_floor":[56,56,57,59,50,50,50,50,50,50,42,34,34,27,51,0],"gold":21,"neow_bonus":"ONE_RARE_RELIC","is_prod":false,"is_daily":false,"chose_seed":false,"campfire_upgraded":3,"win_rate":0,"timestamp":1559490235,"path_taken":["M","$","?","?","M","R","$","R","T","R","M","M","?","?","R","BOSS"],"build_version":"2019-01-23","purchased_purges":2,"victory":false,"max_hp_per_floor":[80,80,80,80,80,80,80,80,80,80,80,80,80,80,80,80],"card_choices":[{"not_picked":["Iron Wave","Body Slam","Shrug It Off"],"picked":"SKIP","floor":1},{"not_picked":["Armaments","Thunderclap","Sword Boomerang"],"picked":"SKIP","floor":3},{"not_picked":["Shrug It Off","True Grit"],"picked":"Intimidate","floor":4},{"not_picked":["Reckless Charge","Intimidate"],"picked":"Corruption","floor":5},{"not_picked":["Shrug It Off","Sever Soul"],"picked":"Anger","floor":11},{"not_picked":["Thunderclap","Perfected Strike","Wild Strike"],"picked":"SKIP","floor":12}],"player_experience":3818783,"relics_obtained":[{"floor":9,"key":"Paper Frog"}],"event_choices":[{"cards_removed":["Strike_R"],"damage_healed":0,"gold_gain":0,"player_choice":"Card Removal","damage_taken":7,"max_hp_gain":0,"max_hp_loss":0,"event_name":"Golden Wing","floor":14,"gold_loss":0}],"is_beta":false,"boss_relics":[],"items_purged_floors":[2,13],"is_endless":false,"potions_floor_spawned":[3,5],"killed_by":"Hexaghost","ascension_level":10}