{"gold_per_floor":[112,132,132,151,41,73,73,84,84,96,96,9,26,45,45,143,143,163,37,57,77,37,72,24,24],"floor_reached":25,"playtime":2636,"items_purged":["Strike_B"],"score":236,"play_id":"2c604668-b1d9-4e72-bcf2-792d659ba2e1","local_time":"20190820035157","is_ascension_mode":true,"campfire_choices":[{"floor":7,"key":"REST"},{"data":"Zap","floor":15,"key":"SMITH"}],"neow_cost":"NONE","seed_source_timestamp":517690799522900,"circlet_count":0,"master_deck":["Strike_B","Strike_B","Strike_B","Defend_B","Defend_B","Defend_B","Defend_B+1","Zap+1","Dualcast","Go for the Eyes","Gash","Skim","Beam Cell","Impatience","Go for the Eyes","Streamline","Good Instincts","Beam Cell+1","Skim","Rebound","Loop"],"relics":["FrozenCore","Letter Opener","Pear","Sundial"],"potions_floor_usage":[1,2,6,10,16,16,21,21,25],"damage_taken":[{"damage":0,"enemies":"Small Slimes","floor":1,"turns":2},{"damage":5,"enemies":"2 Louse","floor":2,"turns":2},{"damage":0,"enemies":"Jaw Worm","floor":4,"turns":3},{"damage":39,"enemies":"Lagavulin","floor":6,"turns":7},{"damage":8,"enemies":"Exordium Wildlife","floor":8,"turns":4},{"damage":4,"enemies":"Exordium Thugs","floor":10,"turns":3},{"damage":12,"enemies":"2 Fungi Beasts","floor":13,"turns":3},{"damage":4,"enemies":"Red Slaver","floor":14,"turns":3},{"damage":49,"enemies":"The Guardian","floor":16,"turns":11},{"damage":10,"enemies":"Spheric Guardian","floor":18,"turns":5},{"damage":6,"enemies":"2 Thieves","floor":20,"turns":4},{"damage":0,"enemies":"3 Cultists","floor":21,"turns":4},{"damage":67,"enemies":"Gremlin Leader","floor":23,"turns":10},{"damage":5,"enemies":"Book of Stabbing","floor":25,"turns":5}],"seed_played":"7161705426711707051","potions_obtained":[{"floor":0,"key":"SneckoOil"},{"floor":0,"key":"Block Potion"},{"floor":0,"key":"Dexterity Potion"},{"floor":2,"key":"Poison Potion"},{"floor":4,"key":"Explosive Potion"},{"floor":10,"key":"GamblersBrew"},{"floor":18,"key":"Fire Potion"},{"floor":20,"key":"AttackPotion"}],"is_trial":false,"path_per_floor":["M","M","?","M","$","E","R","M","T","M","?","$","M","M","R","B",null,"M","$","M","M","?","E","$","E"],"character_chosen":"DEFECT","items_purchased":["Beam Cell","Impatience","Good Instincts","Rebound","SkillPotion"],"campfire_rested":1,"item_purchase_floors":[5,5,12,19,24],"current_hp_per_floor":[75,70,70,70,70,31,53,45,55,51,79,79,67,63,63,14,85,75,75,69,69,69,2,2,0],"gold":24,"neow_bonus":"THREE_SMALL_POTIONS","is_prod":false,"is_daily":false,"chose_seed":false,"campfire_upgraded":1,"win_rate":0,"timestamp":1566283917,"path_taken":["M","M","?","M","$","E","R","M","T","M","?","?","M","M","R","BOSS","M","$","M","M","?","E","?","E"],"build_version":"2019-07-17","purchased_purges":1,"victory":false,"max_hp_per_floor":[75,75,75,75,75,75,75,75,85,85,85,85,85,85,85,85,85,85,85,85,85,85,85,85,85],"card_choices":[{"not_picked":["Doom and Gloom","Stack"],"picked":"Go for the Eyes","floor":1},{"not_picked":["Glacier","Hologram"],"picked":"Gash","floor":2},{"not_picked":["Core Surge","Steam"],"picked":"Skim","floor":4},{"not_picked":["Force Field","Sunder"],"picked":"Go for the Eyes","floor":6},{"not_picked":["Steam","Ball Lightning","Coolheaded"],"picked":"SKIP","floor":8},{"not_picked":["Steam","Undo"],"picked":"Streamline","floor":10},{"not_picked":["Turbo","Stack","Ball Lightning"],"picked":"SKIP","floor":13},{"not_picked":["Compile Driver","Cold Snap"],"picked":"Beam Cell","floor":14},{"not_picked":["Lockon","Leap"],"picked":"Skim","floor":18},{"not_picked":["Redo+1","Sweeping Beam","Coolheaded"],"picked":"SKIP","floor":20},{"not_picked":["Turbo","Rebound","Cold Snap+1"],"picked":"SKIP","floor":21},{"not_picked":["Compile Driver","Fusion"],"picked":"Loop","floor":23}],"player_experience":158397,"relics_obtained":[{"floor":6,"key":"Letter Opener"},{"floor":9,"key":"Pear"},{"floor":23,"key":"Sundial"}],"event_choices":[{"damage_healed":0,"gold_gain":0,"player_choice":"Leave","damage_taken":0,"max_hp_gain":0,"max_hp_loss":0,"event_name":"The Cleric","floor":3,"gold_loss":0},{"damage_healed":28,"gold_gain":0,"player_choice":"Banana","damage_taken":0,"max_hp_gain":0,"max_hp_loss":0,"event_name":"Big Fish","floor":11,"gold_loss":0},{"damage_healed":0,"gold_gain":0,"player_choice":"Upgraded Two","damage_taken":0,"max_hp_gain":0,"max_hp_loss":0,"event_name":"Designer","floor":22,"gold_loss":40,"cards_upgraded":["Defend_B","Beam Cell"]}],"is_beta":false,"boss_relics":[{"not_picked":["Eternal Feather","Runic Dome"],"picked":"FrozenCore"}],"items_purged_floors":[19],"is_endless":false,"potions_floor_spawned":[2,4,10,18,20],"killed_by":"Book of Stabbing","ascension_level":1}