{"gold_per_floor":[111,20,20,20,20,20,45,6,6,37,37,62,62,78,78,175,225,242,262,262,27,42,42,72,84,84,84,109,109,109],"floor_reached":30,"playtime":2541,"items_purged":["Defend_B"],"score":265,"play_id":"cd59c8d5-cbcd-477b-ac41-889acc5cdcee","local_time":"20190820180210","is_ascension_mode":true,"campfire_choices":[{"data":"Dualcast","floor":6,"key":"SMITH"},{"floor":11,"key":"REST"},{"floor":13,"key":"REST"},{"data":"Zap","floor":15,"key":"SMITH"},{"floor":23,"key":"REST"}],"neow_cost":"NONE","seed_source_timestamp":568797721797000,"circlet_count":0,"master_deck":["Strike_B+1","Strike_B+1","Strike_B+1","Defend_B+1","Defend_B+1","Defend_B","Zap+1","Dualcast+1","Redo+1","Scrape+1","Capacitor","Self Repair","Creative AI+1","BootSequence","Beam Cell","Steam+1","FTL","Discovery","Gash","Machine Learning","Gash","FTL","Streamline"],"relics":["Cracked Core","War Paint","Vajra","Juzu Bracelet","Tiny House","Whetstone","Thread and Needle","Red Mask"],"potions_floor_usage":[16,16,24,24,25,28,30],"damage_taken":[{"damage":6,"enemies":"2 Louse","floor":1,"turns":3},{"damage":18,"enemies":"Lagavulin","floor":10,"turns":6},{"damage":28,"enemies":"Gremlin Nob","floor":12,"turns":4},{"damage":5,"enemies":"Small Slimes","floor":14,"turns":2},{"damage":10,"enemies":"Slime Boss","floor":16,"turns":8},{"damage":0,"enemies":"Chosen","floor":18,"turns":4},{"damage":38,"enemies":"Spheric Guardian","floor":19,"turns":6},{"damage":6,"enemies":"Snake Plant","floor":22,"turns":4},{"damage":19,"enemies":"Gremlin Leader","floor":24,"turns":6},{"damage":0,"enemies":"Chosen and Byrds","floor":25,"turns":4},{"damage":13,"enemies":"Masked Bandits","floor":28,"turns":4},{"damage":62,"enemies":"Book of Stabbing","floor":30,"turns":6}],"seed_played":"5158935111072364954","potions_obtained":[{"floor":12,"key":"LiquidBronze"},{"floor":17,"key":"Weak Potion"},{"floor":18,"key":"Poison Potion"},{"floor":19,"key":"Fire Potion"},{"floor":24,"key":"AttackPotion"},{"floor":28,"key":"SpeedPotion"}],"is_trial":false,"path_per_floor":["M","$","?","?","?","R","T","?","T","E","R","E","R","M","R","B",null,"M","M","?","$","M","R","E","M","T","?","?","?","E"],"character_chosen":"DEFECT","items_purchased":["Scrape","Fire Potion","FTL","Discovery"],"campfire_rested":3,"item_purchase_floors":[2,2,21,21],"current_hp_per_floor":[76,76,60,60,60,60,60,60,60,42,66,38,62,64,64,61,87,87,56,56,56,57,83,64,71,71,71,58,58,0],"gold":109,"neow_bonus":"TEN_PERCENT_HP_BONUS","is_prod":false,"is_daily":false,"chose_seed":false,"campfire_upgraded":2,"win_rate":0,"timestamp":1566334930,"path_taken":["M","$","?","?","?","R","?","?","T","E","R","E","R","M","R","BOSS","M","M","?","$","M","R","E","M","T","?","?","?","E"],"build_version":"2019-07-17","purchased_purges":1,"victory":false,"max_hp_per_floor":[82,82,82,82,82,82,82,82,82,82,82,82,82,82,82,82,87,87,87,87,87,87,87,87,87,87,87,87,87,87],"card_choices":[{"not_picked":["Hello World","Skim"],"picked":"Redo","floor":1},{"not_picked":["Blizzard","Conserve Battery"],"picked":"Capacitor","floor":10},{"not_picked":["Compile Driver","Multi-Cast"],"picked":"Self Repair","floor":12},{"not_picked":["Force Field","Darkness","Undo"],"picked":"SKIP","floor":14},{"not_picked":["Machine Learning","Hyperbeam"],"picked":"Creative AI","floor":16},{"not_picked":["Rip and Tear","Stack"],"picked":"BootSequence","floor":17},{"not_picked":["Steam","Streamline"],"picked":"Beam Cell","floor":18},{"not_picked":["Chill","Reinforced Body"],"picked":"Steam+1","floor":19},{"not_picked":["Ball Lightning","Steam Power"],"picked":"Gash","floor":22},{"not_picked":["Leap","Aggregate"],"picked":"Machine Learning","floor":24},{"not_picked":["Sweeping Beam","Aggregate"],"picked":"Gash","floor":25},{"not_picked":["Steam","Self Repair+1"],"picked":"Streamline","floor":28}],"player_experience":166077,"relics_obtained":[{"floor":7,"key":"War Paint"},{"floor":9,"key":"Vajra"},{"floor":12,"key":"Juzu Bracelet"},{"floor":24,"key":"Whetstone"},{"floor":26,"key":"Thread and Needle"},{"floor":28,"key":"Red Mask"}],"event_choices":[{"damage_healed":0,"gold_gain":0,"player_choice":"Entered Light","damage_taken":16,"max_hp_gain":0,"max_hp_loss":0,"event_name":"Shining Light","floor":3,"gold_loss":0,"cards_upgraded":["Strike_B","Strike_B"]},{"damage_healed":0,"gold_gain":0,"player_choice":"Ignored","damage_taken":0,"max_hp_gain":0,"max_hp_loss":0,"event_name":"Golden Wing","floor":4,"gold_loss":0},{"damage_healed":0,"gold_gain":0,"player_choice":"Grow","damage_taken":0,"max_hp_gain":0,"max_hp_loss":0,"event_name":"Living Wall","floor":5,"gold_loss":0,"cards_upgraded":["Redo"]},{"damage_healed":0,"gold_gain":0,"player_choice":"Left Gold","damage_taken":0,"max_hp_gain":0,"max_hp_loss":0,"event_name":"World of Goop","floor":8,"gold_loss":39},{"cards_removed":["Strike_B"],"damage_healed":0,"gold_gain":0,"player_choice":"Elegance","damage_taken":0,"max_hp_gain":0,"max_hp_loss":0,"event_name":"Back to Basics","floor":20,"gold_loss":0},{"damage_healed":0,"gold_gain":0,"player_choice":"Read","damage_taken":0,"max_hp_gain":0,"max_hp_loss":0,"event_name":"The Library","floor":27,"gold_loss":0,"cards_obtained":["FTL"]},{"damage_healed":0,"gold_gain":0,"player_choice":"Fought Bandits","damage_taken":0,"max_hp_gain":0,"max_hp_loss":0,"event_name":"Masked Bandits","floor":28,"gold_loss":0},{"damage_healed":0,"gold_gain":0,"player_choice":"Ignored","damage_taken":0,"max_hp_gain":0,"max_hp_loss":0,"event_name":"Ghosts","floor":29,"gold_loss":0}],"is_beta":false,"boss_relics":[{"not_picked":["White Beast Statue","Ectoplasm"],"picked":"Tiny House"}],"items_purged_floors":[21],"is_endless":false,"potions_floor_spawned":[12,18,19,24,28],"killed_by":"Book of Stabbing","ascension_level":1}