{"gold_per_floor":[110,60,60,10,10,10,10,10,10,10,28,28,40,60,60,165,165,179,193,222,20,20,20,20,31,108,20,20,20,53,73,73,73],"floor_reached":33,"playtime":5267,"items_purged":["Defend_G"],"score":276,"play_id":"9138f3a7-c7ae-49d3-aaf2-921c73a3e930","local_time":"20190817092546","is_ascension_mode":false,"campfire_choices":[{"data":"Blade Dance","floor":6,"key":"SMITH"},{"data":"Acrobatics","floor":8,"key":"SMITH"},{"data":"Neutralize","floor":10,"key":"SMITH"},{"data":"Noxious Fumes","floor":12,"key":"SMITH"},{"data":"Blade Dance","floor":15,"key":"SMITH"},{"floor":29,"key":"REST"},{"floor":32,"key":"REST"}],"neow_cost":"PERCENT_DAMAGE","seed_source_timestamp":275880024757199,"circlet_count":0,"master_deck":["Strike_G","Strike_G","Defend_G","Defend_G","Survivor","Neutralize+1","Acrobatics+1","Blade Dance+1","Noxious Fumes+1","Blade Dance+1","Burst","Bane","Catalyst","Choke+1","Shame","Tactician","Blade Dance+1"],"relics":["Ring of the Snake","Darkstone Periapt","PreservedInsect","WristBlade","Red Mask","Membership Card","Dodecahedron","Bird Faced Urn","Nunchaku"],"potions_floor_usage":[16,16,16,31,31,33,33],"damage_taken":[{"damage":0,"enemies":"Small Slimes","floor":1,"turns":6},{"damage":0,"enemies":"2 Louse","floor":11,"turns":2},{"damage":0,"enemies":"Cultist","floor":13,"turns":3},{"damage":2,"enemies":"Exordium Wildlife","floor":14,"turns":4},{"damage":33,"enemies":"Hexaghost","floor":16,"turns":9},{"damage":13,"enemies":"2 Thieves","floor":18,"turns":5},{"damage":5,"enemies":"Spheric Guardian","floor":19,"turns":3},{"damage":23,"enemies":"Masked Bandits","floor":20,"turns":4},{"damage":18,"enemies":"Snecko","floor":25,"turns":5},{"damage":0,"enemies":"Gremlin Leader","floor":30,"turns":5},{"damage":15,"enemies":"Snake Plant","floor":31,"turns":3},{"damage":57,"enemies":"Automaton","floor":33,"turns":8}],"seed_played":"-586667400818047310","potions_obtained":[{"floor":1,"key":"LiquidBronze"},{"floor":13,"key":"PowerPotion"},{"floor":14,"key":"Dexterity Potion"},{"floor":25,"key":"EssenceOfSteel"},{"floor":31,"key":"Block Potion"}],"is_trial":false,"path_per_floor":["M","?","?","$","?","R","T","R","T","R","M","R","M","M","R","B",null,"M","M","?","$","?","$","?","M","T","$","?","R","E","M","R","B"],"character_chosen":"THE_SILENT","items_purchased":["Blade Dance","Membership Card","Fire Potion","Strength Potion"],"campfire_rested":2,"item_purchase_floors":[4,21,27,27],"current_hp_per_floor":[49,49,42,42,65,65,65,65,65,65,65,65,65,63,63,30,70,57,52,29,29,29,29,29,11,11,11,17,39,41,28,50,0],"gold":73,"neow_bonus":"REMOVE_TWO","is_prod":false,"is_daily":false,"chose_seed":false,"campfire_upgraded":5,"win_rate":0.0,"timestamp":1566044746,"path_taken":["M","?","?","$","?","R","?","R","T","R","M","R","M","M","R","BOSS","M","M","?","$","?","?","?","?","T","$","?","R","E","M","R","BOSS"],"build_version":"2019-07-17","purchased_purges":1,"victory":false,"max_hp_per_floor":[70,70,70,70,70,70,70,70,70,70,70,70,70,70,70,70,70,70,70,70,70,70,70,70,70,70,70,76,76,76,76,76,76],"card_choices":[{"not_picked":["Masterful Stab","Dagger Spray"],"picked":"Acrobatics","floor":1},{"not_picked":["Leg Sweep","Sucker Punch"],"picked":"Noxious Fumes","floor":11},{"not_picked":["Dagger Spray","Sucker Punch","Footwork"],"picked":"SKIP","floor":13},{"not_picked":["Acrobatics","Eviscerate"],"picked":"Blade Dance","floor":14},{"not_picked":["After Image","Doppelganger"],"picked":"Burst","floor":16},{"not_picked":["Infinite Blades","Dagger Spray+1"],"picked":"Bane","floor":18},{"not_picked":["Flying Knee","Escape Plan+1"],"picked":"Catalyst","floor":19},{"not_picked":["Sucker Punch","Infinite Blades"],"picked":"Choke+1","floor":25},{"not_picked":["Poisoned Stab","Deadly Poison"],"picked":"Tactician","floor":30},{"not_picked":["Slice","Reflex"],"picked":"Blade Dance+1","floor":31}],"player_experience":67374,"relics_obtained":[{"floor":7,"key":"Darkstone Periapt"},{"floor":9,"key":"PreservedInsect"},{"floor":20,"key":"Red Mask"},{"floor":26,"key":"Dodecahedron"},{"floor":30,"key":"Nunchaku"}],"event_choices":[{"cards_removed":["Defend_G"],"damage_healed":0,"gold_gain":0,"player_choice":"Card Removal","damage_taken":0,"max_hp_gain":0,"max_hp_loss":0,"event_name":"The Cleric","floor":2,"gold_loss":50},{"cards_removed":["Defend_G"],"damage_healed":0,"gold_gain":0,"player_choice":"Card Removal","damage_taken":7,"max_hp_gain":0,"max_hp_loss":0,"event_name":"Golden Wing","floor":3,"gold_loss":0},{"damage_healed":23,"gold_gain":0,"player_choice":"Banana","damage_taken":0,"max_hp_gain":0,"max_hp_loss":0,"event_name":"Big Fish","floor":5,"gold_loss":0},{"damage_healed":0,"gold_gain":0,"player_choice":"Fought Bandits","damage_taken":0,"max_hp_gain":0,"max_hp_loss":0,"event_name":"Masked Bandits","floor":20,"gold_loss":0},{"damage_healed":0,"gold_gain":0,"player_choice":"Ignored","damage_taken":0,"max_hp_gain":0,"max_hp_loss":0,"event_name":"Ghosts","floor":22,"gold_loss":0},{"cards_removed":["Strike_G"],"damage_healed":0,"gold_gain":0,"player_choice":"Elegance","damage_taken":0,"max_hp_gain":0,"max_hp_loss":0,"event_name":"Back to Basics","floor":24,"gold_loss":0},{"damage_healed":0,"gold_gain":0,"player_choice":"Stole Relic","damage_taken":0,"relics_obtained":["Bird Faced Urn"],"max_hp_gain":0,"max_hp_loss":0,"event_name":"Addict","floor":28,"gold_loss":0,"cards_obtained":["Shame"]}],"is_beta":false,"boss_relics":[{"not_picked":["Lizard Tail","Sozu"],"picked":"WristBlade"}],"items_purged_floors":[27],"is_endless":false,"potions_floor_spawned":[1,13,14,25,30,31],"killed_by":"Automaton","ascension_level":0}