{"gold_per_floor":[117,117,192,117,142,142,186,186,186,201,235,250,271,307,307,438,438,463,463,479,479],"floor_reached":21,"playtime":665,"items_purged":["Strike_R"],"score":355,"play_id":"23ed4e07-7144-48a5-9e59-ad21d8ed0774","local_time":"20190826134116","is_ascension_mode":true,"campfire_choices":[{"floor":6,"key":"RECALL"},{"floor":15,"key":"REST"}],"neow_cost":"NONE","seed_source_timestamp":73936232224800,"circlet_count":0,"master_deck":["AscendersBane","Strike_R","Strike_R","Strike_R","Defend_R","Defend_R","Defend_R","Defend_R","Bash","Whirlwind+1","Rampage","Inflame","Shrug It Off","Demon Form"],"relics":["Burning Blood","NeowsBlessing","Golden Idol","Potion Belt","Bronze Scales","Bottled Tornado","Kunai","Mark of Pain"],"potions_floor_usage":[11,11,14,16],"damage_taken":[{"damage":0,"enemies":"2 Louse","floor":1,"turns":1},{"damage":0,"enemies":"Gremlin Nob","floor":7,"turns":1},{"damage":0,"enemies":"Jaw Worm","floor":10,"turns":1},{"damage":20,"enemies":"Lagavulin","floor":11,"turns":5},{"damage":1,"enemies":"Cultist","floor":12,"turns":3},{"damage":24,"enemies":"Lots of Slimes","floor":13,"turns":3},{"damage":17,"enemies":"3 Sentries","floor":14,"turns":6},{"damage":62,"enemies":"The Guardian","floor":16,"turns":11},{"damage":16,"enemies":"3 Byrds","floor":18,"turns":3},{"damage":15,"enemies":"Spheric Guardian","floor":20,"turns":5},{"damage":43,"enemies":"Shelled Parasite and Fungi","floor":21,"turns":3}],"seed_played":"7497573264211050003","potions_obtained":[{"floor":1,"key":"SteroidPotion"},{"floor":10,"key":"Poison Potion"},{"floor":11,"key":"Regen Potion"},{"floor":14,"key":"Weak Potion"},{"floor":20,"key":"Swift Potion"}],"is_trial":false,"path_per_floor":["M","?","?","$","T","R","E","?","T","M","E","M","M","E","R","B",null,"M","?","M","M"],"character_chosen":"IRONCLAD","items_purchased":[],"campfire_rested":1,"item_purchase_floors":[],"current_hp_per_floor":[78,74,63,63,63,63,69,62,62,68,54,59,41,45,67,11,58,48,48,39,0],"gold":479,"neow_bonus":"THREE_ENEMY_KILL","is_prod":false,"is_daily":false,"chose_seed":false,"campfire_upgraded":0,"win_rate":0,"timestamp":1566841276,"path_taken":["M","?","?","?","?","R","E","?","T","?","E","M","M","E","R","BOSS","M","?","?","M"],"build_version":"2019-07-17","purchased_purges":1,"victory":false,"max_hp_per_floor":[80,74,74,74,74,74,74,74,74,74,74,74,74,74,74,74,74,74,74,74,74],"card_choices":[{"not_picked":["Sword Boomerang","Combust"],"picked":"Whirlwind","floor":1},{"not_picked":["Combust","Iron Wave"],"picked":"Rampage","floor":7},{"not_picked":["Twin Strike","Flex"],"picked":"Inflame","floor":10},{"not_picked":["Perfected Strike","Pommel Strike","Rupture"],"picked":"SKIP","floor":11},{"not_picked":["Searing Blow","Clash","Headbutt"],"picked":"SKIP","floor":12},{"not_picked":["Pommel Strike","Warcry"],"picked":"Shrug It Off","floor":13},{"not_picked":["Wild Strike","Evolve","Sever Soul"],"picked":"SKIP","floor":14},{"not_picked":["Fiend Fire","Barricade"],"picked":"Demon Form","floor":16},{"not_picked":["Pommel Strike","Shockwave","Whirlwind"],"picked":"SKIP","floor":18},{"not_picked":["Sword Boomerang","Evolve","Wild Strike"],"picked":"SKIP","floor":20}],"player_experience":4093843,"relics_obtained":[{"floor":5,"key":"Potion Belt"},{"floor":7,"key":"Bronze Scales"},{"floor":11,"key":"Bottled Tornado"},{"floor":14,"key":"Kunai"}],"event_choices":[{"damage_healed":0,"gold_gain":0,"player_choice":"Lose Max HP","damage_taken":0,"relics_obtained":["Golden Idol"],"max_hp_gain":0,"max_hp_loss":6,"event_name":"Golden Idol","floor":2,"gold_loss":0},{"damage_healed":0,"gold_gain":75,"player_choice":"Gather Gold","damage_taken":11,"max_hp_gain":0,"max_hp_loss":0,"event_name":"World of Goop","floor":3,"gold_loss":0},{"cards_removed":["Strike_R"],"damage_healed":0,"gold_gain":0,"player_choice":"Card Removal","damage_taken":7,"max_hp_gain":0,"max_hp_loss":0,"event_name":"Golden Wing","floor":8,"gold_loss":0},{"damage_healed":0,"gold_gain":0,"player_choice":"Forge","damage_taken":0,"max_hp_gain":0,"max_hp_loss":0,"event_name":"Accursed Blacksmith","floor":19,"gold_loss":0,"cards_upgraded":["Whirlwind"]}],"is_beta":false,"boss_relics":[{"not_picked":["Coffee Dripper","Empty Cage"],"picked":"Mark of Pain"}],"items_purged_floors":[4],"is_endless":false,"potions_floor_spawned":[1,10,11,14,20],"killed_by":"Shelled Parasite and Fungi","ascension_level":12}