{"gold_per_floor":[109,34,47,122,140,140,140,171,171,187,187,198,214,214,214,285,285,298,223,223,223,223,223,123,123,123,142,161,175,90,110,110,187,187,197,197,210,112,122,122,141,141,165,178,192,192,204,214,214,214],"floor_reached":51,"playtime":3221,"items_purged":["Defend_R","Writhe"],"score":1372,"play_id":"8e48b179-156e-42b7-ac3a-8e06d037ef68","local_time":"20190827085413","is_ascension_mode":true,"campfire_choices":[{"data":"Armaments","floor":6,"key":"SMITH"},{"data":"Uppercut","floor":11,"key":"SMITH"},{"floor":15,"key":"REST"},{"data":"Entrench","floor":23,"key":"SMITH"},{"floor":25,"key":"REST"},{"data":"Barricade","floor":32,"key":"SMITH"},{"data":"Impervious","floor":40,"key":"SMITH"},{"data":"Metallicize","floor":42,"key":"SMITH"},{"floor":49,"key":"REST"}],"neow_cost":"TEN_PERCENT_HP_LOSS","seed_source_timestamp":444573379827300,"circlet_count":0,"master_deck":["AscendersBane","Strike_R","Defend_R","Defend_R","Defend_R","Bash","Headbutt","Barricade+1","Armaments+1","Shrug It Off","Uppercut+1","Entrench+1","Rampage","Impervious+1","Shrug It Off+1","True Grit+1","Body Slam+1","Burning Pact+1","Deep Breath+1","Metallicize+1","Pommel Strike+1","Entrench+1","Warcry+1"],"relics":["Burning Blood","FaceOfCleric","Shuriken","Potion Belt","Turnip","Velvet Choker","Matryoshka","Regal Pillow","Toxic Egg 2","Incense Burner","Runic Cube","Art of War","Dream Catcher"],"potions_floor_usage":[8,12,13,18,29,41,47,47,48,48,48,50,50],"damage_taken":[{"damage":1,"enemies":"2 Louse","floor":1,"turns":4},{"damage":10,"enemies":"Small Slimes","floor":3,"turns":4},{"damage":1,"enemies":"Cultist","floor":5,"turns":4},{"damage":32,"enemies":"Gremlin Nob","floor":8,"turns":4},{"damage":16,"enemies":"2 Fungi Beasts","floor":10,"turns":3},{"damage":24,"enemies":"Large Slime","floor":12,"turns":8},{"damage":3,"enemies":"Looter","floor":13,"turns":4},{"damage":16,"enemies":"The Guardian","floor":16,"turns":16},{"damage":12,"enemies":"3 Byrds","floor":18,"turns":9},{"damage":16,"enemies":"Shell Parasite","floor":27,"turns":9},{"damage":0,"enemies":"Snecko","floor":28,"turns":6},{"damage":18,"enemies":"Snake Plant","floor":29,"turns":5},{"damage":10,"enemies":"Sentry and Sphere","floor":31,"turns":12},{"damage":0,"enemies":"Automaton","floor":33,"turns":19},{"damage":0,"enemies":"Orb Walker","floor":35,"turns":8},{"damage":2,"enemies":"3 Darklings","floor":37,"turns":8},{"damage":11,"enemies":"Maw","floor":39,"turns":9},{"damage":5,"enemies":"Writhing Mass","floor":41,"turns":6},{"damage":0,"enemies":"Sphere and 2 Shapes","floor":44,"turns":9},{"damage":2,"enemies":"3 Darklings","floor":45,"turns":8},{"damage":41,"enemies":"Transient","floor":47,"turns":6},{"damage":17,"enemies":"4 Shapes","floor":48,"turns":5},{"damage":0,"enemies":"Time Eater","floor":50,"turns":9}],"seed_played":"4951325078756438433","potions_obtained":[{"floor":3,"key":"GamblersBrew"},{"floor":8,"key":"Regen Potion"},{"floor":10,"key":"Swift Potion"},{"floor":16,"key":"EssenceOfSteel"},{"floor":27,"key":"Explosive Potion"},{"floor":28,"key":"SneckoOil"},{"floor":31,"key":"AttackPotion"},{"floor":35,"key":"BloodPotion"},{"floor":41,"key":"EntropicBrew"}],"is_trial":false,"path_per_floor":["M","?","M","?","M","R","?","E","T","M","R","M","M","?","R","B",null,"M","$","?","?","?","R","$","R","T","M","M","M","?","M","R","B",null,"M","?","M","$","M","R","M","R","T","M","M","?","M","M","R","B",null],"character_chosen":"IRONCLAD","items_purchased":["Deep Breath+1"],"campfire_rested":3,"item_purchase_floors":[38],"current_hp_per_floor":[68,68,64,53,58,58,58,33,33,24,24,22,26,21,42,33,63,58,58,58,58,37,37,37,60,60,51,58,47,47,44,44,51,76,83,83,86,86,82,82,84,84,84,89,90,90,78,68,92,93],"gold":214,"neow_bonus":"TRANSFORM_TWO_CARDS","is_prod":false,"is_daily":false,"chose_seed":false,"campfire_upgraded":6,"win_rate":0,"timestamp":1566863653,"path_taken":["M","?","M","?","M","R","?","E","T","?","R","M","M","?","R","BOSS","M","$","?","?","?","R","$","R","T","M","M","M","?","M","R","BOSS","M","?","M","$","?","R","M","R","T","?","M","?","M","M","R","BOSS"],"build_version":"2019-07-17","purchased_purges":2,"victory":true,"max_hp_per_floor":[68,68,68,68,68,68,68,69,69,70,70,71,72,72,72,73,73,74,74,74,74,79,79,79,79,79,80,81,82,82,83,83,84,84,85,85,86,86,87,87,88,88,88,89,90,90,91,92,92,93],"card_choices":[{"not_picked":["Headbutt","Twin Strike"],"picked":"Armaments","floor":1},{"not_picked":["Thunderclap","Searing Blow","Flex"],"picked":"SKIP","floor":3},{"not_picked":["Power Through","Heavy Blade"],"picked":"Shrug It Off","floor":5},{"not_picked":["Ghostly Armor","Flex"],"picked":"Uppercut","floor":8},{"not_picked":["Flex","Perfected Strike","Searing Blow"],"picked":"SKIP","floor":10},{"not_picked":["Wild Strike","Fiend Fire"],"picked":"Entrench","floor":12},{"not_picked":["Pommel Strike","Combust"],"picked":"Rampage","floor":13},{"not_picked":["Exhume","Brutality"],"picked":"Impervious","floor":16},{"not_picked":["Hemokinesis","Wild Strike","Anger"],"picked":"SKIP","floor":18},{"not_picked":["Iron Wave","Dropkick","Inflame"],"picked":"SKIP","floor":27},{"not_picked":["Clothesline","Heavy Blade"],"picked":"Shrug It Off+1","floor":28},{"not_picked":["Pommel Strike","Heavy Blade+1"],"picked":"True Grit+1","floor":29},{"not_picked":["Iron Wave","Rupture","Thunderclap"],"picked":"SKIP","floor":31},{"not_picked":["Sever Soul","Uppercut"],"picked":"Body Slam+1","floor":35},{"not_picked":["Sever Soul","Thunderclap"],"picked":"Burning Pact+1","floor":37},{"not_picked":["Armaments+1","Clash"],"picked":"Metallicize","floor":39},{"not_picked":["Reaper","True Grit+1","Sword Boomerang"],"picked":"SKIP","floor":41},{"not_picked":["Perfected Strike","Searing Blow+1","Pommel Strike"],"picked":"SKIP","floor":44},{"not_picked":["Uppercut+1","Disarm+1","Armaments+1"],"picked":"SKIP","floor":45},{"not_picked":["Armaments+1","Clothesline"],"picked":"Pommel Strike+1","floor":47},{"not_picked":["Heavy Blade","Body Slam+1"],"picked":"Entrench+1","floor":48},{"not_picked":["Armaments+1","Second Wind+1"],"picked":"Warcry+1","floor":49}],"player_experience":212509,"relics_obtained":[{"floor":8,"key":"Shuriken"},{"floor":9,"key":"Potion Belt"},{"floor":26,"key":"Regal Pillow"},{"floor":26,"key":"Toxic Egg 2"},{"floor":43,"key":"Art of War"},{"floor":43,"key":"Dream Catcher"}],"event_choices":[{"cards_removed":["Strike_R"],"damage_healed":0,"gold_gain":0,"player_choice":"Card Removal","damage_taken":0,"max_hp_gain":0,"max_hp_loss":0,"event_name":"The Cleric","floor":2,"gold_loss":75},{"damage_healed":0,"gold_gain":75,"player_choice":"Gather Gold","damage_taken":11,"max_hp_gain":0,"max_hp_loss":0,"event_name":"World of Goop","floor":4,"gold_loss":0},{"damage_healed":0,"gold_gain":0,"player_choice":"Trade","damage_taken":0,"relics_obtained":["FaceOfCleric"],"max_hp_gain":0,"max_hp_loss":0,"event_name":"FaceTrader","floor":7,"gold_loss":0},{"damage_healed":0,"gold_gain":0,"player_choice":"Success","damage_taken":5,"relics_obtained":["Turnip"],"max_hp_gain":0,"max_hp_loss":0,"event_name":"Scrap Ooze","floor":14,"gold_loss":0},{"damage_healed":0,"gold_gain":0,"player_choice":"Opened","damage_taken":0,"relics_obtained":["Matryoshka"],"max_hp_gain":0,"max_hp_loss":0,"event_name":"The Mausoleum","floor":20,"gold_loss":0,"cards_obtained":["Writhe"]},{"damage_healed":0,"gold_gain":0,"player_choice":"Ignored","damage_taken":0,"max_hp_gain":0,"max_hp_loss":0,"event_name":"Ghosts","floor":21,"gold_loss":0},{"damage_healed":0,"gold_gain":0,"player_choice":"Shed Blood","damage_taken":26,"max_hp_gain":5,"max_hp_loss":0,"event_name":"Forgotten Altar","floor":22,"gold_loss":0},{"damage_healed":0,"gold_gain":0,"player_choice":"Obtained Relic","damage_taken":0,"relics_obtained":["Incense Burner"],"max_hp_gain":0,"max_hp_loss":0,"event_name":"Addict","floor":30,"gold_loss":85},{"cards_removed":["Strike_R"],"damage_healed":0,"gold_gain":0,"player_choice":"Offered Basic","damage_taken":0,"max_hp_gain":0,"max_hp_loss":0,"event_name":"Bonfire Elementals","floor":36,"gold_loss":0},{"damage_healed":0,"gold_gain":0,"player_choice":"Ignored","damage_taken":0,"max_hp_gain":0,"max_hp_loss":0,"event_name":"Mysterious Sphere","floor":46,"gold_loss":0}],"is_beta":false,"boss_relics":[{"not_picked":["Philosopher\u0027s Stone","Lizard Tail"],"picked":"Velvet Choker"},{"not_picked":["Black Blood","Mark of Pain"],"picked":"Runic Cube"}],"items_purged_floors":[19,24],"is_endless":false,"potions_floor_spawned":[3,8,10,16,27,28,31,35,41],"ascension_level":17}