{"gold_per_floor":[119,119,131,56,76,106,106,106,188,188,188,201,216,234,234,311,311,330,177,193,210,210,244,256,268,303,315,35,35,62,73,73,147,147,163,163,177,190,190,204,204,204,274,305,20,20,32,42,42,42],"floor_reached":51,"playtime":1766,"items_purged":["Parasite","Writhe","Shame"],"score":1349,"play_id":"07bce599-d83b-4863-939c-2fa42a824a55","local_time":"20190824084206","is_ascension_mode":true,"campfire_choices":[{"data":"Bash","floor":7,"key":"SMITH"},{"floor":10,"key":"REST"},{"floor":15,"key":"REST"},{"data":"Barricade","floor":25,"key":"SMITH"},{"data":"Armaments","floor":27,"key":"SMITH"},{"floor":32,"key":"REST"},{"floor":42,"key":"RECALL"},{"floor":46,"key":"REST"},{"floor":49,"key":"REST"}],"neow_cost":"CURSE","seed_source_timestamp":186101976932400,"circlet_count":0,"master_deck":["AscendersBane","Strike_R+1","Strike_R+1","Strike_R+1","Strike_R+1","Defend_R+1","Defend_R+1","Defend_R+1","Defend_R+1","Bash+1","Shockwave+1","Pommel Strike","Flame Barrier","Whirlwind","Armaments+1","Spot Weakness","Impervious","Barricade+1","Body Slam","Shrug It Off","Battle Trance","Metallicize","Limit Break+1","Limit Break","Evolve","Uppercut+1"],"relics":["Burning Blood","Pocketwatch","Vajra","Question Card","Cursed Key","PreservedInsect","MawBank","MutagenicStrength","Pen Nib","Chemical X","Enchiridion","Anchor","Fusion Hammer","Gremlin Horn","Art of War"],"potions_floor_usage":[14,16,23,30,44,50,50],"damage_taken":[{"damage":8,"enemies":"Jaw Worm","floor":1,"turns":5},{"damage":9,"enemies":"Small Slimes","floor":3,"turns":4},{"damage":3,"enemies":"2 Louse","floor":5,"turns":3},{"damage":31,"enemies":"Gremlin Nob","floor":6,"turns":5},{"damage":0,"enemies":"Lots of Slimes","floor":12,"turns":1},{"damage":15,"enemies":"3 Louse","floor":13,"turns":3},{"damage":16,"enemies":"Large Slime","floor":14,"turns":5},{"damage":8,"enemies":"Slime Boss","floor":16,"turns":13},{"damage":21,"enemies":"Spheric Guardian","floor":18,"turns":6},{"damage":8,"enemies":"Chosen","floor":20,"turns":5},{"damage":13,"enemies":"Shelled Parasite and Fungi","floor":21,"turns":6},{"damage":7,"enemies":"Book of Stabbing","floor":23,"turns":4},{"damage":5,"enemies":"Slavers","floor":30,"turns":5},{"damage":0,"enemies":"Centurion and Healer","floor":31,"turns":3},{"damage":0,"enemies":"Collector","floor":33,"turns":8},{"damage":10,"enemies":"3 Shapes","floor":35,"turns":4},{"damage":8,"enemies":"Orb Walker","floor":37,"turns":3},{"damage":0,"enemies":"Spire Growth","floor":38,"turns":2},{"damage":0,"enemies":"3 Darklings","floor":40,"turns":2},{"damage":0,"enemies":"Nemesis","floor":44,"turns":3},{"damage":0,"enemies":"Writhing Mass","floor":47,"turns":3},{"damage":0,"enemies":"Jaw Worm Horde","floor":48,"turns":2},{"damage":30,"enemies":"Donu and Deca","floor":50,"turns":5}],"seed_played":"3229378734520100152","potions_obtained":[{"floor":5,"key":"Dexterity Potion"},{"floor":6,"key":"Swift Potion"},{"floor":13,"key":"EssenceOfSteel"},{"floor":14,"key":"PowerPotion"},{"floor":16,"key":"Strength Potion"},{"floor":20,"key":"Fire Potion"},{"floor":30,"key":"Fire Potion"},{"floor":35,"key":"Weak Potion"},{"floor":37,"key":"Strength Potion"},{"floor":44,"key":"Strength Potion"},{"floor":47,"key":"PowerPotion"}],"is_trial":false,"path_per_floor":["M","?","M","$","M","E","R","?","T","R","?","M","M","M","R","B",null,"M","$","M","M","?","E","?","R","T","R","$","?","E","M","R","B",null,"M","?","M","M","?","M","?","R","T","E","$","R","M","M","R","B",null],"character_chosen":"IRONCLAD","items_purchased":["PreservedInsect","Chemical X","Limit Break"],"campfire_rested":5,"item_purchase_floors":[19,28,45],"current_hp_per_floor":[66,43,40,40,43,18,18,18,18,39,39,45,36,26,47,45,65,50,50,48,41,41,40,40,40,40,40,40,19,20,26,47,53,67,63,63,61,67,67,72,72,72,72,72,72,72,72,72,72,48],"gold":42,"neow_bonus":"ONE_RARE_RELIC","is_prod":false,"is_daily":false,"chose_seed":false,"campfire_upgraded":3,"win_rate":0,"timestamp":1566603726,"path_taken":["M","?","M","$","M","E","R","?","T","R","?","M","M","?","R","BOSS","M","$","M","M","?","E","?","R","T","R","$","?","E","M","R","BOSS","M","?","?","M","?","?","?","R","T","E","$","R","M","M","R","BOSS"],"build_version":"2019-07-17","purchased_purges":3,"victory":true,"max_hp_per_floor":[75,75,75,72,72,72,72,72,72,72,72,72,72,72,72,72,72,72,72,72,72,72,72,72,72,72,72,72,72,72,72,72,72,72,72,72,72,72,72,72,72,72,72,72,72,72,72,72,72,72],"card_choices":[{"not_picked":["Perfected Strike","Flex"],"picked":"Shockwave","floor":1},{"not_picked":["Warcry","Ghostly Armor"],"picked":"Pommel Strike","floor":3},{"not_picked":["Uppercut","Warcry"],"picked":"Flame Barrier","floor":5},{"not_picked":["Disarm","Uppercut"],"picked":"Whirlwind","floor":6},{"not_picked":["Anger","Thunderclap","Pommel Strike"],"picked":"Armaments","floor":12},{"not_picked":["Blood for Blood","Second Wind","Sword Boomerang"],"picked":"Spot Weakness","floor":13},{"not_picked":["Iron Wave","True Grit","Flex"],"picked":"Impervious","floor":14},{"not_picked":["Berserk","Offering","Double Tap"],"picked":"Barricade","floor":16},{"not_picked":["True Grit","Thunderclap","Iron Wave"],"picked":"Body Slam","floor":18},{"not_picked":["Heavy Blade","Armaments","Hemokinesis"],"picked":"Shrug It Off","floor":20},{"not_picked":["Rage","Iron Wave","Ghostly Armor"],"picked":"Battle Trance","floor":21},{"not_picked":["Feel No Pain","Flex","Rupture+1","Fire Breathing"],"picked":"SKIP","floor":23},{"not_picked":["Feed","Wild Strike","Power Through+1"],"picked":"Metallicize","floor":30},{"not_picked":["Shrug It Off","Cleave","Burning Pact","Anger"],"picked":"SKIP","floor":31},{"not_picked":["Brutality","Fiend Fire","Dark Embrace"],"picked":"Limit Break","floor":33},{"not_picked":["Twin Strike","Spot Weakness","Cleave","Pommel Strike"],"picked":"SKIP","floor":35},{"not_picked":["Pommel Strike","Heavy Blade","Spot Weakness","Wild Strike+1"],"picked":"SKIP","floor":37},{"not_picked":["Sword Boomerang","Feel No Pain","Clothesline+1","Heavy Blade"],"picked":"SKIP","floor":38},{"not_picked":["Inflame","Rampage","Perfected Strike","Heavy Blade"],"picked":"SKIP","floor":40},{"not_picked":["Intimidate","Combust+1","Burning Pact","Twin Strike"],"picked":"SKIP","floor":44},{"not_picked":["Uppercut","Hemokinesis","Clash"],"picked":"Evolve","floor":47},{"not_picked":["Combust","Twin Strike","Whirlwind"],"picked":"Uppercut+1","floor":48}],"player_experience":192233,"relics_obtained":[{"floor":6,"key":"Vajra"},{"floor":9,"key":"Question Card"},{"floor":23,"key":"MawBank"},{"floor":26,"key":"Pen Nib"},{"floor":29,"key":"Enchiridion"},{"floor":30,"key":"Anchor"},{"floor":43,"key":"Gremlin Horn"},{"floor":44,"key":"Art of War"}],"event_choices":[{"damage_healed":0,"gold_gain":0,"player_choice":"Entered Light","damage_taken":23,"max_hp_gain":0,"max_hp_loss":0,"event_name":"Shining Light","floor":2,"gold_loss":0,"cards_upgraded":["Defend_R","Shockwave"]},{"damage_healed":0,"gold_gain":0,"player_choice":"Ignored","damage_taken":0,"max_hp_gain":0,"max_hp_loss":0,"event_name":"Liars Game","floor":8,"gold_loss":0},{"cards_removed":["Strike_R"],"damage_healed":0,"gold_gain":0,"player_choice":"Purged","damage_taken":0,"max_hp_gain":0,"max_hp_loss":0,"event_name":"Purifier","floor":11,"gold_loss":0},{"damage_healed":0,"gold_gain":0,"player_choice":"Simplicity","damage_taken":0,"max_hp_gain":0,"max_hp_loss":0,"event_name":"Back to Basics","floor":22,"gold_loss":0,"cards_upgraded":["Strike_R","Strike_R","Strike_R","Strike_R","Defend_R","Defend_R","Defend_R"]},{"damage_healed":0,"gold_gain":0,"player_choice":"Inject Mutagens","damage_taken":0,"relics_obtained":["MutagenicStrength"],"max_hp_gain":0,"max_hp_loss":0,"event_name":"Drug Dealer","floor":24,"gold_loss":0},{"damage_healed":0,"gold_gain":0,"player_choice":"Obtained Book","damage_taken":21,"max_hp_gain":0,"max_hp_loss":0,"event_name":"Cursed Tome","floor":29,"gold_loss":0},{"damage_healed":0,"gold_gain":0,"player_choice":"Forge","damage_taken":0,"max_hp_gain":0,"max_hp_loss":0,"event_name":"Accursed Blacksmith","floor":36,"gold_loss":0,"cards_upgraded":["Limit Break"]},{"damage_healed":0,"gold_gain":0,"player_choice":"0 cards matched","damage_taken":0,"max_hp_gain":0,"max_hp_loss":0,"event_name":"Match and Keep!","floor":39,"gold_loss":0,"cards_obtained":[]},{"damage_healed":0,"gold_gain":0,"player_choice":"Ignored","damage_taken":0,"max_hp_gain":0,"max_hp_loss":0,"event_name":"Tomb of Lord Red Mask","floor":41,"gold_loss":0}],"is_beta":false,"boss_relics":[{"not_picked":["White Beast Statue","Tiny House"],"picked":"Cursed Key"},{"not_picked":["Calling Bell","Runic Pyramid"],"picked":"Fusion Hammer"}],"items_purged_floors":[4,28,45],"is_endless":false,"potions_floor_spawned":[5,6,13,14,16,20,30,35,37,44,47],"ascension_level":15}