{"gold_per_floor":[115,135,151,169,119,151,151,151,151,163,68,68,103,128,128,128],"floor_reached":16,"playtime":880,"items_purged":[],"score":121,"play_id":"c89fd8f4-c9af-4201-b981-c69aaad03d45","local_time":"20190819033316","is_ascension_mode":true,"campfire_choices":[{"floor":8,"key":"REST"},{"floor":15,"key":"REST"}],"neow_cost":"NONE","seed_source_timestamp":431926889901000,"circlet_count":0,"master_deck":["Strike_R","Strike_R","Strike_R","Defend_R","Defend_R","Defend_R","Defend_R","Bash","Spot Weakness","Iron Wave","Anger","Seeing Red","Entrench","Armaments","Iron Wave","Regret","Shockwave","Corruption"],"relics":["Burning Blood","Oddly Smooth Stone","Happy Flower","Juzu Bracelet","Darkstone Periapt","Magic Flower","Odd Mushroom"],"potions_floor_usage":[6,13,14],"damage_taken":[{"damage":16,"enemies":"Cultist","floor":1,"turns":4},{"damage":7,"enemies":"2 Louse","floor":2,"turns":3},{"damage":0,"enemies":"Small Slimes","floor":3,"turns":4},{"damage":10,"enemies":"Looter","floor":4,"turns":3},{"damage":14,"enemies":"Gremlin Nob","floor":6,"turns":3},{"damage":17,"enemies":"Exordium Wildlife","floor":10,"turns":5},{"damage":22,"enemies":"Lagavulin","floor":13,"turns":7},{"damage":29,"enemies":"The Mushroom Lair","floor":14,"turns":6},{"damage":64,"enemies":"The Guardian","floor":16,"turns":12}],"seed_played":"2750670792223856785","potions_obtained":[{"floor":3,"key":"Fire Potion"},{"floor":4,"key":"Ancient Potion"},{"floor":13,"key":"Energy Potion"}],"is_trial":false,"path_per_floor":["M","M","M","M","?","E","?","R","T","M","$","?","E","?","R","B"],"character_chosen":"IRONCLAD","items_purchased":["Armaments","Iron Wave"],"campfire_rested":2,"item_purchase_floors":[11,11],"current_hp_per_floor":[70,69,75,71,71,63,56,80,80,69,69,75,59,39,64,0],"gold":128,"neow_bonus":"RANDOM_COMMON_RELIC","is_prod":false,"is_daily":false,"chose_seed":false,"campfire_upgraded":0,"win_rate":0,"timestamp":1566196396,"path_taken":["M","M","M","?","?","E","?","R","T","M","$","?","E","?","R","BOSS"],"build_version":"2019-07-17","purchased_purges":0,"victory":false,"max_hp_per_floor":[80,80,80,80,80,80,80,80,80,80,80,86,86,86,86,86],"card_choices":[{"not_picked":["Wild Strike","Pummel"],"picked":"Spot Weakness","floor":1},{"not_picked":["Wild Strike","Pommel Strike"],"picked":"Iron Wave","floor":2},{"not_picked":["Infernal Blade","Hemokinesis","Sentinel"],"picked":"SKIP","floor":3},{"not_picked":["Thunderclap","Dual Wield"],"picked":"Anger","floor":4},{"not_picked":["Twin Strike","Reckless Charge"],"picked":"Seeing Red","floor":6},{"not_picked":["Twin Strike","Pommel Strike"],"picked":"Entrench","floor":10},{"not_picked":["Pommel Strike","Fire Breathing"],"picked":"Shockwave","floor":13},{"not_picked":["Evolve","Rupture"],"picked":"Corruption","floor":14}],"player_experience":145141,"relics_obtained":[{"floor":6,"key":"Happy Flower"},{"floor":9,"key":"Juzu Bracelet"},{"floor":13,"key":"Magic Flower"},{"floor":14,"key":"Odd Mushroom"}],"event_choices":[{"cards_removed":["Strike_R"],"damage_healed":0,"gold_gain":0,"player_choice":"Card Removal","damage_taken":0,"max_hp_gain":0,"max_hp_loss":0,"event_name":"The Cleric","floor":5,"gold_loss":50},{"cards_removed":["Strike_R"],"damage_healed":0,"gold_gain":0,"player_choice":"Card Removal","damage_taken":7,"max_hp_gain":0,"max_hp_loss":0,"event_name":"Golden Wing","floor":7,"gold_loss":0},{"damage_healed":0,"gold_gain":0,"player_choice":"Box","damage_taken":0,"relics_obtained":["Darkstone Periapt"],"max_hp_gain":0,"max_hp_loss":0,"event_name":"Big Fish","floor":12,"gold_loss":0,"cards_obtained":["Regret"]},{"damage_healed":0,"gold_gain":0,"player_choice":"Fought Mushrooms","damage_taken":0,"max_hp_gain":0,"max_hp_loss":0,"event_name":"Mushrooms","floor":14,"gold_loss":0}],"is_beta":false,"boss_relics":[],"items_purged_floors":[],"is_endless":false,"potions_floor_spawned":[3,4,13],"killed_by":"The Guardian","ascension_level":2}