{"gold_per_floor":[113,113,125,141,17,17,80,108,135,152,152,179,179,211,211,309,309,280,122,122,142,156,191,204,204,230,230,243,243,7,18,18,123,123,136,136,136,152,167,167,192,192,192,219,238,238,87,97,97,97],"floor_reached":51,"playtime":2219,"items_purged":["Pain","Defend_R"],"score":1187,"play_id":"a3f7b1e7-3dd3-4d9e-96dd-20aa6c16621b","local_time":"20190824022457","is_ascension_mode":true,"campfire_choices":[{"data":"Bash","floor":6.0,"key":"SMITH"},{"data":"Inflame","floor":11.0,"key":"SMITH"},{"data":"Sword Boomerang","floor":13.0,"key":"SMITH"},{"data":"Metallicize","floor":15.0,"key":"SMITH"},{"floor":25.0,"key":"REST"},{"data":"Immolate","floor":27.0,"key":"SMITH"},{"data":"Immolate","floor":29.0,"key":"SMITH"},{"floor":32.0,"key":"REST"},{"data":"Pummel","floor":40.0,"key":"SMITH"},{"floor":42.0,"key":"REST"},{"data":"Heavy Blade","floor":46.0,"key":"SMITH"},{"data":"Sword Boomerang","floor":49.0,"key":"SMITH"}],"neow_cost":"CURSE","seed_source_timestamp":68861273257099,"circlet_count":0,"master_deck":["AscendersBane","Strike_R","Strike_R","Strike_R","Strike_R+1","Defend_R","Defend_R+1","Defend_R+1","Bash+1","Carnage","Metallicize+1","True Grit","Clothesline","Whirlwind+1","Inflame+1","Thunderclap","Sword Boomerang+1","Power Through","Iron Wave","Twin Strike","Reaper","Reaper","Heavy Blade+1","Inflame","Immolate+1","Shrug It Off","Sword Boomerang+1","Immolate+1","Heavy Blade+1","Spot Weakness","Immolate","Corruption","True Grit","Fiend Fire","Pommel Strike+1","Power Through+1","Pummel+1","Perfected Strike+1","Cleave+1","Perfected Strike+1","Clash","Twin Strike"],"special_seed":0,"relics":["Burning Blood","Prayer Wheel","Strawberry","Whetstone","War Paint","Anchor","Sundial","Lizard Tail","Bag of Preparation","Potion Belt","Brimstone","Sozu","Vajra","Paper Frog","Question Card"],"potions_floor_usage":[],"damage_taken":[{"damage":15.0,"enemies":"Small Slimes","floor":1.0,"turns":4.0},{"damage":13.0,"enemies":"2 Louse","floor":3.0,"turns":3.0},{"damage":7.0,"enemies":"Cultist","floor":4.0,"turns":4.0},{"damage":16.0,"enemies":"Gremlin Nob","floor":7.0,"turns":3.0},{"damage":15.0,"enemies":"3 Sentries","floor":8.0,"turns":3.0},{"damage":5.0,"enemies":"Lots of Slimes","floor":10.0,"turns":3.0},{"damage":17.0,"enemies":"Lagavulin","floor":12.0,"turns":6.0},{"damage":27.0,"enemies":"Gremlin Nob","floor":14.0,"turns":4.0},{"damage":21.0,"enemies":"Hexaghost","floor":16.0,"turns":13.0},{"damage":11.0,"enemies":"2 Thieves","floor":18.0,"turns":5.0},{"damage":6.0,"enemies":"3 Byrds","floor":21.0,"turns":4.0},{"damage":38.0,"enemies":"Snake Plant","floor":22.0,"turns":4.0},{"damage":64.0,"enemies":"Slavers","floor":23.0,"turns":4.0},{"damage":21.0,"enemies":"Snecko","floor":24.0,"turns":5.0},{"damage":12.0,"enemies":"3 Cultists","floor":28.0,"turns":4.0},{"damage":30.0,"enemies":"Snake Plant","floor":31.0,"turns":3.0},{"damage":52.0,"enemies":"Automaton","floor":33.0,"turns":6.0},{"damage":0.0,"enemies":"3 Darklings","floor":35.0,"turns":4.0},{"damage":33.0,"enemies":"3 Shapes","floor":38.0,"turns":5.0},{"damage":21.0,"enemies":"Spire Growth","floor":39.0,"turns":4.0},{"damage":36.0,"enemies":"Reptomancer","floor":41.0,"turns":5.0},{"damage":46.0,"enemies":"Nemesis","floor":44.0,"turns":5.0},{"damage":6.0,"enemies":"Sphere and 2 Shapes","floor":45.0,"turns":2.0},{"damage":0.0,"enemies":"Transient","floor":48.0,"turns":5.0},{"damage":112,"enemies":"Donu and Deca","floor":50,"turns":6}],"seed_played":"-3950751254170902209","potions_obtained":[{"floor":1.0,"key":"Dexterity Potion"},{"floor":8.0,"key":"AttackPotion"},{"floor":10.0,"key":"Explosive Potion"},{"floor":16.0,"key":"PowerPotion"},{"floor":20.0,"key":"Strength Potion"},{"floor":22.0,"key":"LiquidBronze"},{"floor":23.0,"key":"Regen Potion"},{"floor":24.0,"key":"Explosive Potion"},{"floor":31.0,"key":"Strength Potion"}],"is_trial":false,"path_per_floor":["M","?","M","M","$","R","?","E","T","M","R","E","R","E","R","B",null,"M","$","?","M","M","E","M","R","T","R","M","R","$","M","R","B",null,"M","?","?","M","M","R","E","R","T","E","M","R","$","M","R","B",null],"character_chosen":"IRONCLAD","items_purchased":["SteroidPotion","Immolate","Brimstone","Corruption","Clash"],"campfire_rested":3,"item_purchase_floors":[5,19,30,30,47],"current_hp_per_floor":[63,68,61,60,60,60,57,48,48,49,49,38,38,17,17,9,71,73,73,73,87,62,19,28,55,55,55,49,49,49,33,60,41,79,92,92,92,65,63,63,59,86,86,64,90,90,90,92,92,71],"gold":97,"neow_bonus":"ONE_RARE_RELIC","is_prod":false,"is_daily":false,"chose_seed":false,"campfire_upgraded":9,"win_rate":1,"timestamp":1566577497,"path_taken":["M","?","M","M","$","R","?","E","T","M","R","E","R","E","R","BOSS","M","$","?","M","?","E","?","R","T","R","M","R","$","M","R","BOSS","M","?","?","?","M","R","E","R","T","E","M","R","$","M","R","BOSS"],"build_version":"2019-07-17","purchased_purges":2,"victory":true,"max_hp_per_floor":[80,85,85,85,85,85,92,92,92,92,92,92,92,92,92,92,92,92,92,92,92,92,92,92,92,92,92,92,92,92,92,92,92,92,92,92,92,92,92,92,92,92,92,92,92,92,92,92,92,92],"card_choices":[{"not_picked":["Blood for Blood","Infernal Blade"],"picked":"Carnage","floor":1.0},{"not_picked":["Seeing Red","Body Slam"],"picked":"Metallicize","floor":1.0},{"not_picked":["Entrench","Bloodletting"],"picked":"True Grit","floor":3.0},{"not_picked":["Sword Boomerang","Second Wind"],"picked":"Clothesline","floor":3.0},{"not_picked":["Wild Strike","Armaments"],"picked":"Whirlwind","floor":4.0},{"not_picked":["Whirlwind","Power Through"],"picked":"Inflame","floor":4.0},{"not_picked":["Wild Strike","Clothesline"],"picked":"Thunderclap","floor":7.0},{"not_picked":["Infernal Blade","Iron Wave"],"picked":"Sword Boomerang","floor":8.0},{"not_picked":["Feel No Pain","Cleave"],"picked":"Power Through","floor":10.0},{"not_picked":["Rupture","Searing Blow"],"picked":"Iron Wave","floor":10.0},{"not_picked":["Clash","True Grit"],"picked":"Twin Strike","floor":12.0},{"not_picked":["Combust","Flame Barrier"],"picked":"Reaper","floor":14.0},{"not_picked":["Bludgeon","Juggernaut"],"picked":"Reaper","floor":16.0},{"not_picked":["Warcry","Metallicize"],"picked":"Heavy Blade+1","floor":18.0},{"not_picked":["Entrench","Pummel"],"picked":"Inflame","floor":18.0},{"not_picked":["Body Slam","Blood for Blood"],"picked":"Shrug It Off","floor":21.0},{"not_picked":["Evolve","Body Slam"],"picked":"Sword Boomerang","floor":21.0},{"not_picked":["Second Wind","Twin Strike","Pommel Strike"],"picked":"SKIP","floor":22.0},{"not_picked":["Anger","Whirlwind","Wild Strike"],"picked":"SKIP","floor":22.0},{"not_picked":["Burning Pact","Clothesline"],"picked":"Immolate","floor":23.0},{"not_picked":["Rage","Pommel Strike"],"picked":"Heavy Blade","floor":24.0},{"not_picked":["Flex","Headbutt","Wild Strike"],"picked":"SKIP","floor":24.0},{"not_picked":["Pummel","Headbutt"],"picked":"Spot Weakness","floor":28.0},{"not_picked":["Havoc","Thunderclap+1"],"picked":"Immolate","floor":28.0},{"not_picked":["Bloodletting","Clash"],"picked":"True Grit","floor":31.0},{"not_picked":["Flex","Second Wind","Burning Pact"],"picked":"SKIP","floor":31.0},{"not_picked":["Feed","Juggernaut"],"picked":"Fiend Fire","floor":33.0},{"not_picked":["Flex","Body Slam"],"picked":"Pommel Strike+1","floor":35.0},{"not_picked":["Warcry","True Grit","Second Wind+1"],"picked":"SKIP","floor":35.0},{"not_picked":["Warcry","Clothesline+1"],"picked":"Power Through+1","floor":38.0},{"not_picked":["Whirlwind","Iron Wave"],"picked":"Pummel","floor":38.0},{"not_picked":["Havoc","Flame Barrier"],"picked":"Perfected Strike+1","floor":39.0},{"not_picked":["Reckless Charge+1","Body Slam","Ghostly Armor"],"picked":"SKIP","floor":39.0},{"not_picked":["Intimidate","Burning Pact","Barricade"],"picked":"SKIP","floor":41.0},{"not_picked":["Sever Soul","Thunderclap"],"picked":"Cleave+1","floor":44.0},{"not_picked":["Clothesline","Havoc+1","Clash"],"picked":"Perfected Strike+1","floor":45.0},{"not_picked":["Armaments","Dark Embrace","Wild Strike","Iron Wave"],"picked":"SKIP","floor":45.0},{"not_picked":["Bloodletting","True Grit","Warcry"],"picked":"Twin Strike","floor":48.0},{"not_picked":["Iron Wave","Body Slam","Fire Breathing","Seeing Red"],"picked":"SKIP","floor":48.0}],"player_experience":68290,"relics_obtained":[{"floor":7.0,"key":"Strawberry"},{"floor":8.0,"key":"Whetstone"},{"floor":9.0,"key":"War Paint"},{"floor":12.0,"key":"Anchor"},{"floor":14.0,"key":"Sundial"},{"floor":23.0,"key":"Bag of Preparation"},{"floor":26.0,"key":"Potion Belt"},{"floor":41.0,"key":"Vajra"},{"floor":43.0,"key":"Paper Frog"},{"floor":44.0,"key":"Question Card"}],"event_choices":[{"damage_healed":0.0,"max_hp_gain":5.0,"max_hp_loss":0.0,"gold_gain":0.0,"event_name":"Big Fish","player_choice":"Donut","floor":2.0,"gold_loss":0.0,"damage_taken":0.0},{"damage_healed":0.0,"max_hp_gain":0.0,"max_hp_loss":0.0,"gold_gain":30.0,"event_name":"Dead Adventurer","player_choice":"Searched \u00272\u0027 times","floor":7.0,"gold_loss":0.0,"damage_taken":0.0},{"damage_healed":0.0,"max_hp_gain":0.0,"max_hp_loss":0.0,"gold_gain":0.0,"event_name":"Lab","player_choice":"Got Potions","floor":20.0,"gold_loss":0.0,"damage_taken":0.0},{"cards_removed":["Strike_R"],"damage_healed":0.0,"max_hp_gain":0.0,"max_hp_loss":0.0,"gold_gain":0.0,"event_name":"Falling","player_choice":"Removed Attack","floor":36.0,"gold_loss":0.0,"damage_taken":0.0},{"damage_healed":0.0,"max_hp_gain":0.0,"max_hp_loss":0.0,"gold_gain":0.0,"event_name":"Match and Keep!","player_choice":"0 cards matched","floor":37.0,"gold_loss":0.0,"damage_taken":0.0,"cards_obtained":[]}],"is_beta":false,"boss_relics":[{"not_picked":["Runic Pyramid","Orrery"],"picked":"Lizard Tail"},{"not_picked":["Tiny House","Astrolabe"],"picked":"Sozu"}],"items_purged_floors":[5,47],"is_endless":false,"potions_floor_spawned":[1,8,10,16,22,23,24,31,39,41,44],"ascension_level":12}