{"gold_per_floor":[118,118,130,130,130,164,164,188,211,161,176,176,176,197,197,197],"floor_reached":16,"playtime":435,"items_purged":["Strike_R"],"score":147,"play_id":"056567bd-10ee-470a-8663-de4ca593797c","local_time":"20190602135545","is_ascension_mode":true,"campfire_choices":[{"floor":7,"key":"REST"},{"floor":12,"key":"REST"},{"floor":15,"key":"REST"}],"neow_cost":"NONE","seed_source_timestamp":73347629196400,"circlet_count":0,"master_deck":["AscendersBane","Strike_R","Strike_R","Strike_R","Strike_R","Defend_R","Defend_R","Defend_R","Defend_R","Bash+1"],"relics":["Burning Blood","Bag of Preparation","Golden Idol","Juzu Bracelet","Smiling Mask","Art of War","Potion Belt"],"potions_floor_usage":[6,6],"damage_taken":[{"damage":13,"enemies":"Small Slimes","floor":1,"turns":5},{"damage":11,"enemies":"2 Louse","floor":3,"turns":2},{"damage":60,"enemies":"Lagavulin","floor":6,"turns":7},{"damage":1,"enemies":"Cultist","floor":11,"turns":3},{"damage":19,"enemies":"Exordium Wildlife","floor":14,"turns":5},{"damage":40,"enemies":"Hexaghost","floor":16,"turns":7}],"seed_played":"-1765629140789723423","potions_obtained":[{"floor":1,"key":"Ancient Potion"},{"floor":3,"key":"BloodPotion"}],"is_trial":false,"path_per_floor":["M","?","M","?","?","E","R","T","T","$","M","R","?","M","R","B"],"character_chosen":"IRONCLAD","items_purchased":[],"campfire_rested":3,"item_purchase_floors":[],"current_hp_per_floor":[65,80,75,63,63,16,38,38,38,38,43,65,65,52,74,34],"gold":197,"neow_bonus":"UPGRADE_CARD","is_prod":false,"is_daily":false,"chose_seed":false,"campfire_upgraded":0,"win_rate":0,"timestamp":1559498145,"path_taken":["M","?","M","?","?","E","R","?","T","$","M","R","?","M","R","BOSS"],"build_version":"2019-01-23","purchased_purges":1,"victory":false,"max_hp_per_floor":[80,80,80,80,74,74,74,74,74,74,74,74,74,74,74,74],"card_choices":[{"not_picked":["Power Through","Hemokinesis","True Grit"],"picked":"SKIP","floor":1},{"not_picked":["Iron Wave","Disarm","Sword Boomerang"],"picked":"SKIP","floor":3},{"not_picked":["Bludgeon","Blood for Blood","Cleave"],"picked":"SKIP","floor":6},{"not_picked":["Infernal Blade","Sword Boomerang","Perfected Strike"],"picked":"SKIP","floor":11},{"not_picked":["Second Wind","Searing Blow","Rage"],"picked":"SKIP","floor":14},{"not_picked":["Second Wind","Searing Blow","Rage"],"picked":"SKIP","floor":14}],"player_experience":3827254,"relics_obtained":[{"floor":6,"key":"Juzu Bracelet"},{"floor":8,"key":"Smiling Mask"},{"floor":9,"key":"Art of War"}],"event_choices":[{"damage_healed":26,"gold_gain":0,"player_choice":"Banana","damage_taken":0,"max_hp_gain":0,"max_hp_loss":0,"event_name":"Big Fish","floor":2,"gold_loss":0},{"damage_healed":0,"gold_gain":0,"player_choice":"Success","damage_taken":12,"relics_obtained":["Bag of Preparation"],"max_hp_gain":0,"max_hp_loss":0,"event_name":"Scrap Ooze","floor":4,"gold_loss":0},{"damage_healed":0,"gold_gain":0,"player_choice":"Lose Max HP","damage_taken":0,"relics_obtained":["Golden Idol"],"max_hp_gain":0,"max_hp_loss":6,"event_name":"Golden Idol","floor":5,"gold_loss":0},{"damage_healed":0,"gold_gain":0,"player_choice":"Searched \u00272\u0027 times","damage_taken":0,"relics_obtained":["Potion Belt"],"max_hp_gain":0,"max_hp_loss":0,"event_name":"Dead Adventurer","floor":13,"gold_loss":0}],"is_beta":false,"boss_relics":[],"items_purged_floors":[10],"is_endless":false,"potions_floor_spawned":[1,3],"killed_by":"Hexaghost","ascension_level":10}