{"gold_per_floor":[109,109,129,129,141,168,243,243,243,243,256,256,268,302,302,302],"floor_reached":16,"playtime":2570,"items_purged":[],"score":110,"play_id":"80fb7601-ac57-41dc-b786-2af9a7ed12ee","local_time":"20190818191000","is_ascension_mode":false,"campfire_choices":[{"floor":10,"key":"REST"},{"data":"Bash","floor":12,"key":"SMITH"},{"data":"Feed","floor":15,"key":"SMITH"}],"neow_cost":"NONE","seed_source_timestamp":400043641505200,"circlet_count":0,"master_deck":["Strike_R","Strike_R","Strike_R","Strike_R","Strike_R","Defend_R","Defend_R","Defend_R","Defend_R+1","Bash+1","Immolate","Armaments+1","Corruption+1","Offering","Feed+1"],"relics":["Burning Blood","Peace Pipe","Champion Belt"],"potions_floor_usage":[16,16,16],"damage_taken":[{"damage":6,"enemies":"Jaw Worm","floor":1,"turns":6},{"damage":0,"enemies":"Cultist","floor":3,"turns":3},{"damage":0,"enemies":"Small Slimes","floor":5,"turns":2},{"damage":19,"enemies":"3 Sentries","floor":6,"turns":5},{"damage":6,"enemies":"3 Louse","floor":11,"turns":2},{"damage":6,"enemies":"Looter","floor":13,"turns":2},{"damage":20,"enemies":"Gremlin Nob","floor":14,"turns":4},{"damage":67,"enemies":"The Guardian","floor":16,"turns":10}],"seed_played":"-8418491689986462840","potions_obtained":[{"floor":3,"key":"Explosive Potion"},{"floor":13,"key":"Ancient Potion"},{"floor":14,"key":"SpeedPotion"}],"is_trial":false,"path_per_floor":["M","?","M","?","M","E","?","?","T","R","M","R","M","E","R","B"],"character_chosen":"IRONCLAD","items_purchased":[],"campfire_rested":1,"item_purchase_floors":[],"current_hp_per_floor":[80,64,70,80,80,67,56,56,56,80,80,80,80,66,66,0],"gold":302,"neow_bonus":"ONE_RANDOM_RARE_CARD","is_prod":false,"is_daily":false,"chose_seed":false,"campfire_upgraded":2,"win_rate":0,"timestamp":1566166200,"path_taken":["M","?","M","?","?","E","?","?","T","R","M","R","M","E","R","BOSS"],"build_version":"2019-07-17","purchased_purges":0,"victory":false,"max_hp_per_floor":[80,80,80,80,80,80,80,80,80,80,80,80,80,80,80,80],"card_choices":[{"not_picked":["Wild Strike","Body Slam"],"picked":"Armaments","floor":1},{"not_picked":["Armaments","True Grit"],"picked":"Corruption","floor":3},{"not_picked":["Blood for Blood","Clothesline","Headbutt"],"picked":"SKIP","floor":5},{"not_picked":["Rupture","Combust","Anger"],"picked":"SKIP","floor":6},{"not_picked":["Flex","Twin Strike"],"picked":"Offering","floor":11},{"not_picked":["True Grit","Perfected Strike","Cleave"],"picked":"SKIP","floor":13},{"not_picked":["True Grit","Blood for Blood"],"picked":"Feed","floor":14}],"player_experience":125934,"relics_obtained":[{"floor":6,"key":"Peace Pipe"},{"floor":14,"key":"Champion Belt"}],"event_choices":[{"damage_healed":0,"gold_gain":0,"player_choice":"Entered Light","damage_taken":16,"max_hp_gain":0,"max_hp_loss":0,"event_name":"Shining Light","floor":2,"gold_loss":0,"cards_upgraded":["Defend_R","Armaments"]},{"damage_healed":10,"gold_gain":0,"player_choice":"Full Heal","damage_taken":0,"max_hp_gain":0,"max_hp_loss":0,"event_name":"Wheel of Change","floor":4,"gold_loss":0},{"damage_healed":0,"gold_gain":75,"player_choice":"Gather Gold","damage_taken":11,"max_hp_gain":0,"max_hp_loss":0,"event_name":"World of Goop","floor":7,"gold_loss":0},{"damage_healed":0,"gold_gain":0,"player_choice":"Grow","damage_taken":0,"max_hp_gain":0,"max_hp_loss":0,"event_name":"Living Wall","floor":8,"gold_loss":0,"cards_upgraded":["Corruption"]}],"is_beta":false,"boss_relics":[],"items_purged_floors":[],"is_endless":false,"potions_floor_spawned":[3,13,14],"killed_by":"The Guardian","ascension_level":0}