{"gold_per_floor":[117,67,67,67,19,19,52,69,115,115,130,130,148,248,248,248],"floor_reached":16,"playtime":1264,"items_purged":[],"score":98,"play_id":"e634f9f6-6933-4769-8e97-95e1ea27ef64","local_time":"20190818122955","is_ascension_mode":false,"campfire_choices":[{"data":"Infinite Blades","floor":6,"key":"SMITH"},{"floor":10,"key":"REST"},{"floor":15,"key":"REST"}],"neow_cost":"NONE","seed_source_timestamp":377342321401500,"circlet_count":0,"master_deck":["Strike_G","Strike_G","Strike_G","Strike_G","Defend_G","Defend_G","Defend_G","Defend_G","Defend_G","Survivor","Neutralize","Infinite Blades+1","Blade Dance","Backflip","Blade Dance","Blade Dance","Regret","Finisher"],"relics":["Ring of the Snake","Snake Skull","Potion Belt","Paper Crane"],"potions_floor_usage":[],"damage_taken":[{"damage":0,"enemies":"Small Slimes","floor":1,"turns":3},{"damage":28,"enemies":"Gremlin Nob","floor":7,"turns":5},{"damage":0,"enemies":"Jaw Worm","floor":8,"turns":4},{"damage":0,"enemies":"2 Louse","floor":11,"turns":3},{"damage":20,"enemies":"Lots of Slimes","floor":13,"turns":6},{"damage":66,"enemies":"Hexaghost","floor":16,"turns":14}],"seed_played":"-8364770401509472892","potions_obtained":[],"is_trial":false,"path_per_floor":["M","?","$","?","$","R","E","M","T","R","M","?","M","?","R","B"],"character_chosen":"THE_SILENT","items_purchased":["Backflip"],"campfire_rested":2,"item_purchase_floors":[5],"current_hp_per_floor":[70,70,70,70,70,70,42,42,42,63,63,63,43,43,64,0],"gold":248,"neow_bonus":"THREE_CARDS","is_prod":false,"is_daily":false,"chose_seed":false,"campfire_upgraded":1,"win_rate":0.0,"timestamp":1566142195,"path_taken":["M","?","$","?","?","R","E","M","T","R","M","?","M","?","R","BOSS"],"build_version":"2019-07-17","purchased_purges":0,"victory":false,"max_hp_per_floor":[70,70,70,70,70,70,70,70,70,70,70,70,70,70,70,70],"card_choices":[{"not_picked":["Bouncing Flask","Underhanded Strike"],"picked":"Infinite Blades","floor":0},{"not_picked":["Outmaneuver","Riddle With Holes"],"picked":"Blade Dance","floor":1},{"not_picked":["Glass Knife","Finisher"],"picked":"Blade Dance","floor":7},{"not_picked":["Masterful Stab","PiercingWail"],"picked":"Blade Dance","floor":8},{"not_picked":["Skewer","Dash","Dagger Spray"],"picked":"SKIP","floor":11},{"not_picked":["PiercingWail","Dodge and Roll"],"picked":"Finisher","floor":13}],"player_experience":104175,"relics_obtained":[{"floor":7,"key":"Snake Skull"},{"floor":9,"key":"Potion Belt"}],"event_choices":[{"cards_removed":["Strike_G"],"damage_healed":0,"gold_gain":0,"player_choice":"Card Removal","damage_taken":0,"max_hp_gain":0,"max_hp_loss":0,"event_name":"The Cleric","floor":2,"gold_loss":50},{"damage_healed":0,"gold_gain":0,"player_choice":"Ignored","damage_taken":0,"max_hp_gain":0,"max_hp_loss":0,"event_name":"Liars Game","floor":4,"gold_loss":0},{"damage_healed":0,"gold_gain":0,"player_choice":"Box","damage_taken":0,"relics_obtained":["Paper Crane"],"max_hp_gain":0,"max_hp_loss":0,"event_name":"Big Fish","floor":12,"gold_loss":0,"cards_obtained":["Regret"]},{"damage_healed":0,"gold_gain":100,"player_choice":"Pray","damage_taken":0,"max_hp_gain":0,"max_hp_loss":0,"event_name":"Golden Shrine","floor":14,"gold_loss":0}],"is_beta":false,"boss_relics":[],"items_purged_floors":[],"is_endless":false,"potions_floor_spawned":[],"killed_by":"Hexaghost","ascension_level":0}