{"gold_per_floor":[112,124,141,151,165,200,200,235,235,250,250,267,267,278,278,378,378,393,408,408,323,5,5,30,30,30,30,50,70,99,112,112,112],"floor_reached":33,"playtime":1974,"items_purged":[],"score":331,"play_id":"46e33535-b758-4821-bb35-5ba39c3b1c0e","local_time":"20190825234515","is_ascension_mode":true,"campfire_choices":[{"floor":7,"key":"REST"},{"floor":11,"key":"REST"},{"floor":13,"key":"REST"},{"data":"Barricade","floor":15,"key":"SMITH"},{"floor":23,"key":"REST"},{"floor":32,"key":"REST"}],"neow_cost":"NONE","seed_source_timestamp":1021944885161200,"circlet_count":0,"master_deck":["Strike_R+1","Strike_R+1","Strike_R+1","Strike_R+1","Strike_R+1","Defend_R+1","Defend_R+1","Defend_R+1","Defend_R+1","Bash","Flame Barrier","Immolate","Cleave","Cleave","Barricade+1","Juggernaut","Body Slam","True Grit","J.A.X."],"relics":["Black Blood","Ancient Tea Set","Kunai","PreservedInsect","Orichalcum","Bag of Preparation","Shuriken","Bottled Tornado","Pear","Pen Nib"],"potions_floor_usage":[5,5,6,16,28,28,29,30],"damage_taken":[{"damage":0,"enemies":"Small Slimes","floor":1,"turns":3},{"damage":12,"enemies":"Jaw Worm","floor":2,"turns":5},{"damage":1,"enemies":"2 Louse","floor":3,"turns":5},{"damage":20,"enemies":"Exordium Thugs","floor":4,"turns":7},{"damage":24,"enemies":"Large Slime","floor":5,"turns":5},{"damage":39,"enemies":"Lagavulin","floor":6,"turns":7},{"damage":13,"enemies":"3 Sentries","floor":8,"turns":3},{"damage":18,"enemies":"Gremlin Gang","floor":10,"turns":2},{"damage":0,"enemies":"2 Fungi Beasts","floor":12,"turns":1},{"damage":3,"enemies":"Blue Slaver","floor":14,"turns":2},{"damage":19,"enemies":"Slime Boss","floor":16,"turns":8},{"damage":29,"enemies":"3 Byrds","floor":18,"turns":4},{"damage":37,"enemies":"Chosen","floor":19,"turns":6},{"damage":1,"enemies":"Slavers","floor":24,"turns":2},{"damage":40,"enemies":"Snake Plant","floor":28,"turns":5},{"damage":11,"enemies":"Cultist and Chosen","floor":29,"turns":6},{"damage":33,"enemies":"Book of Stabbing","floor":30,"turns":5},{"damage":29,"enemies":"Centurion and Healer","floor":31,"turns":8},{"damage":77,"enemies":"Collector","floor":33,"turns":6}],"seed_played":"-4483301551585387078","potions_obtained":[{"floor":3,"key":"Dexterity Potion"},{"floor":4,"key":"Energy Potion"},{"floor":5,"key":"FearPotion"},{"floor":10,"key":"Energy Potion"},{"floor":19,"key":"PowerPotion"},{"floor":28,"key":"EssenceOfSteel"},{"floor":29,"key":"Regen Potion"}],"is_trial":false,"path_per_floor":["M","M","M","M","M","E","R","E","T","M","R","M","R","M","R","B",null,"M","M","?","?","$","R","E","$","T","?","M","M","E","M","R","B"],"character_chosen":"IRONCLAD","items_purchased":["Shuriken","BloodPotion"],"campfire_rested":5,"item_purchase_floors":[22,22],"current_hp_per_floor":[80,74,79,65,47,14,38,31,31,19,43,49,73,76,76,63,80,61,34,34,34,34,58,67,67,77,77,69,68,59,40,67,0],"gold":112,"neow_bonus":"RANDOM_COMMON_RELIC","is_prod":false,"is_daily":false,"chose_seed":false,"campfire_upgraded":1,"win_rate":0,"timestamp":1566787515,"path_taken":["M","M","M","M","M","E","R","E","T","M","R","M","R","M","R","BOSS","M","M","?","?","$","R","E","?","T","?","M","M","E","M","R","BOSS"],"build_version":"2019-07-17","purchased_purges":0,"victory":false,"max_hp_per_floor":[80,80,80,80,80,80,80,80,80,80,80,80,80,80,80,80,80,80,80,80,80,80,80,80,80,90,90,90,90,90,90,90,90],"card_choices":[{"not_picked":["Wild Strike","Flex","Clothesline"],"picked":"SKIP","floor":1},{"not_picked":["Pommel Strike","Perfected Strike"],"picked":"Flame Barrier","floor":2},{"not_picked":["Wild Strike","Body Slam","Clash"],"picked":"SKIP","floor":3},{"not_picked":["Infernal Blade","Inflame"],"picked":"Immolate","floor":4},{"not_picked":["Heavy Blade","Havoc"],"picked":"Cleave","floor":5},{"not_picked":["Iron Wave","Cleave","Wild Strike"],"picked":"SKIP","floor":6},{"not_picked":["Iron Wave","Heavy Blade","Hemokinesis"],"picked":"SKIP","floor":8},{"not_picked":["Sword Boomerang","True Grit","Twin Strike"],"picked":"SKIP","floor":10},{"not_picked":["True Grit","Reckless Charge"],"picked":"Cleave","floor":12},{"not_picked":["Body Slam","True Grit"],"picked":"Barricade","floor":14},{"not_picked":["Berserk","Dark Embrace"],"picked":"Juggernaut","floor":16},{"not_picked":["Perfected Strike+1","Pommel Strike","Headbutt"],"picked":"SKIP","floor":18},{"not_picked":["Pommel Strike+1","Havoc"],"picked":"Body Slam","floor":19},{"not_picked":["Body Slam+1","Sword Boomerang"],"picked":"True Grit","floor":24},{"not_picked":["Wild Strike+1","Sword Boomerang","Inflame"],"picked":"SKIP","floor":28},{"not_picked":["Headbutt+1","Wild Strike","Fiend Fire"],"picked":"SKIP","floor":29},{"not_picked":["Reckless Charge","Sword Boomerang","Warcry"],"picked":"SKIP","floor":30},{"not_picked":["Clash","Wild Strike+1","Sever Soul"],"picked":"SKIP","floor":31}],"player_experience":175057,"relics_obtained":[{"floor":6,"key":"Kunai"},{"floor":8,"key":"PreservedInsect"},{"floor":9,"key":"Orichalcum"},{"floor":24,"key":"Bottled Tornado"},{"floor":26,"key":"Pear"},{"floor":30,"key":"Pen Nib"}],"event_choices":[{"damage_healed":0,"gold_gain":0,"player_choice":"Simplicity","damage_taken":0,"max_hp_gain":0,"max_hp_loss":0,"event_name":"Back to Basics","floor":20,"gold_loss":0,"cards_upgraded":["Strike_R","Strike_R","Strike_R","Strike_R","Strike_R","Defend_R","Defend_R","Defend_R","Defend_R"]},{"damage_healed":0,"gold_gain":0,"player_choice":"Obtained Relic","damage_taken":0,"relics_obtained":["Bag of Preparation"],"max_hp_gain":0,"max_hp_loss":0,"event_name":"Addict","floor":21,"gold_loss":85},{"damage_healed":0,"gold_gain":0,"player_choice":"Obtain J.A.X.","damage_taken":0,"max_hp_gain":0,"max_hp_loss":0,"event_name":"Drug Dealer","floor":27,"gold_loss":0,"cards_obtained":["J.A.X."]}],"is_beta":false,"boss_relics":[{"not_picked":["Lizard Tail","Runic Cube"],"picked":"Black Blood"}],"items_purged_floors":[],"is_endless":false,"potions_floor_spawned":[3,4,5,10,19,28,29],"killed_by":"Collector","ascension_level":2}