{"gold_per_floor":[99,29,29,29,29,29,29,29,29,29,29,29,29,29,29,29,29,29,29,29,29,29,29,29,29,29,29,29,29,29,29,29,29],"floor_reached":33,"playtime":3733,"items_purged":[],"score":247,"play_id":"c19b3e59-96a6-4f5e-89ec-84b3af9c1b4d","local_time":"20190816200002","is_ascension_mode":false,"campfire_choices":[{"data":"Corruption","floor":7,"key":"SMITH"},{"floor":11,"key":"REST"},{"floor":15,"key":"REST"},{"floor":23,"key":"REST"},{"floor":30,"key":"REST"},{"floor":32,"key":"REST"}],"neow_cost":"NONE","seed_source_timestamp":229089178732800,"circlet_count":0,"master_deck":["Strike_R","Strike_R","Strike_R","Strike_R","Strike_R","Defend_R+1","Defend_R","Defend_R","Defend_R","Bash","Cleave","Corruption+1","Clash","Anger","Pummel","Perfected Strike","Ghostly Armor","Whirlwind","Thunderclap","Rampage","Dark Embrace","Shrug It Off","Iron Wave+1","Inflame","Pummel","Warcry","Shrug It Off","Bloodletting+1","Armaments","Body Slam+1","Shrug It Off","Clash","Entrench","Barricade"],"relics":["Ectoplasm","Dream Catcher","MawBank","Tiny House","Nilry\u0027s Codex","Happy Flower"],"potions_floor_usage":[16,18,20,21,24,24,27,33],"damage_taken":[{"damage":1,"enemies":"Cultist","floor":1,"turns":4},{"damage":1,"enemies":"Small Slimes","floor":3,"turns":3},{"damage":1,"enemies":"Jaw Worm","floor":4,"turns":2},{"damage":15,"enemies":"Exordium Thugs","floor":6,"turns":4},{"damage":12,"enemies":"Blue Slaver","floor":8,"turns":2},{"damage":3,"enemies":"Red Slaver","floor":13,"turns":4},{"damage":6,"enemies":"Large Slime","floor":14,"turns":4},{"damage":64,"enemies":"The Guardian","floor":16,"turns":10},{"damage":0,"enemies":"Chosen","floor":18,"turns":4},{"damage":0,"enemies":"Spheric Guardian","floor":19,"turns":4},{"damage":19,"enemies":"Snake Plant","floor":21,"turns":4},{"damage":17,"enemies":"3 Cultists","floor":22,"turns":5},{"damage":19,"enemies":"Shelled Parasite and Fungi","floor":24,"turns":4},{"damage":13,"enemies":"Sentry and Sphere","floor":27,"turns":4},{"damage":16,"enemies":"3 Cultists","floor":28,"turns":4},{"damage":15,"enemies":"Shelled Parasite and Fungi","floor":29,"turns":7},{"damage":28,"enemies":"Sentry and Sphere","floor":31,"turns":6},{"damage":41,"enemies":"Champ","floor":33,"turns":3}],"seed_played":"-6889415773266970463","potions_obtained":[{"floor":3,"key":"Weak Potion"},{"floor":6,"key":"LiquidBronze"},{"floor":8,"key":"Energy Potion"},{"floor":14,"key":"Explosive Potion"},{"floor":17,"key":"Fire Potion"},{"floor":18,"key":"SkillPotion"},{"floor":20,"key":"Strength Potion"},{"floor":20,"key":"Fruit Juice"},{"floor":20,"key":"AttackPotion"},{"floor":21,"key":"GamblersBrew"},{"floor":31,"key":"Strength Potion"}],"is_trial":false,"path_per_floor":["M","$","M","M","?","M","R","M","T","T","R","$","M","M","R","B",null,"M","M","?","M","M","R","M","?","T","M","M","M","R","M","R","B"],"character_chosen":"IRONCLAD","items_purchased":["Corruption"],"campfire_rested":5,"item_purchase_floors":[2],"current_hp_per_floor":[79,79,78,77,69,54,54,42,42,42,66,66,63,57,80,16,85,85,85,90,71,54,81,62,46,46,33,17,2,29,1,28,0],"gold":29,"neow_bonus":"BOSS_RELIC","is_prod":false,"is_daily":false,"chose_seed":false,"campfire_upgraded":1,"win_rate":0,"timestamp":1565996402,"path_taken":["M","$","?","M","?","M","R","?","T","?","R","$","M","M","R","BOSS","M","M","?","?","M","R","M","?","T","M","M","M","R","M","R","BOSS"],"build_version":"2019-07-17","purchased_purges":0,"victory":false,"max_hp_per_floor":[80,80,80,80,80,80,80,80,80,80,80,80,80,80,80,80,85,85,85,90,90,90,90,90,90,90,90,90,90,90,90,90,90],"card_choices":[{"not_picked":["Body Slam","Rupture"],"picked":"Cleave","floor":1},{"not_picked":["Carnage","Cleave"],"picked":"Clash","floor":3},{"not_picked":["Rage","Blood for Blood"],"picked":"Anger","floor":4},{"not_picked":["Flame Barrier","Rage"],"picked":"Pummel","floor":6},{"not_picked":["True Grit","Twin Strike"],"picked":"Perfected Strike","floor":8},{"not_picked":["Rampage","Warcry"],"picked":"Ghostly Armor","floor":11},{"not_picked":["Double Tap","Blood for Blood"],"picked":"Whirlwind","floor":13},{"not_picked":["Body Slam","Sword Boomerang"],"picked":"Thunderclap","floor":14},{"not_picked":["Cleave","Iron Wave"],"picked":"Rampage","floor":15},{"not_picked":["Bludgeon","Double Tap"],"picked":"Dark Embrace","floor":16},{"not_picked":["Clothesline","Seeing Red"],"picked":"Shrug It Off","floor":17},{"not_picked":["Rampage","Dual Wield"],"picked":"Iron Wave+1","floor":18},{"not_picked":["Anger","Twin Strike"],"picked":"Inflame","floor":19},{"not_picked":["Shockwave","Whirlwind"],"picked":"Pummel","floor":21},{"not_picked":["Body Slam","Flame Barrier+1"],"picked":"Warcry","floor":22},{"not_picked":["Entrench","Warcry"],"picked":"Shrug It Off","floor":23},{"not_picked":["Inflame","Uppercut"],"picked":"Bloodletting+1","floor":24},{"not_picked":["Perfected Strike+1","Burning Pact"],"picked":"Armaments","floor":27},{"not_picked":["Rupture","Dropkick"],"picked":"Body Slam+1","floor":28},{"not_picked":["Bloodletting","Pummel"],"picked":"Shrug It Off","floor":29},{"not_picked":["Searing Blow","Perfected Strike+1"],"picked":"Clash","floor":30},{"not_picked":["Battle Trance","Dual Wield"],"picked":"Entrench","floor":31},{"not_picked":["True Grit","Shrug It Off"],"picked":"Barricade","floor":32}],"player_experience":22926,"relics_obtained":[{"floor":9,"key":"Dream Catcher"},{"floor":10,"key":"MawBank"},{"floor":25,"key":"Nilry\u0027s Codex"},{"floor":26,"key":"Happy Flower"}],"event_choices":[{"damage_healed":0,"gold_gain":0,"player_choice":"Damaged","damage_taken":8,"max_hp_gain":0,"max_hp_loss":0,"event_name":"Wheel of Change","floor":5,"gold_loss":0},{"damage_healed":0,"gold_gain":0,"player_choice":"Got Potions","damage_taken":0,"max_hp_gain":0,"max_hp_loss":0,"event_name":"Lab","floor":20,"gold_loss":0},{"damage_healed":0,"gold_gain":0,"player_choice":"Obtained Book","damage_taken":16,"max_hp_gain":0,"max_hp_loss":0,"event_name":"Cursed Tome","floor":25,"gold_loss":0}],"is_beta":false,"boss_relics":[{"not_picked":["Mark of Pain","Lizard Tail"],"picked":"Tiny House"}],"items_purged_floors":[],"is_endless":false,"potions_floor_spawned":[3,6,8,14,18,21,31],"killed_by":"Champ","ascension_level":0}