{"gold_per_floor":[116,135,135,85,95,123,38,38,38,38,48,48,64,91,91,167,167,185,100,25,37,52,52,84,84,130,160,160,170,201,221,221,298,298,316,316,316,333,70,70,81,81,81,61,37,62,62,76,76,76],"floor_reached":51,"playtime":2504,"items_purged":["Normality"],"score":1243,"play_id":"aa55f50d-80c5-4c08-b393-4da26449360c","local_time":"20190825144800","is_ascension_mode":true,"campfire_choices":[{"data":"Bash","floor":8.0,"key":"SMITH"},{"floor":15.0,"key":"REST"},{"floor":23.0,"key":"REST"},{"data":"Fiend Fire","floor":25.0,"key":"SMITH"},{"floor":32.0,"key":"REST"},{"data":"Uppercut","floor":40,"key":"SMITH"},{"floor":42,"key":"REST"},{"floor":47,"key":"REST"},{"data":"Sword Boomerang","floor":49,"key":"SMITH"}],"neow_cost":"NONE","seed_source_timestamp":110819837059400,"circlet_count":0,"master_deck":["AscendersBane","Strike_R+1","Strike_R","Strike_R","Defend_R","Defend_R","Defend_R","Defend_R","Bash+1","Thunderclap","Heavy Blade","Clash","Battle Trance+1","Twin Strike","Dropkick","Thunderclap","Fiend Fire+1","Shrug It Off","Heavy Blade","Shockwave","Dropkick+1","Rage","Dropkick","Demon Form","Injury","Parasite","Sword Boomerang","Uppercut+1","Reaper","Shrug It Off","Twin Strike+1","Twin Strike","Sword Boomerang+1","Sword Boomerang+1"],"special_seed":0,"relics":["Burning Blood","Nunchaku","Gremlin Horn","Letter Opener","Juzu Bracelet","Philosopher\u0027s Stone","Ancient Tea Set","Calipers","Blood Vial","Red Mask","StoneCalendar","Bag of Marbles","Calling Bell","Bag of Preparation","Paper Frog","Champion Belt","Bottled Tornado","Bottled Lightning"],"potions_floor_usage":[50],"damage_taken":[{"damage":9.0,"enemies":"2 Louse","floor":1.0,"turns":4.0},{"damage":3.0,"enemies":"Jaw Worm","floor":2.0,"turns":6.0},{"damage":7.0,"enemies":"Small Slimes","floor":5.0,"turns":4.0},{"damage":45.0,"enemies":"3 Sentries","floor":6.0,"turns":9.0},{"damage":3.0,"enemies":"Blue Slaver","floor":11.0,"turns":4.0},{"damage":7.0,"enemies":"2 Fungi Beasts","floor":13.0,"turns":2.0},{"damage":0.0,"enemies":"Gremlin Nob","floor":14.0,"turns":2.0},{"damage":52.0,"enemies":"The Guardian","floor":16.0,"turns":8.0},{"damage":30.0,"enemies":"Shell Parasite","floor":18.0,"turns":5.0},{"damage":4.0,"enemies":"Chosen","floor":21.0,"turns":3.0},{"damage":6.0,"enemies":"3 Cultists","floor":22.0,"turns":3.0},{"damage":0.0,"enemies":"Gremlin Leader","floor":24.0,"turns":3.0},{"damage":14.0,"enemies":"Masked Bandits","floor":27.0,"turns":3.0},{"damage":5.0,"enemies":"Chosen and Byrds","floor":29.0,"turns":4.0},{"damage":29.0,"enemies":"Book of Stabbing","floor":30.0,"turns":4.0},{"damage":7.0,"enemies":"Sentry and Sphere","floor":31.0,"turns":4.0},{"damage":37.0,"enemies":"Collector","floor":33.0,"turns":7.0},{"damage":15,"enemies":"3 Darklings","floor":35,"turns":7},{"damage":15,"enemies":"3 Shapes","floor":38,"turns":7},{"damage":29,"enemies":"Spire Growth","floor":41,"turns":4},{"damage":30,"enemies":"Giant Head","floor":46,"turns":6},{"damage":13,"enemies":"Jaw Worm Horde","floor":48,"turns":3},{"damage":39,"enemies":"Donu and Deca","floor":50,"turns":5}],"seed_played":"7764069249054413933","potions_obtained":[{"floor":5.0,"key":"Energy Potion"},{"floor":13.0,"key":"Strength Potion"},{"floor":14.0,"key":"SteroidPotion"},{"floor":24.0,"key":"SpeedPotion"},{"floor":27.0,"key":"SpeedPotion"},{"floor":31.0,"key":"SpeedPotion"},{"floor":33.0,"key":"Fruit Juice"},{"floor":35,"key":"SneckoOil"},{"floor":44,"key":"Strength Potion"},{"floor":48,"key":"SkillPotion"}],"is_trial":false,"path_per_floor":["M","M","?","?","M","E","$","R","T","?","M","T","M","E","R","B",null,"M","?","?","M","M","R","E","R","T","?","?","M","E","M","R","B",null,"M","?","?","M","$","R","M","R","T","?","$","E","R","M","R","B",null],"character_chosen":"IRONCLAD","items_purchased":["Battle Trance","Strength Potion","Reaper","Shrug It Off","Twin Strike"],"campfire_rested":5,"item_purchase_floors":[7,7,39,39,45],"current_hp_per_floor":[77,80,85,85,84,45,45,45,45,26,29,29,28,34,61,15,74,50,50,50,52,52,79,85,85,85,79,79,82,61,62,89,65,90,83,83,83,76,76,76,55,82,82,82,82,60,87,86,86,55],"gold":76,"neow_bonus":"TEN_PERCENT_HP_BONUS","is_prod":false,"is_daily":false,"chose_seed":false,"campfire_upgraded":4,"win_rate":1,"timestamp":1566708480,"path_taken":["M","M","?","?","M","E","?","R","T","?","M","?","M","E","R","BOSS","M","?","?","M","M","R","E","R","T","?","?","M","E","M","R","BOSS","M","?","?","M","$","R","M","R","T","?","$","E","R","M","R","BOSS"],"build_version":"2019-07-17","purchased_purges":1,"victory":true,"max_hp_per_floor":[88,88,93,93,93,93,93,93,93,93,93,93,93,93,93,93,93,93,93,93,93,93,93,93,93,93,93,93,93,93,93,93,98,98,98,98,93,93,93,93,93,93,93,93,93,93,93,93,93,93],"card_choices":[{"not_picked":["Warcry","Fire Breathing","Searing Blow"],"picked":"SKIP","floor":1.0},{"not_picked":["Clash","Armaments"],"picked":"Thunderclap","floor":2.0},{"not_picked":["Bloodletting","Clash"],"picked":"Heavy Blade","floor":5.0},{"not_picked":["Armaments","Dark Embrace"],"picked":"Clash","floor":6.0},{"not_picked":["Infernal Blade","Havoc"],"picked":"Twin Strike","floor":11.0},{"not_picked":["Thunderclap","Pommel Strike"],"picked":"Dropkick","floor":13.0},{"not_picked":["Combust","Evolve"],"picked":"Thunderclap","floor":14.0},{"not_picked":["Exhume","Barricade"],"picked":"Fiend Fire","floor":16.0},{"not_picked":["Cleave","Iron Wave"],"picked":"Shrug It Off","floor":18.0},{"not_picked":["Clothesline","Flex"],"picked":"Heavy Blade","floor":21.0},{"not_picked":["Sever Soul","Brutality"],"picked":"Shockwave","floor":22.0},{"not_picked":["Sentinel","Feel No Pain"],"picked":"Dropkick+1","floor":24.0},{"not_picked":["Twin Strike","Clash"],"picked":"Rage","floor":29.0},{"not_picked":["Shockwave","Pummel"],"picked":"Pommel Strike","floor":30.0},{"not_picked":["Corruption","Fire Breathing"],"picked":"Dropkick","floor":31.0},{"not_picked":["Impervious","Immolate"],"picked":"Demon Form","floor":33.0},{"not_picked":["Searing Blow+1","Havoc+1"],"picked":"Sword Boomerang","floor":35},{"not_picked":["Clash+1","Warcry"],"picked":"Uppercut","floor":38},{"not_picked":["Flex","Bloodletting+1"],"picked":"Twin Strike+1","floor":41},{"not_picked":["Thunderclap","Blood for Blood"],"picked":"Sword Boomerang","floor":46},{"not_picked":["True Grit+1","Wild Strike"],"picked":"Sword Boomerang+1","floor":48}],"player_experience":73927,"relics_obtained":[{"floor":6.0,"key":"Nunchaku"},{"floor":9.0,"key":"Gremlin Horn"},{"floor":12.0,"key":"Letter Opener"},{"floor":14.0,"key":"Juzu Bracelet"},{"floor":24.0,"key":"Calipers"},{"floor":26.0,"key":"Blood Vial"},{"floor":27.0,"key":"Red Mask"},{"floor":30.0,"key":"Bag of Marbles"},{"floor":34.0,"key":"Bag of Preparation"},{"floor":34.0,"key":"Paper Frog"},{"floor":34.0,"key":"Champion Belt"},{"floor":43,"key":"Bottled Tornado"},{"floor":46,"key":"Bottled Lightning"}],"event_choices":[{"damage_healed":0.0,"max_hp_gain":5.0,"max_hp_loss":0.0,"gold_gain":0.0,"event_name":"Big Fish","player_choice":"Donut","floor":3.0,"gold_loss":0.0,"damage_taken":0.0},{"cards_removed":["Strike_R"],"damage_healed":0.0,"max_hp_gain":0.0,"max_hp_loss":0.0,"gold_gain":0.0,"event_name":"The Cleric","player_choice":"Card Removal","floor":4.0,"gold_loss":50.0,"damage_taken":0.0},{"damage_healed":0.0,"max_hp_gain":0.0,"max_hp_loss":0.0,"gold_gain":0.0,"event_name":"Shining Light","player_choice":"Entered Light","floor":10.0,"gold_loss":0.0,"damage_taken":19.0,"cards_upgraded":["Battle Trance","Strike_R"]},{"damage_healed":0.0,"max_hp_gain":0.0,"max_hp_loss":0.0,"gold_gain":0.0,"event_name":"Addict","player_choice":"Obtained Relic","floor":19.0,"gold_loss":85.0,"damage_taken":0.0,"relics_obtained":["Ancient Tea Set"]},{"cards_removed":["Strike_R"],"damage_healed":0.0,"max_hp_gain":0.0,"max_hp_loss":0.0,"gold_gain":0.0,"event_name":"Beggar","player_choice":"Gave Gold","floor":20.0,"gold_loss":75.0,"damage_taken":0.0},{"damage_healed":0.0,"max_hp_gain":0.0,"max_hp_loss":0.0,"gold_gain":0.0,"event_name":"Masked Bandits","player_choice":"Fought Bandits","floor":27.0,"gold_loss":0.0,"damage_taken":0.0},{"damage_healed":0.0,"max_hp_gain":0.0,"max_hp_loss":0.0,"gold_gain":0.0,"event_name":"The Mausoleum","player_choice":"Opened","floor":28.0,"gold_loss":0.0,"damage_taken":0.0,"relics_obtained":["StoneCalendar"]},{"cards_removed":["Pommel Strike"],"damage_healed":0,"gold_gain":0,"player_choice":"Removed Attack","damage_taken":0,"max_hp_gain":0,"max_hp_loss":0,"event_name":"Falling","floor":36,"gold_loss":0},{"damage_healed":0,"gold_gain":0,"player_choice":"Max HP","damage_taken":0,"max_hp_gain":0,"max_hp_loss":5,"event_name":"Winding Halls","floor":37,"gold_loss":0},{"damage_healed":0,"gold_gain":0,"player_choice":"Bought 1 Potion","damage_taken":0,"max_hp_gain":0,"max_hp_loss":0,"event_name":"The Woman in Blue","floor":44,"gold_loss":0}],"is_beta":false,"boss_relics":[{"not_picked":["Lizard Tail","Busted Crown"],"picked":"Philosopher\u0027s Stone"},{"not_picked":["Velvet Choker","Pandora\u0027s Box"],"picked":"Calling Bell"}],"items_purged_floors":[39],"is_endless":false,"potions_floor_spawned":[5,13,14,24,27,31,33,35,46,48],"ascension_level":13}