{"gold_per_floor":[110,35,54,0,20,47,63,238,262,262,290,290,290,290,290,386,386,397,397,397,70,86,86,86],"floor_reached":24,"playtime":1008,"items_purged":["Strike_R"],"score":323,"play_id":"ddfd0e66-0112-413b-bfe0-d4d39f50b48e","local_time":"20190826190442","is_ascension_mode":true,"campfire_choices":[{"data":"Rampage","floor":10,"key":"SMITH"},{"data":"Bash","floor":12,"key":"SMITH"},{"data":"Shrug It Off","floor":15,"key":"SMITH"},{"floor":23,"key":"REST"}],"neow_cost":"NONE","seed_source_timestamp":92997371980200,"circlet_count":0,"master_deck":["AscendersBane","Strike_R","Strike_R","Strike_R","Strike_R","Defend_R","Defend_R","Defend_R","Defend_R","Bash+1","Rampage+1","Shrug It Off+1","Clumsy","Limit Break+1","Spot Weakness"],"relics":["Burning Blood","Oddly Smooth Stone","Happy Flower","Juzu Bracelet","Bottled Lightning","Strawberry","Busted Crown","Bottled Flame"],"potions_floor_usage":[7,11,11],"damage_taken":[{"damage":9,"enemies":"2 Louse","floor":1,"turns":2},{"damage":0,"enemies":"Cultist","floor":3,"turns":4},{"damage":0,"enemies":"Jaw Worm","floor":5,"turns":3},{"damage":33,"enemies":"Gremlin Nob","floor":6,"turns":5},{"damage":0,"enemies":"Large Slime","floor":7,"turns":5},{"damage":8,"enemies":"Lagavulin","floor":11,"turns":8},{"damage":40,"enemies":"Hexaghost","floor":16,"turns":9},{"damage":34,"enemies":"3 Byrds","floor":18,"turns":8},{"damage":8,"enemies":"Shell Parasite","floor":22,"turns":4},{"damage":66,"enemies":"Book of Stabbing","floor":24,"turns":6}],"seed_played":"-8648757689061606893","potions_obtained":[{"floor":5,"key":"Fruit Juice"},{"floor":6,"key":"Weak Potion"},{"floor":7,"key":"EssenceOfSteel"},{"floor":18,"key":"Dexterity Potion"}],"is_trial":false,"path_per_floor":["M","$","M","?","M","E","M","?","T","R","E","R","?","?","R","B",null,"M","?","?","$","M","R","E"],"character_chosen":"IRONCLAD","items_purchased":["Spot Weakness","Bottled Flame"],"campfire_rested":1,"item_purchase_floors":[21,21],"current_hp_per_floor":[69,69,75,75,80,53,64,64,64,64,62,62,62,69,69,35,78,50,50,41,41,39,66,0],"gold":86,"neow_bonus":"RANDOM_COMMON_RELIC","is_prod":false,"is_daily":false,"chose_seed":false,"campfire_upgraded":3,"win_rate":0,"timestamp":1566860682,"path_taken":["M","$","M","?","?","E","M","?","T","R","E","R","?","?","R","BOSS","M","?","?","$","M","R","E"],"build_version":"2019-07-17","purchased_purges":1,"victory":false,"max_hp_per_floor":[80,80,80,80,80,80,85,85,85,85,85,85,85,92,92,92,92,92,92,92,92,92,92,92],"card_choices":[{"not_picked":["Wild Strike","Blood for Blood"],"picked":"Rampage","floor":1},{"not_picked":["Twin Strike","Inflame"],"picked":"Shrug It Off","floor":3},{"not_picked":["Evolve","Thunderclap","Iron Wave"],"picked":"SKIP","floor":5},{"not_picked":["Sever Soul","Thunderclap","Burning Pact"],"picked":"SKIP","floor":6},{"not_picked":["Feed","Pommel Strike","Wild Strike"],"picked":"SKIP","floor":7},{"not_picked":["Sword Boomerang","Disarm","Twin Strike"],"picked":"SKIP","floor":11},{"not_picked":["Impervious","Juggernaut"],"picked":"Limit Break","floor":16},{"not_picked":["Dropkick+1"],"picked":"SKIP","floor":18},{"not_picked":["Feel No Pain"],"picked":"SKIP","floor":22}],"player_experience":4103540,"relics_obtained":[{"floor":6,"key":"Juzu Bracelet"},{"floor":11,"key":"Bottled Lightning"}],"event_choices":[{"damage_healed":0,"gold_gain":0,"player_choice":"Paid Gold","damage_taken":0,"relics_obtained":["Happy Flower"],"max_hp_gain":0,"max_hp_loss":0,"event_name":"WeMeetAgain","floor":4,"gold_loss":54},{"damage_healed":0,"gold_gain":175,"player_choice":"AGREE","damage_taken":0,"max_hp_gain":0,"max_hp_loss":0,"event_name":"Liars Game","floor":8,"gold_loss":0,"cards_obtained":["Doubt"]},{"damage_healed":0,"gold_gain":0,"cards_transformed":["Doubt"],"player_choice":"Transformed","damage_taken":0,"max_hp_gain":0,"max_hp_loss":0,"event_name":"Transmorgrifier","floor":13,"gold_loss":0,"cards_obtained":["Clumsy"]},{"damage_healed":0,"gold_gain":0,"player_choice":"Searched \u00272\u0027 times","damage_taken":0,"relics_obtained":["Strawberry"],"max_hp_gain":0,"max_hp_loss":0,"event_name":"Dead Adventurer","floor":14,"gold_loss":0},{"damage_healed":0,"gold_gain":0,"player_choice":"Forge","damage_taken":0,"max_hp_gain":0,"max_hp_loss":0,"event_name":"Accursed Blacksmith","floor":19,"gold_loss":0,"cards_upgraded":["Limit Break"]},{"damage_healed":0,"gold_gain":0,"player_choice":"","damage_taken":9,"max_hp_gain":0,"max_hp_loss":0,"event_name":"Knowing Skull","floor":20,"potions_obtained":[],"gold_loss":0,"cards_obtained":[]}],"is_beta":false,"boss_relics":[{"not_picked":["Mark of Pain","Snecko Eye"],"picked":"Busted Crown"}],"items_purged_floors":[2],"is_endless":false,"potions_floor_spawned":[5,6,7,18],"killed_by":"Book of Stabbing","ascension_level":12}