{"gold_per_floor":[213,226,241,241,261,261,290,290,290,365,379,394,394,394,394,394],"floor_reached":16,"playtime":783,"items_purged":[],"score":114,"play_id":"966e4b25-a76b-4a18-b759-326178515e33","local_time":"20190825231211","is_ascension_mode":true,"campfire_choices":[{"data":"Feel No Pain","floor":6,"key":"SMITH"},{"floor":8,"key":"REST"},{"floor":15,"key":"REST"}],"neow_cost":"NONE","seed_source_timestamp":1021152153686000,"circlet_count":0,"master_deck":["Strike_R","Strike_R","Strike_R","Strike_R","Strike_R","Defend_R","Defend_R","Defend_R","Defend_R","Bash","Anger","Thunderclap","Regret","Feel No Pain+1"],"relics":["Burning Blood","Juzu Bracelet","Bottled Tornado","Blue Candle"],"potions_floor_usage":[7,13],"damage_taken":[{"damage":1,"enemies":"Cultist","floor":1,"turns":3},{"damage":0,"enemies":"Small Slimes","floor":2,"turns":4},{"damage":2,"enemies":"2 Louse","floor":3,"turns":3},{"damage":9,"enemies":"Looter","floor":5,"turns":4},{"damage":39,"enemies":"Lagavulin","floor":7,"turns":9},{"damage":11,"enemies":"Blue Slaver","floor":11,"turns":4},{"damage":28,"enemies":"3 Louse","floor":12,"turns":3},{"damage":0,"enemies":"Red Slaver","floor":13,"turns":1},{"damage":62,"enemies":"The Guardian","floor":16,"turns":6}],"seed_played":"-2487183877506779685","potions_obtained":[{"floor":2,"key":"EssenceOfSteel"},{"floor":5,"key":"SmokeBomb"}],"is_trial":false,"path_per_floor":["M","M","M","?","M","R","E","R","T","?","M","M","M","?","R","B"],"character_chosen":"IRONCLAD","items_purchased":[],"campfire_rested":2,"item_purchase_floors":[],"current_hp_per_floor":[80,80,80,80,77,77,44,68,68,57,52,30,36,36,60,0],"gold":394,"neow_bonus":"HUNDRED_GOLD","is_prod":false,"is_daily":false,"chose_seed":false,"campfire_upgraded":1,"win_rate":0,"timestamp":1566785531,"path_taken":["M","M","M","?","M","R","E","R","T","?","M","M","M","?","R","BOSS"],"build_version":"2019-07-17","purchased_purges":0,"victory":false,"max_hp_per_floor":[80,80,80,80,80,80,80,80,80,80,80,80,80,80,80,80],"card_choices":[{"not_picked":["Sword Boomerang","Iron Wave"],"picked":"Anger","floor":1},{"not_picked":["Havoc","Whirlwind"],"picked":"Thunderclap","floor":2},{"not_picked":["Pommel Strike","Warcry","Fire Breathing"],"picked":"SKIP","floor":3},{"not_picked":["Sword Boomerang","Body Slam"],"picked":"Feel No Pain","floor":5},{"not_picked":["Rampage","Anger","Flex"],"picked":"SKIP","floor":7},{"not_picked":["Anger","Combust","Whirlwind"],"picked":"SKIP","floor":11},{"not_picked":["Twin Strike","Havoc","Heavy Blade"],"picked":"SKIP","floor":12}],"player_experience":174274,"relics_obtained":[{"floor":7,"key":"Bottled Tornado"},{"floor":9,"key":"Blue Candle"}],"event_choices":[{"damage_healed":0,"gold_gain":0,"player_choice":"Box","damage_taken":0,"relics_obtained":["Juzu Bracelet"],"max_hp_gain":0,"max_hp_loss":0,"event_name":"Big Fish","floor":4,"gold_loss":0,"cards_obtained":["Regret"]},{"damage_healed":0,"gold_gain":75,"player_choice":"Gather Gold","damage_taken":11,"max_hp_gain":0,"max_hp_loss":0,"event_name":"World of Goop","floor":10,"gold_loss":0},{"damage_healed":0,"gold_gain":0,"player_choice":"Ignored","damage_taken":0,"max_hp_gain":0,"max_hp_loss":0,"event_name":"Shining Light","floor":14,"gold_loss":0}],"is_beta":false,"boss_relics":[],"items_purged_floors":[],"is_endless":false,"potions_floor_spawned":[2,5,13],"killed_by":"The Guardian","ascension_level":2}