{"gold_per_floor":[109,109,128,128,34,67,67,84,84,9,9,9,9,45,45,45],"floor_reached":16,"playtime":1733,"items_purged":["Defend_G"],"score":106,"play_id":"ffa2fc2b-a859-417b-8fc9-401d86e9f131","local_time":"20190816162100","is_ascension_mode":false,"campfire_choices":[{"floor":7,"key":"REST"},{"floor":15,"key":"REST"}],"neow_cost":"NONE","seed_source_timestamp":217941180530600,"circlet_count":0,"master_deck":["Strike_G","Strike_G","Strike_G","Strike_G+1","Strike_G","Defend_G","Defend_G","Defend_G","Defend_G","Survivor","Neutralize+1","Flying Knee","Acrobatics","Quick Slash","Infinite Blades","Endless Agony","Dagger Spray","Choke"],"relics":["Ring of the Snake","Calipers","Question Card","Mummified Hand","Golden Idol","Regal Pillow"],"potions_floor_usage":[14],"damage_taken":[{"damage":1,"enemies":"Cultist","floor":1,"turns":4},{"damage":0,"enemies":"Small Slimes","floor":3,"turns":4},{"damage":31,"enemies":"3 Sentries","floor":6,"turns":9},{"damage":1,"enemies":"Jaw Worm","floor":8,"turns":3},{"damage":21,"enemies":"Gremlin Nob","floor":14,"turns":4},{"damage":78,"enemies":"The Guardian","floor":16,"turns":9}],"seed_played":"7210007381691224678","potions_obtained":[{"floor":6,"key":"Swift Potion"}],"is_trial":false,"path_per_floor":["M","T","M","?","$","E","R","M","T","$","?","?","$","E","R","B"],"character_chosen":"THE_SILENT","items_purchased":["Quick Slash","Infinite Blades"],"campfire_rested":2,"item_purchase_floors":[5,5],"current_hp_per_floor":[76,76,76,61,61,30,53,52,52,52,77,58,58,37,75,0],"gold":45,"neow_bonus":"TEN_PERCENT_HP_BONUS","is_prod":false,"is_daily":false,"chose_seed":false,"campfire_upgraded":0,"win_rate":0.0,"timestamp":1565983260,"path_taken":["M","?","M","?","?","E","R","?","T","$","?","?","?","E","R","BOSS"],"build_version":"2019-07-17","purchased_purges":1,"victory":false,"max_hp_per_floor":[77,77,77,77,77,77,77,77,77,77,77,77,77,77,77,77],"card_choices":[{"not_picked":["Prepared","Predator"],"picked":"Flying Knee","floor":1},{"not_picked":["Underhanded Strike","Reflex"],"picked":"Acrobatics","floor":3},{"not_picked":["Underhanded Strike","Blade Dance"],"picked":"Endless Agony","floor":6},{"not_picked":["Tactician","Deadly Poison","Predator"],"picked":"Dagger Spray","floor":8},{"not_picked":["Acrobatics","Quick Slash","Outmaneuver"],"picked":"Choke","floor":14}],"player_experience":11897,"relics_obtained":[{"floor":2,"key":"Calipers"},{"floor":6,"key":"Question Card"},{"floor":9,"key":"Mummified Hand"},{"floor":14,"key":"Regal Pillow"}],"event_choices":[{"damage_healed":0,"gold_gain":0,"player_choice":"Entered Light","damage_taken":15,"max_hp_gain":0,"max_hp_loss":0,"event_name":"Shining Light","floor":4,"gold_loss":0,"cards_upgraded":["Strike_G","Neutralize"]},{"damage_healed":25,"gold_gain":0,"player_choice":"Banana","damage_taken":0,"max_hp_gain":0,"max_hp_loss":0,"event_name":"Big Fish","floor":11,"gold_loss":0},{"damage_healed":0,"gold_gain":0,"player_choice":"Take Damage","damage_taken":19,"relics_obtained":["Golden Idol"],"max_hp_gain":0,"max_hp_loss":0,"event_name":"Golden Idol","floor":12,"gold_loss":0}],"is_beta":false,"boss_relics":[],"items_purged_floors":[10],"is_endless":false,"potions_floor_spawned":[6],"killed_by":"The Guardian","ascension_level":0}