{"gold_per_floor":[117,117,130,145,145,170,170,196,247,172,184,184,184,203,203,279,279,293,159,159,173,185,185,185,211,211,211,230,255,40,51,51,51],"floor_reached":33,"playtime":1378,"items_purged":["Strike_R"],"score":509,"play_id":"acc7f8d6-724a-485c-b986-244a5d6da853","local_time":"20190824132825","is_ascension_mode":true,"campfire_choices":[{"data":"Armaments","floor":7,"key":"SMITH"},{"data":"Uppercut","floor":12,"key":"SMITH"},{"floor":15,"key":"REST"},{"data":"Rampage","floor":23,"key":"SMITH"},{"floor":32,"key":"REST"}],"neow_cost":"NONE","seed_source_timestamp":203680581280700,"circlet_count":0,"master_deck":["AscendersBane","Strike_R","Defend_R","Defend_R","Defend_R","Defend_R","Bash","Rampage+1","Dropkick","Uppercut+1","Armaments+1","Battle Trance","Shockwave","Exhume","Pommel Strike"],"relics":["Burning Blood","Bag of Preparation","Dodecahedron","Pen Nib","Blood Vial","Busted Crown","Orichalcum","Question Card","Enchiridion","Potion Belt","ClockworkSouvenir"],"potions_floor_usage":[14,25,28],"damage_taken":[{"damage":1,"enemies":"2 Louse","floor":1,"turns":3},{"damage":6,"enemies":"Cultist","floor":3,"turns":3},{"damage":5,"enemies":"Small Slimes","floor":4,"turns":3},{"damage":16,"enemies":"Gremlin Nob","floor":6,"turns":3},{"damage":47,"enemies":"3 Sentries","floor":8,"turns":9},{"damage":6,"enemies":"3 Louse","floor":11,"turns":5},{"damage":0,"enemies":"Gremlin Gang","floor":14,"turns":4},{"damage":29,"enemies":"The Guardian","floor":16,"turns":10},{"damage":4,"enemies":"Chosen","floor":18,"turns":4},{"damage":11,"enemies":"2 Thieves","floor":21,"turns":3},{"damage":16,"enemies":"Snecko","floor":22,"turns":5},{"damage":29,"enemies":"Slavers","floor":25,"turns":6},{"damage":31,"enemies":"Sentry and Sphere","floor":28,"turns":7},{"damage":6,"enemies":"Centurion and Healer","floor":31,"turns":5},{"damage":44,"enemies":"Collector","floor":33,"turns":5}],"seed_played":"-6678807238943688682","potions_obtained":[{"floor":1,"key":"Poison Potion"},{"floor":3,"key":"SpeedPotion"},{"floor":8,"key":"Fire Potion"},{"floor":16,"key":"Dexterity Potion"},{"floor":20,"key":"BloodPotion"}],"is_trial":false,"path_per_floor":["M","?","M","M","$","E","R","E","T","?","M","R","?","M","R","B",null,"M","$","?","M","M","R","?","E","T","?","M","T","$","M","R","B"],"character_chosen":"IRONCLAD","items_purchased":["Pommel Strike","ClockworkSouvenir"],"campfire_rested":2,"item_purchase_floors":[19,30],"current_hp_per_floor":[73,73,73,74,74,64,64,23,23,23,25,25,25,33,55,34,65,69,69,69,66,58,58,58,55,55,34,11,11,11,13,35,0],"gold":51,"neow_bonus":"RANDOM_COMMON_RELIC","is_prod":false,"is_daily":false,"chose_seed":false,"campfire_upgraded":3,"win_rate":0,"timestamp":1566620905,"path_taken":["M","?","M","?","$","E","R","E","T","?","M","R","?","?","R","BOSS","M","$","?","M","?","R","?","E","T","?","M","?","?","M","R","BOSS"],"build_version":"2019-07-17","purchased_purges":1,"victory":false,"max_hp_per_floor":[75,75,75,75,75,75,75,75,75,75,75,75,75,75,75,75,75,75,75,75,75,75,75,75,75,75,75,75,75,75,75,75,75],"card_choices":[{"not_picked":["True Grit","Pummel"],"picked":"Rampage","floor":1},{"not_picked":["Rupture","Spot Weakness"],"picked":"Dropkick","floor":3},{"not_picked":["Shrug It Off","Cleave"],"picked":"Uppercut","floor":4},{"not_picked":["Ghostly Armor","Intimidate"],"picked":"Armaments","floor":6},{"not_picked":["Dual Wield","Twin Strike","Clothesline"],"picked":"SKIP","floor":8},{"not_picked":["Headbutt","Sword Boomerang","True Grit"],"picked":"SKIP","floor":11},{"not_picked":["Wild Strike","Clash"],"picked":"Shockwave","floor":14},{"not_picked":["Feed","Brutality"],"picked":"Exhume","floor":16},{"not_picked":["Heavy Blade"],"picked":"SKIP","floor":18},{"not_picked":["Perfected Strike"],"picked":"SKIP","floor":21},{"not_picked":["Flex"],"picked":"SKIP","floor":22},{"not_picked":["Sword Boomerang"],"picked":"SKIP","floor":25},{"not_picked":["Cleave","True Grit"],"picked":"SKIP","floor":28},{"not_picked":["Twin Strike","Cleave"],"picked":"SKIP","floor":31}],"player_experience":201706,"relics_obtained":[{"floor":6,"key":"Dodecahedron"},{"floor":8,"key":"Pen Nib"},{"floor":9,"key":"Blood Vial"},{"floor":25,"key":"Orichalcum"},{"floor":26,"key":"Question Card"},{"floor":27,"key":"Enchiridion"},{"floor":29,"key":"Potion Belt"}],"event_choices":[{"cards_removed":["Strike_R"],"damage_healed":0,"gold_gain":0,"player_choice":"Purged","damage_taken":0,"max_hp_gain":0,"max_hp_loss":0,"event_name":"Purifier","floor":2,"gold_loss":0},{"cards_removed":["Strike_R"],"damage_healed":0,"gold_gain":0,"player_choice":"Card Removal","damage_taken":0,"max_hp_gain":0,"max_hp_loss":0,"event_name":"The Cleric","floor":10,"gold_loss":75},{"damage_healed":0,"gold_gain":0,"cards_transformed":["Strike_R"],"player_choice":"Transformed","damage_taken":0,"max_hp_gain":0,"max_hp_loss":0,"event_name":"Transmorgrifier","floor":13,"gold_loss":0,"cards_obtained":["Battle Trance"]},{"damage_healed":0,"gold_gain":0,"player_choice":"Got Potions","damage_taken":0,"max_hp_gain":0,"max_hp_loss":0,"event_name":"Lab","floor":20,"gold_loss":0},{"damage_healed":0,"gold_gain":0,"player_choice":"Ignored","damage_taken":0,"max_hp_gain":0,"max_hp_loss":0,"event_name":"Ghosts","floor":24,"gold_loss":0},{"damage_healed":0,"gold_gain":0,"player_choice":"Obtained Book","damage_taken":21,"max_hp_gain":0,"max_hp_loss":0,"event_name":"Cursed Tome","floor":27,"gold_loss":0}],"is_beta":false,"boss_relics":[{"not_picked":["Fusion Hammer","Lizard Tail"],"picked":"Busted Crown"}],"items_purged_floors":[19],"is_endless":false,"potions_floor_spawned":[1,3,8,16,18,22],"killed_by":"Collector","ascension_level":17}