{"gold_per_floor":[114,129,159,84,84,84,9,26,49,61,91,3,33,45,45,45],"floor_reached":16,"playtime":604,"items_purged":["Strike_R","Strike_R"],"score":190,"play_id":"cceac69b-e0e2-442b-b2ba-a618ae8ee515","local_time":"20190827113228","is_ascension_mode":true,"campfire_choices":[{"data":"Bash","floor":6,"key":"SMITH"},{"data":"Fiend Fire","floor":10,"key":"SMITH"},{"floor":15,"key":"REST"}],"neow_cost":"TEN_PERCENT_HP_LOSS","seed_source_timestamp":456696434462300,"circlet_count":0,"master_deck":["AscendersBane","Strike_R","Strike_R","Defend_R","Defend_R","Defend_R","Defend_R","Bash+1","Dropkick","True Grit","Fiend Fire+1","Anger+1"],"relics":["Burning Blood","Unceasing Top","Tiny Chest","MawBank","Molten Egg 2"],"potions_floor_usage":[13,16],"damage_taken":[{"damage":7,"enemies":"Cultist","floor":1,"turns":4},{"damage":7,"enemies":"Small Slimes","floor":2,"turns":3},{"damage":2,"enemies":"2 Louse","floor":8,"turns":3},{"damage":7,"enemies":"Exordium Wildlife","floor":11,"turns":4},{"damage":30,"enemies":"Lagavulin","floor":13,"turns":5},{"damage":6,"enemies":"Red Slaver","floor":14,"turns":3},{"damage":40,"enemies":"Hexaghost","floor":16,"turns":9}],"seed_played":"-6189787321114782514","potions_obtained":[{"floor":1,"key":"Poison Potion"},{"floor":11,"key":"Weak Potion"},{"floor":13,"key":"Block Potion"}],"is_trial":false,"path_per_floor":["M","M","?","$","?","R","?","M","T","R","M","$","E","M","R","B"],"character_chosen":"IRONCLAD","items_purchased":[],"campfire_rested":1,"item_purchase_floors":[],"current_hp_per_floor":[67,66,40,40,40,40,40,44,44,44,43,43,19,19,39,0],"gold":45,"neow_bonus":"ONE_RARE_RELIC","is_prod":false,"is_daily":false,"chose_seed":false,"campfire_upgraded":2,"win_rate":0,"timestamp":1566873148,"path_taken":["M","?","?","$","?","R","?","?","T","R","M","?","E","M","R","BOSS"],"build_version":"2019-07-17","purchased_purges":2,"victory":false,"max_hp_per_floor":[68,68,68,68,68,68,68,68,68,68,68,68,68,68,68,68],"card_choices":[{"not_picked":["Thunderclap","Cleave"],"picked":"Dropkick","floor":1},{"not_picked":["Flame Barrier","Combust"],"picked":"True Grit","floor":2},{"not_picked":["Fire Breathing","Heavy Blade"],"picked":"Fiend Fire","floor":8},{"not_picked":["Heavy Blade","True Grit","Carnage"],"picked":"SKIP","floor":11},{"not_picked":["Flex","Bludgeon","Thunderclap"],"picked":"SKIP","floor":13},{"not_picked":["Clash+1","Metallicize"],"picked":"Anger+1","floor":14}],"player_experience":216867,"relics_obtained":[{"floor":9,"key":"MawBank"},{"floor":13,"key":"Molten Egg 2"}],"event_choices":[{"damage_healed":0,"gold_gain":0,"player_choice":"Success","damage_taken":26,"relics_obtained":["Tiny Chest"],"max_hp_gain":0,"max_hp_loss":0,"event_name":"Scrap Ooze","floor":3,"gold_loss":0},{"damage_healed":0,"gold_gain":0,"player_choice":"Ignored","damage_taken":0,"max_hp_gain":0,"max_hp_loss":0,"event_name":"Liars Game","floor":5,"gold_loss":0},{"cards_removed":["Strike_R"],"damage_healed":0,"gold_gain":0,"player_choice":"Card Removal","damage_taken":0,"max_hp_gain":0,"max_hp_loss":0,"event_name":"The Cleric","floor":7,"gold_loss":75}],"is_beta":false,"boss_relics":[],"items_purged_floors":[4,12],"is_endless":false,"potions_floor_spawned":[1,11,13],"killed_by":"Hexaghost","ascension_level":18}