{"gold_per_floor":[116,134,153,166,185,185,204,231,231,231,256,287,299,326,338,454,466,466,466,466,466,466,466,466,25,25,25,25,25,25,25,25,25,25,25,25,25,25,25,25,25,25,25,25,25,25,25,25,25,25],"floor_reached":51,"playtime":3118,"items_purged":[],"score":997,"play_id":"8618b2b4-0a67-48e8-81af-2f9bdc87acd2","local_time":"20190818184253","is_ascension_mode":true,"campfire_choices":[{"data":"Dash","floor":6.0,"key":"SMITH"},{"data":"Glass Knife","floor":10.0,"key":"SMITH"},{"data":"Crippling Poison","floor":13.0,"key":"SMITH"},{"data":"Dagger Spray","floor":15.0,"key":"SMITH"},{"floor":24.0,"key":"REST"},{"data":"Envenom","floor":29.0,"key":"SMITH"},{"data":"Noxious Fumes","floor":32.0,"key":"SMITH"},{"data":"Malaise","floor":40.0,"key":"SMITH"},{"data":"Infinite Blades","floor":46.0,"key":"SMITH"},{"floor":49.0,"key":"REST"}],"neow_cost":"NONE","seed_source_timestamp":47321087216467,"circlet_count":0,"master_deck":["Strike_G","Strike_G","Strike_G","Strike_G","Strike_G","Defend_G","Defend_G","Defend_G","Defend_G","Defend_G","Survivor","Neutralize","Backflip","Deadly Poison","Bane+1","Dash+1","Sucker Punch","Flying Knee","Glass Knife+1","Crippling Poison+1","Dagger Spray+1","PiercingWail","Envenom+1","Infinite Blades+1","Deadly Poison","Backflip","Sucker Punch","Dagger Spray+1","Leg Sweep","Infinite Blades+1","Noxious Fumes+1","Noxious Fumes","Malaise+1","Dash+1","Deadly Poison+1","PiercingWail","Dagger Spray+1","Well Laid Plans"],"special_seed":0,"relics":["Ring of the Snake","Regal Pillow","PreservedInsect","Paper Crane","MawBank","Ectoplasm","Red Mask","Mango","Mummified Hand","Question Card","Pantograph","FossilizedHelix","Tiny House","Orichalcum","Mercury Hourglass","Meat on the Bone"],"potions_floor_usage":[50,50,50],"damage_taken":[{"damage":0.0,"enemies":"Cultist","floor":1.0,"turns":4.0},{"damage":0.0,"enemies":"Small Slimes","floor":2.0,"turns":3.0},{"damage":0.0,"enemies":"2 Louse","floor":3.0,"turns":2.0},{"damage":5.0,"enemies":"Exordium Thugs","floor":4.0,"turns":5.0},{"damage":0.0,"enemies":"Large Slime","floor":5.0,"turns":9.0},{"damage":0.0,"enemies":"Red Slaver","floor":7.0,"turns":4.0},{"damage":0.0,"enemies":"Gremlin Nob","floor":8.0,"turns":3.0},{"damage":0.0,"enemies":"Lagavulin","floor":11.0,"turns":4.0},{"damage":6.0,"enemies":"Lots of Slimes","floor":12.0,"turns":4.0},{"damage":0.0,"enemies":"Looter","floor":14.0,"turns":3.0},{"damage":21.0,"enemies":"Hexaghost","floor":16.0,"turns":9.0},{"damage":0.0,"enemies":"Spheric Guardian","floor":18.0,"turns":3.0},{"damage":0.0,"enemies":"Chosen","floor":19.0,"turns":4.0},{"damage":11.0,"enemies":"Masked Bandits","floor":20.0,"turns":4.0},{"damage":9.0,"enemies":"Sentry and Sphere","floor":21.0,"turns":6.0},{"damage":1.0,"enemies":"Cultist and Chosen","floor":22.0,"turns":5.0},{"damage":13.0,"enemies":"Book of Stabbing","floor":23.0,"turns":4.0},{"damage":15.0,"enemies":"Gremlin Leader","floor":27.0,"turns":4.0},{"damage":0.0,"enemies":"Centurion and Healer","floor":30.0,"turns":6.0},{"damage":0.0,"enemies":"Shelled Parasite and Fungi","floor":31.0,"turns":4.0},{"damage":27.0,"enemies":"Collector","floor":33.0,"turns":9.0},{"damage":0.0,"enemies":"3 Shapes","floor":35.0,"turns":4.0},{"damage":21.0,"enemies":"3 Darklings","floor":37.0,"turns":5.0},{"damage":0.0,"enemies":"Sphere and 2 Shapes","floor":39.0,"turns":4.0},{"damage":0.0,"enemies":"Reptomancer","floor":42.0,"turns":7.0},{"damage":18.0,"enemies":"Spire Growth","floor":45.0,"turns":4.0},{"damage":16.0,"enemies":"Giant Head","floor":47.0,"turns":7.0},{"damage":4.0,"enemies":"Jaw Worm Horde","floor":48.0,"turns":5.0},{"damage":0,"enemies":"Time Eater","floor":50,"turns":11}],"seed_played":"385146163540991136","potions_obtained":[{"floor":1.0,"key":"GamblersBrew"},{"floor":3.0,"key":"GamblersBrew"},{"floor":4.0,"key":"Poison Potion"},{"floor":7.0,"key":"SpeedPotion"},{"floor":14.0,"key":"SmokeBomb"},{"floor":27.0,"key":"SpeedPotion"},{"floor":31.0,"key":"Regen Potion"},{"floor":34.0,"key":"GhostInAJar"},{"floor":42.0,"key":"SpeedPotion"}],"is_trial":false,"path_per_floor":["M","M","M","M","M","R","M","E","T","R","E","M","R","M","R","B",null,"M","M","?","M","M","E","R","$","T","E","?","R","M","M","R","B",null,"M","?","M","$","M","R","$","E","T","?","M","R","E","M","R","B",null],"character_chosen":"THE_SILENT","items_purchased":["Mummified Hand","GhostInAJar","Leg Sweep","Infinite Blades"],"campfire_rested":2,"item_purchase_floors":[25,25,25,25],"current_hp_per_floor":[70,70,70,65,65,65,65,65,65,65,65,59,59,59,59,38,70,70,70,59,50,49,50,84,84,84,69,69,69,69,69,69,57,89,89,89,68,68,68,68,68,83,83,83,65,65,49,45,86,89],"gold":25,"neow_bonus":"RANDOM_COMMON_RELIC","is_prod":false,"is_daily":false,"chose_seed":false,"campfire_upgraded":8,"win_rate":1,"timestamp":1566117773,"path_taken":["M","M","M","M","M","R","M","E","T","R","E","M","R","M","R","BOSS","M","?","?","M","M","E","R","$","T","E","?","R","M","M","R","BOSS","M","?","M","$","M","R","?","E","T","?","?","R","E","M","R","BOSS"],"build_version":"2019-07-17","purchased_purges":0,"victory":true,"max_hp_per_floor":[70,70,70,70,70,70,70,70,70,70,70,70,70,70,70,70,70,70,70,70,70,70,84,84,84,84,84,84,84,84,84,84,84,89,89,89,89,89,89,89,89,89,89,89,89,89,89,89,89,89],"card_choices":[{"not_picked":["Prepared","Noxious Fumes"],"picked":"Backflip","floor":1.0},{"not_picked":["Deflect","Heel Hook"],"picked":"Deadly Poison","floor":2.0},{"not_picked":["Caltrops","Dagger Spray"],"picked":"Bane","floor":3.0},{"not_picked":["Deflect","Slice"],"picked":"Dash","floor":4.0},{"not_picked":["Backflip","Bane"],"picked":"Sucker Punch","floor":5.0},{"not_picked":["Riddle With Holes","Masterful Stab"],"picked":"Flying Knee","floor":7.0},{"not_picked":["Deadly Poison","Outmaneuver"],"picked":"Glass Knife","floor":8.0},{"not_picked":["Dash","Deadly Poison"],"picked":"Crippling Poison","floor":11.0},{"not_picked":["Prepared","Sucker Punch"],"picked":"Dagger Spray","floor":12.0},{"not_picked":["Backstab","Predator"],"picked":"PiercingWail","floor":14.0},{"not_picked":["Burst","After Image"],"picked":"Envenom","floor":16.0},{"not_picked":["Heel Hook","Underhanded Strike+1"],"picked":"Infinite Blades+1","floor":19.0},{"not_picked":["Outmaneuver","Sucker Punch"],"picked":"Deadly Poison","floor":20.0},{"not_picked":["Prepared","Distraction+1"],"picked":"Backflip","floor":21.0},{"not_picked":["Underhanded Strike","Skewer"],"picked":"Sucker Punch","floor":22.0},{"not_picked":["Deflect","Finisher+1"],"picked":"Dagger Spray+1","floor":23.0},{"not_picked":["Night Terror","Unload","Quick Slash"],"picked":"Noxious Fumes","floor":27.0},{"not_picked":["Deadly Poison+1","Sucker Punch+1","Eviscerate+1"],"picked":"Noxious Fumes","floor":30.0},{"not_picked":["Prepared+1","Masterful Stab","Slice","Finisher"],"picked":"SKIP","floor":31.0},{"not_picked":["After Image","Venomology","Envenom"],"picked":"Malaise","floor":33.0},{"not_picked":["Backflip","Flechettes","Prepared"],"picked":"Dash","floor":34.0},{"not_picked":["Finisher","Dagger Throw+1","Sucker Punch+1"],"picked":"Deadly Poison+1","floor":35.0},{"not_picked":["Finisher+1","Dodge and Roll","Predator","Blade Dance"],"picked":"SKIP","floor":37.0},{"not_picked":["Deadly Poison","Flying Knee","Sucker Punch+1"],"picked":"Dagger Spray+1","floor":39.0},{"not_picked":["Predator+1","Underhanded Strike","Caltrops+1"],"picked":"Well Laid Plans","floor":42.0},{"not_picked":["Underhanded Strike","Dagger Throw+1","All Out Attack","Sucker Punch"],"picked":"SKIP","floor":45.0},{"not_picked":["Choke+1","Deflect","Blur","Prepared"],"picked":"SKIP","floor":47.0},{"not_picked":["Sucker Punch","Dodge and Roll","Bane","Endless Agony"],"picked":"SKIP","floor":48.0}],"player_experience":10950,"relics_obtained":[{"floor":8.0,"key":"PreservedInsect"},{"floor":9.0,"key":"Paper Crane"},{"floor":11.0,"key":"MawBank"},{"floor":20.0,"key":"Red Mask"},{"floor":23.0,"key":"Mango"},{"floor":26.0,"key":"Question Card"},{"floor":27.0,"key":"Pantograph"},{"floor":42.0,"key":"Orichalcum"},{"floor":43.0,"key":"Mercury Hourglass"},{"floor":47.0,"key":"Meat on the Bone"}],"event_choices":[{"damage_healed":0.0,"max_hp_gain":0.0,"max_hp_loss":0.0,"gold_gain":0.0,"event_name":"Masked Bandits","player_choice":"Fought Bandits","floor":20.0,"gold_loss":0.0,"damage_taken":0.0},{"damage_healed":0.0,"max_hp_gain":0.0,"max_hp_loss":0.0,"gold_gain":0.0,"event_name":"The Mausoleum","player_choice":"Opened","floor":28.0,"gold_loss":0.0,"damage_taken":0.0,"relics_obtained":["FossilizedHelix"]},{"damage_healed":0.0,"max_hp_gain":0.0,"max_hp_loss":0.0,"gold_gain":0.0,"event_name":"Duplicator","player_choice":"Copied","floor":36.0,"gold_loss":0.0,"damage_taken":0.0,"cards_obtained":["PiercingWail"]},{"damage_healed":0.0,"max_hp_gain":0.0,"max_hp_loss":0.0,"gold_gain":0.0,"event_name":"Accursed Blacksmith","player_choice":"Forge","floor":44.0,"gold_loss":0.0,"damage_taken":0.0,"cards_upgraded":["Dash"]}],"is_beta":false,"boss_relics":[{"not_picked":["Ring of the Serpent","Orrery"],"picked":"Ectoplasm"},{"not_picked":["Snecko Eye","Runic Dome"],"picked":"Tiny House"}],"items_purged_floors":[],"is_endless":false,"potions_floor_spawned":[1,3,4,7,14,18,27,31,33,39,42,47],"ascension_level":2}