{"gold_per_floor":[116,41,67,39,57,86,86,103,128,128,155,155,205,237,237,312,312,312,312,312,312,312,312,312,312,312,312,312,312,312,312,312,312],"floor_reached":33,"playtime":1018,"items_purged":[],"score":705,"play_id":"d9269251-c224-4e7b-bc09-eb28233efb88","local_time":"20190826115841","is_ascension_mode":true,"campfire_choices":[{"data":"Bash","floor":7,"key":"SMITH"},{"data":"Armaments","floor":10,"key":"SMITH"},{"data":"Pommel Strike","floor":12,"key":"SMITH"},{"data":"Shrug It Off","floor":15,"key":"SMITH"},{"floor":23,"key":"REST"},{"floor":28,"key":"REST"},{"floor":32,"key":"REST"}],"neow_cost":"NONE","seed_source_timestamp":371454432849300,"circlet_count":0,"master_deck":["AscendersBane","Strike_R","Strike_R","Strike_R","Strike_R","Defend_R","Defend_R","Defend_R","Defend_R","Bash+1","Evolve","Shrug It Off","Pommel Strike+1","Dropkick","Armaments+1","Shrug It Off+1","Immolate","Dropkick","Dark Embrace","Whirlwind+1","Berserk","Decay"],"relics":["Burning Blood","NeowsBlessing","Red Skull","Dodecahedron","Pen Nib","WingedGreaves","Art of War","Ectoplasm","Bag of Marbles","Enchiridion","Toxic Egg 2","Bronze Scales"],"potions_floor_usage":[11,14,16,20,24,24,29,29],"damage_taken":[{"damage":0,"enemies":"2 Louse","floor":1,"turns":1},{"damage":0,"enemies":"Jaw Worm","floor":5,"turns":1},{"damage":0,"enemies":"3 Sentries","floor":6,"turns":2},{"damage":0,"enemies":"Cultist","floor":8,"turns":4},{"damage":0,"enemies":"Lagavulin","floor":11,"turns":7},{"damage":0,"enemies":"Gremlin Nob","floor":14,"turns":2},{"damage":39,"enemies":"Hexaghost","floor":16,"turns":9},{"damage":24,"enemies":"Shell Parasite","floor":18,"turns":4},{"damage":8,"enemies":"3 Byrds","floor":20,"turns":4},{"damage":12,"enemies":"Snecko","floor":24,"turns":4},{"damage":16,"enemies":"Snake Plant","floor":27,"turns":4},{"damage":0,"enemies":"Gremlin Leader","floor":29,"turns":3},{"damage":31,"enemies":"Shelled Parasite and Fungi","floor":30,"turns":2},{"damage":69,"enemies":"Champ","floor":33,"turns":10}],"seed_played":"8719376813416283958","potions_obtained":[{"floor":1,"key":"Fire Potion"},{"floor":8,"key":"SkillPotion"},{"floor":14,"key":"Dexterity Potion"},{"floor":16,"key":"Block Potion"},{"floor":20,"key":"EntropicBrew"},{"floor":24,"key":"SkillPotion"}],"is_trial":false,"path_per_floor":["M","?","T","$","M","E","R","M","T","R","E","R","?","E","R","B",null,"M","$","M","T","?","R","M","?","T","M","R","E","M","?","R","B"],"character_chosen":"IRONCLAD","items_purchased":["Shrug It Off"],"campfire_rested":3,"item_purchase_floors":[4],"current_hp_per_floor":[74,74,74,74,75,75,75,75,75,75,75,75,75,75,75,42,67,49,49,47,47,26,48,42,42,42,32,54,60,35,35,57,0],"gold":312,"neow_bonus":"THREE_ENEMY_KILL","is_prod":false,"is_daily":false,"chose_seed":false,"campfire_upgraded":4,"win_rate":0,"timestamp":1566788321,"path_taken":["M","?","?","$","?","E","R","M","T","R","E","R","?","E","R","BOSS","M","?","M","?","?","R","M","?","T","M","R","E","?","?","R","BOSS"],"build_version":"2019-07-17","purchased_purges":0,"victory":false,"max_hp_per_floor":[75,75,75,75,75,75,75,75,75,75,75,75,75,75,75,75,75,75,75,75,75,75,75,75,75,75,75,75,75,75,75,75,75],"card_choices":[{"not_picked":["Havoc","Thunderclap"],"picked":"Evolve","floor":1},{"not_picked":["Sword Boomerang","Shrug It Off"],"picked":"Pommel Strike","floor":5},{"not_picked":["Burning Pact","Cleave"],"picked":"Dropkick","floor":6},{"not_picked":["Havoc","Blood for Blood"],"picked":"Armaments","floor":8},{"not_picked":["Armaments","Havoc","Clash"],"picked":"SKIP","floor":11},{"not_picked":["Reckless Charge","Thunderclap"],"picked":"Shrug It Off","floor":14},{"not_picked":["Juggernaut","Bludgeon"],"picked":"Immolate","floor":16},{"not_picked":["True Grit","Perfected Strike","Thunderclap"],"picked":"SKIP","floor":18},{"not_picked":["Fire Breathing","Rampage"],"picked":"Dropkick","floor":20},{"not_picked":["Warcry","Armaments"],"picked":"Dark Embrace","floor":24},{"not_picked":["Infernal Blade+1","Headbutt+1"],"picked":"Whirlwind+1","floor":27},{"not_picked":["Carnage","Combust"],"picked":"Berserk","floor":29},{"not_picked":["Heavy Blade","Armaments+1","Cleave"],"picked":"SKIP","floor":30}],"player_experience":207806,"relics_obtained":[{"floor":3,"key":"Red Skull"},{"floor":6,"key":"Dodecahedron"},{"floor":9,"key":"Pen Nib"},{"floor":11,"key":"WingedGreaves"},{"floor":14,"key":"Art of War"},{"floor":21,"key":"Bag of Marbles"},{"floor":22,"key":"Enchiridion"},{"floor":26,"key":"Toxic Egg 2"},{"floor":29,"key":"Bronze Scales"}],"event_choices":[{"cards_removed":["Strike_R"],"damage_healed":0,"gold_gain":0,"player_choice":"Card Removal","damage_taken":0,"max_hp_gain":0,"max_hp_loss":0,"event_name":"The Cleric","floor":2,"gold_loss":75},{"damage_healed":0,"gold_gain":50,"player_choice":"Pray","damage_taken":0,"max_hp_gain":0,"max_hp_loss":0,"event_name":"Golden Shrine","floor":13,"gold_loss":0},{"damage_healed":0,"gold_gain":0,"player_choice":"Obtained Book","damage_taken":21,"max_hp_gain":0,"max_hp_loss":0,"event_name":"Cursed Tome","floor":22,"gold_loss":0},{"damage_healed":0,"gold_gain":50,"player_choice":"Stole From Cult","damage_taken":0,"max_hp_gain":0,"max_hp_loss":0,"event_name":"Nest","floor":25,"gold_loss":0},{"damage_healed":0,"gold_gain":0,"player_choice":"Cursed","damage_taken":0,"max_hp_gain":0,"max_hp_loss":0,"event_name":"Wheel of Change","floor":31,"gold_loss":0,"cards_obtained":["Decay"]}],"is_beta":false,"boss_relics":[{"not_picked":["Tiny House","Fusion Hammer"],"picked":"Ectoplasm"}],"items_purged_floors":[],"is_endless":false,"potions_floor_spawned":[1,8,14,16,20,24,27],"killed_by":"Champ","ascension_level":17}