{"gold_per_floor":[119,136,136,136,61,90,117,149,161,185,89,89,101,112,112,212,212,226,226,226,50,50],"floor_reached":22,"playtime":566,"items_purged":["Strike_G","Strike_G","Bite"],"score":307,"play_id":"491ee293-234d-440c-a987-4af59589ad65","local_time":"20190823201929","is_ascension_mode":true,"campfire_choices":[{"floor":12,"key":"REST"},{"floor":15,"key":"REST"}],"neow_cost":"NONE","seed_source_timestamp":708905874658600,"circlet_count":0,"master_deck":["Defend_G","Defend_G","Defend_G","Defend_G","Defend_G","Survivor","Neutralize","Footwork","Poisoned Stab+1","Deadly Poison","Deadly Poison","Die Die Die","Noxious Fumes","Catalyst","Die Die Die","Bite","Bite","Bite","Bite","Flash of Steel+1"],"relics":["Ring of the Serpent","NeowsBlessing","The Courier","Odd Mushroom","MawBank","Mercury Hourglass","Molten Egg 2"],"potions_floor_usage":[8],"damage_taken":[{"damage":0,"enemies":"2 Louse","floor":1,"turns":1},{"damage":0,"enemies":"Jaw Worm","floor":2,"turns":1},{"damage":0,"enemies":"3 Sentries","floor":6,"turns":1},{"damage":29,"enemies":"The Mushroom Lair","floor":7,"turns":5},{"damage":35,"enemies":"Gremlin Nob","floor":8,"turns":4},{"damage":0,"enemies":"Small Slimes","floor":10,"turns":2},{"damage":9,"enemies":"Blue Slaver","floor":13,"turns":3},{"damage":5,"enemies":"Red Slaver","floor":14,"turns":3},{"damage":28,"enemies":"The Guardian","floor":16,"turns":7},{"damage":13,"enemies":"Shell Parasite","floor":18,"turns":5},{"damage":0,"enemies":"Spheric Guardian","floor":22,"turns":1}],"seed_played":"187652587836069468","potions_obtained":[{"floor":1,"key":"Ancient Potion"},{"floor":2,"key":"GamblersBrew"},{"floor":7,"key":"Fire Potion"}],"is_trial":false,"path_per_floor":["M","M","?","?","$","E","?","E","T","M","$","R","M","M","R","B",null,"M","?","T","$","M"],"character_chosen":"THE_SILENT","items_purchased":["Noxious Fumes","Flash of Steel+1"],"campfire_rested":2,"item_purchase_floors":[11,21],"current_hp_per_floor":[63,63,63,68,68,68,39,4,4,4,4,26,17,12,34,6,58,45,45,45,45,51],"gold":50,"neow_bonus":"THREE_ENEMY_KILL","is_prod":false,"is_daily":false,"chose_seed":false,"campfire_upgraded":0,"win_rate":0,"timestamp":1566555569,"path_taken":["M","M","?","?","$","E","?","E","T","M","?","R","?","M","R","BOSS","M","?","?","?","?"],"build_version":"2019-07-17","purchased_purges":3,"victory":false,"max_hp_per_floor":[70,70,70,75,75,75,75,75,75,75,75,75,75,75,75,75,75,75,52,52,52,52],"card_choices":[{"not_picked":["Prepared","Backflip"],"picked":"Footwork","floor":1},{"not_picked":["Dodge and Roll","Crippling Poison"],"picked":"Poisoned Stab","floor":2},{"not_picked":["Cloak And Dagger","Underhanded Strike"],"picked":"Deadly Poison","floor":6},{"not_picked":["Accuracy","Bane"],"picked":"Deadly Poison","floor":7},{"not_picked":["Slice","Underhanded Strike","Leg Sweep"],"picked":"SKIP","floor":8},{"not_picked":["Dodge and Roll","Slice"],"picked":"Die Die Die","floor":10},{"not_picked":["Flying Knee","Underhanded Strike"],"picked":"Catalyst","floor":13},{"not_picked":["Flying Knee","Poisoned Stab","Dash"],"picked":"SKIP","floor":14},{"not_picked":["A Thousand Cuts","Glass Knife"],"picked":"Die Die Die","floor":16},{"not_picked":["Prepared","Flying Knee+1","Noxious Fumes"],"picked":"SKIP","floor":18}],"player_experience":90400,"relics_obtained":[{"floor":6,"key":"The Courier"},{"floor":7,"key":"Odd Mushroom"},{"floor":8,"key":"MawBank"},{"floor":9,"key":"Mercury Hourglass"},{"floor":20,"key":"Molten Egg 2"}],"event_choices":[{"damage_healed":0,"gold_gain":0,"player_choice":"Grow","damage_taken":0,"max_hp_gain":0,"max_hp_loss":0,"event_name":"Living Wall","floor":3,"gold_loss":0,"cards_upgraded":["Poisoned Stab"]},{"damage_healed":0,"gold_gain":0,"player_choice":"Donut","damage_taken":0,"max_hp_gain":5,"max_hp_loss":0,"event_name":"Big Fish","floor":4,"gold_loss":0},{"damage_healed":0,"gold_gain":0,"player_choice":"Fought Mushrooms","damage_taken":0,"max_hp_gain":0,"max_hp_loss":0,"event_name":"Mushrooms","floor":7,"gold_loss":0},{"damage_healed":0,"gold_gain":0,"player_choice":"Became a vampire","damage_taken":0,"max_hp_gain":0,"max_hp_loss":23,"event_name":"Vampires","floor":19,"gold_loss":0,"cards_obtained":["Bite","Bite","Bite","Bite","Bite"]}],"is_beta":false,"boss_relics":[{"not_picked":["Lizard Tail","HoveringKite"],"picked":"Ring of the Serpent"}],"items_purged_floors":[5,11,21],"is_endless":false,"potions_floor_spawned":[1,2,7],"killed_by":"Spheric Guardian","ascension_level":6}