{"gold_per_floor":[118,68,68,80,155,155,155,105,128,144,154,171,191,203,203,299,299,312,20,35,134,84,84,84,84,84,84,97,114,114,134,134,134],"floor_reached":33,"playtime":1755,"items_purged":["Decay","Injury","Strike_R","Strike_R"],"score":407,"play_id":"03a091d6-a65c-4769-9ed2-fd0dbc64bde6","local_time":"20190826145052","is_ascension_mode":true,"campfire_choices":[{"data":"Bash","floor":6,"key":"SMITH"},{"floor":15,"key":"REST"},{"data":"Body Slam","floor":23,"key":"SMITH"},{"data":"Reaper","floor":27,"key":"SMITH"},{"floor":32,"key":"REST"}],"neow_cost":"NONE","seed_source_timestamp":77022675411200,"circlet_count":0,"master_deck":["AscendersBane","Strike_R","Strike_R","Strike_R","Defend_R","Defend_R+1","Defend_R+1","Defend_R","Bash+1","Feed","Juggernaut","Reaper+1","Body Slam+1","Clumsy","Double Tap","Metallicize"],"relics":["Smiling Mask","Letter Opener","Thread and Needle","Bronze Scales","Cursed Key","Bottled Tornado","Nloth\u0027s Gift","Calipers","NlothsMask"],"potions_floor_usage":[12,14,16,16,29,33],"damage_taken":[{"damage":8,"enemies":"Jaw Worm","floor":1,"turns":6},{"damage":3,"enemies":"Small Slimes","floor":4,"turns":4},{"damage":2,"enemies":"2 Louse","floor":10,"turns":3},{"damage":0,"enemies":"Blue Slaver","floor":11,"turns":3},{"damage":2,"enemies":"Exordium Thugs","floor":12,"turns":6},{"damage":10,"enemies":"Looter","floor":13,"turns":3},{"damage":9,"enemies":"Large Slime","floor":14,"turns":8},{"damage":38,"enemies":"Hexaghost","floor":16,"turns":9},{"damage":1,"enemies":"Chosen","floor":18,"turns":5},{"damage":19,"enemies":"2 Thieves","floor":20,"turns":4},{"damage":27,"enemies":"Sentry and Sphere","floor":28,"turns":6},{"damage":20,"enemies":"Snake Plant","floor":29,"turns":4},{"damage":44,"enemies":"3 Cultists","floor":31,"turns":5},{"damage":61,"enemies":"Champ","floor":33,"turns":8}],"seed_played":"-1114024561195665599","potions_obtained":[{"floor":1,"key":"AttackPotion"},{"floor":10,"key":"Weak Potion"},{"floor":12,"key":"Swift Potion"},{"floor":14,"key":"SteroidPotion"},{"floor":20,"key":"Poison Potion"},{"floor":28,"key":"BloodPotion"}],"is_trial":false,"path_per_floor":["M","$","?","M","?","R","?","$","T","M","M","M","M","M","R","B",null,"M","$","M","?","$","R","?","?","T","R","M","M","?","M","R","B"],"character_chosen":"IRONCLAD","items_purchased":["Bottled Tornado"],"campfire_rested":2,"item_purchase_floors":[19],"current_hp_per_floor":[64,64,64,61,50,50,34,34,34,35,38,39,29,23,50,12,72,72,72,64,64,64,64,64,64,64,64,43,52,52,26,56,0],"gold":134,"neow_bonus":"BOSS_RELIC","is_prod":false,"is_daily":false,"chose_seed":false,"campfire_upgraded":3,"win_rate":0,"timestamp":1566845452,"path_taken":["M","$","?","M","?","R","?","?","T","M","?","M","M","M","R","BOSS","M","$","M","?","$","R","?","?","T","R","?","M","?","M","R","BOSS"],"build_version":"2019-07-17","purchased_purges":4,"victory":false,"max_hp_per_floor":[80,80,80,80,80,80,80,80,80,83,86,89,89,92,92,92,92,92,92,95,95,95,95,95,95,95,95,98,98,98,101,101,101],"card_choices":[{"not_picked":["Perfected Strike","Clothesline","Clash"],"picked":"SKIP","floor":1},{"not_picked":["Heavy Blade","Cleave"],"picked":"Feed","floor":4},{"not_picked":["True Grit","Havoc","Anger"],"picked":"SKIP","floor":10},{"not_picked":["Bloodletting","Flex","Havoc"],"picked":"SKIP","floor":11},{"not_picked":["Warcry","Disarm","Headbutt"],"picked":"SKIP","floor":12},{"not_picked":["Blood for Blood","Reckless Charge","Havoc"],"picked":"SKIP","floor":13},{"not_picked":["Armaments","Shockwave"],"picked":"Juggernaut","floor":14},{"not_picked":["Exhume","Offering"],"picked":"Reaper","floor":16},{"not_picked":["Pommel Strike","Fire Breathing","Cleave"],"picked":"SKIP","floor":18},{"not_picked":["Sword Boomerang","Power Through"],"picked":"Body Slam","floor":20},{"not_picked":["Twin Strike","Flex+1","Thunderclap"],"picked":"SKIP","floor":28},{"not_picked":["True Grit","Wild Strike"],"picked":"Double Tap","floor":29},{"not_picked":["Dual Wield","Clash+1"],"picked":"Metallicize","floor":31}],"player_experience":4096822,"relics_obtained":[{"floor":0,"key":"Smiling Mask"},{"floor":0,"key":"Letter Opener"},{"floor":0,"key":"Thread and Needle"},{"floor":9,"key":"Bronze Scales"},{"floor":26,"key":"Calipers"}],"event_choices":[{"cards_removed":["Normality"],"damage_healed":0,"gold_gain":0,"player_choice":"Forget","damage_taken":0,"max_hp_gain":0,"max_hp_loss":0,"event_name":"Living Wall","floor":3,"gold_loss":0},{"damage_healed":0,"gold_gain":75,"player_choice":"Gather Gold","damage_taken":11,"max_hp_gain":0,"max_hp_loss":0,"event_name":"World of Goop","floor":5,"gold_loss":0},{"damage_healed":0,"gold_gain":0,"player_choice":"Entered Light","damage_taken":16,"max_hp_gain":0,"max_hp_loss":0,"event_name":"Shining Light","floor":7,"gold_loss":0,"cards_upgraded":["Defend_R","Defend_R"]},{"damage_healed":0,"gold_gain":99,"player_choice":"Stole From Cult","damage_taken":0,"max_hp_gain":0,"max_hp_loss":0,"event_name":"Nest","floor":21,"gold_loss":0},{"damage_healed":0,"gold_gain":0,"player_choice":"Ignored","damage_taken":0,"max_hp_gain":0,"max_hp_loss":0,"event_name":"Vampires","floor":24,"gold_loss":0},{"damage_healed":0,"gold_gain":0,"player_choice":"Traded Relic","damage_taken":0,"relics_obtained":["Nloth\u0027s Gift"],"max_hp_gain":0,"max_hp_loss":0,"event_name":"N\u0027loth","floor":25,"relics_lost":["Calling Bell"],"gold_loss":0},{"damage_healed":0,"gold_gain":0,"player_choice":"Trade","damage_taken":0,"relics_obtained":["NlothsMask"],"max_hp_gain":0,"max_hp_loss":0,"event_name":"FaceTrader","floor":30,"gold_loss":0}],"is_beta":false,"boss_relics":[{"not_picked":["Snecko Eye","Pandora\u0027s Box"],"picked":"Cursed Key"}],"items_purged_floors":[2,8,19,22],"is_endless":false,"potions_floor_spawned":[1,10,12,13,14,20,28],"killed_by":"Champ","ascension_level":12}