{"gold_per_floor":[116,116,96,109,33,58,58,88,114,126,154,166,178,200,212,224],"floor_reached":16,"playtime":386,"items_purged":[],"score":246,"play_id":"3b831295-f238-4e0b-9a19-711e2c56fa1c","local_time":"20190824134614","is_ascension_mode":true,"campfire_choices":[{"data":"Bash","floor":7,"key":"SMITH"},{"data":"Demon Form","floor":10,"key":"SMITH"},{"data":"Entrench","floor":15,"key":"SMITH"}],"neow_cost":"NONE","seed_source_timestamp":205742505593700,"circlet_count":0,"master_deck":["AscendersBane","Strike_R","Strike_R","Strike_R","Strike_R","Defend_R","Defend_R","Defend_R","Defend_R","Bash+1","Seeing Red","Battle Trance","Corruption","Demon Form+1","Battle Trance","Entrench+1"],"relics":["Burning Blood","NeowsBlessing","Lantern","Omamori","MawBank"],"potions_floor_usage":[8,14,16],"damage_taken":[{"damage":0,"enemies":"Jaw Worm","floor":1,"turns":1},{"damage":0,"enemies":"Cultist","floor":4,"turns":1},{"damage":0,"enemies":"Gremlin Nob","floor":6,"turns":1},{"damage":30,"enemies":"Lagavulin","floor":8,"turns":6},{"damage":13,"enemies":"Small Slimes","floor":11,"turns":5},{"damage":10,"enemies":"Gremlin Gang","floor":14,"turns":3},{"damage":45,"enemies":"Hexaghost","floor":16,"turns":7}],"seed_played":"466156690792203590","potions_obtained":[{"floor":1,"key":"Strength Potion"},{"floor":3,"key":"Fruit Juice"},{"floor":8,"key":"LiquidBronze"},{"floor":11,"key":"AttackPotion"}],"is_trial":false,"path_per_floor":["M","$","?","M","$","E","R","E","T","R","M","?","$","M","R","B"],"character_chosen":"IRONCLAD","items_purchased":["Corruption"],"campfire_rested":0,"item_purchase_floors":[5],"current_hp_per_floor":[74,74,74,75,75,75,75,56,56,56,49,49,49,45,45,0],"gold":224,"neow_bonus":"THREE_ENEMY_KILL","is_prod":false,"is_daily":false,"chose_seed":false,"campfire_upgraded":3,"win_rate":0,"timestamp":1566621974,"path_taken":["M","$","?","?","?","E","R","E","T","R","M","?","$","M","R","BOSS"],"build_version":"2019-07-17","purchased_purges":0,"victory":false,"max_hp_per_floor":[75,75,75,75,75,75,75,80,80,80,80,80,80,80,80,80],"card_choices":[{"not_picked":["Feel No Pain","Searing Blow"],"picked":"Seeing Red","floor":1},{"not_picked":["Feel No Pain","Rage"],"picked":"Battle Trance","floor":4},{"not_picked":["Infernal Blade","Wild Strike"],"picked":"Demon Form","floor":6},{"not_picked":["Heavy Blade","Intimidate"],"picked":"Battle Trance","floor":8},{"not_picked":["Perfected Strike","Clash","Headbutt"],"picked":"SKIP","floor":11},{"not_picked":["Body Slam","True Grit"],"picked":"Entrench","floor":14}],"player_experience":203734,"relics_obtained":[{"floor":6,"key":"Lantern"},{"floor":8,"key":"Omamori"},{"floor":9,"key":"MawBank"}],"event_choices":[{"damage_healed":0,"gold_gain":0,"player_choice":"Bought 1 Potion","damage_taken":0,"max_hp_gain":0,"max_hp_loss":0,"event_name":"The Woman in Blue","floor":3,"gold_loss":0},{"cards_removed":["Strike_R"],"damage_healed":0,"gold_gain":0,"player_choice":"Offered Basic","damage_taken":0,"max_hp_gain":0,"max_hp_loss":0,"event_name":"Bonfire Elementals","floor":12,"gold_loss":0}],"is_beta":false,"boss_relics":[],"items_purged_floors":[],"is_endless":false,"potions_floor_spawned":[1,4,8,11],"killed_by":"Hexaghost","ascension_level":17}