{"gold_per_floor":[15,15,32,32,32,32,57,69,69,99,118,143,169,181,193,205],"floor_reached":16,"playtime":638,"items_purged":[],"score":224,"play_id":"37718a08-08ba-4159-aa68-b8688e5b7077","local_time":"20190827111344","is_ascension_mode":true,"campfire_choices":[{"data":"Twin Strike","floor":6,"key":"SMITH"},{"floor":15,"key":"REST"}],"neow_cost":"NO_GOLD","seed_source_timestamp":455536877590100,"circlet_count":0,"master_deck":["AscendersBane","Strike_R","Strike_R","Strike_R","Strike_R","Strike_R","Defend_R","Defend_R","Defend_R","Defend_R","Bash+1","Purity","Blind","Twin Strike+1","Reaper","Clothesline","Seeing Red","Uppercut","Iron Wave+1"],"relics":["Burning Blood","Self Forming Clay","Matryoshka","Smiling Mask","Molten Egg 2","Bag of Preparation","MawBank"],"potions_floor_usage":[7,7,10,16],"damage_taken":[{"damage":7,"enemies":"Small Slimes","floor":1,"turns":4},{"damage":7,"enemies":"Jaw Worm","floor":3,"turns":3},{"damage":30,"enemies":"3 Sentries","floor":7,"turns":7},{"damage":6,"enemies":"Cultist","floor":8,"turns":3},{"damage":27,"enemies":"Lagavulin","floor":10,"turns":6},{"damage":7,"enemies":"Large Slime","floor":11,"turns":6},{"damage":42,"enemies":"3 Sentries","floor":12,"turns":8},{"damage":45,"enemies":"Hexaghost","floor":16,"turns":9}],"seed_played":"-6002512730617426398","potions_obtained":[{"floor":1,"key":"SkillPotion"},{"floor":3,"key":"Explosive Potion"},{"floor":8,"key":"SneckoOil"},{"floor":11,"key":"Strength Potion"}],"is_trial":false,"path_per_floor":["M","?","M","?","$","R","E","M","T","E","M","E","T","$","R","B"],"character_chosen":"IRONCLAD","items_purchased":[],"campfire_rested":1,"item_purchase_floors":[],"current_hp_per_floor":[67,67,66,71,71,71,47,51,51,30,37,13,13,13,37,0],"gold":205,"neow_bonus":"RANDOM_COLORLESS_2","is_prod":false,"is_daily":false,"chose_seed":false,"campfire_upgraded":1,"win_rate":0,"timestamp":1566872024,"path_taken":["M","?","M","?","?","R","E","M","T","E","M","E","?","$","R","BOSS"],"build_version":"2019-07-17","purchased_purges":0,"victory":false,"max_hp_per_floor":[75,75,75,80,80,80,80,80,80,80,80,80,80,80,80,80],"card_choices":[{"not_picked":["True Grit","Hemokinesis"],"picked":"Twin Strike","floor":1},{"not_picked":["Anger","Dual Wield","Rupture"],"picked":"SKIP","floor":3},{"not_picked":["Dual Wield","Ghostly Armor"],"picked":"Reaper","floor":7},{"not_picked":["Thunderclap","Body Slam"],"picked":"Clothesline","floor":8},{"not_picked":["Flex","Carnage"],"picked":"Seeing Red","floor":10},{"not_picked":["Burning Pact","Intimidate"],"picked":"Uppercut","floor":11},{"not_picked":["Sword Boomerang","Anger"],"picked":"Iron Wave","floor":12}],"player_experience":215730,"relics_obtained":[{"floor":7,"key":"Self Forming Clay"},{"floor":9,"key":"Matryoshka"},{"floor":10,"key":"Smiling Mask"},{"floor":12,"key":"Molten Egg 2"},{"floor":13,"key":"Bag of Preparation"},{"floor":13,"key":"MawBank"}],"event_choices":[{"damage_healed":0,"gold_gain":0,"player_choice":"Grow","damage_taken":0,"max_hp_gain":0,"max_hp_loss":0,"event_name":"Living Wall","floor":2,"gold_loss":0,"cards_upgraded":["Bash"]},{"damage_healed":0,"gold_gain":0,"player_choice":"Donut","damage_taken":0,"max_hp_gain":5,"max_hp_loss":0,"event_name":"Big Fish","floor":4,"gold_loss":0}],"is_beta":false,"boss_relics":[],"items_purged_floors":[],"is_endless":false,"potions_floor_spawned":[1,3,8,11],"killed_by":"Hexaghost","ascension_level":18}