{"gold_per_floor":[112,112,37,47,47,47,80,80,80,90,119,119,135,135,135,265,265,283,304,322,34,59,59,59,59,107,7,7,31,50,69,69,189,189,214,89,113,134,84,84,102,102,102,4,4,22,122,138,138,138],"floor_reached":50,"playtime":2128,"items_purged":["Defend_R","Strike_R","Defend_R"],"score":479,"play_id":"64465dcb-1b5d-4965-babc-5f262b58d66c","local_time":"20190824211349","is_ascension_mode":false,"campfire_choices":[{"data":"Shrug It Off","floor":6,"key":"SMITH"},{"data":"Bash","floor":8,"key":"SMITH"},{"data":"Armaments","floor":12,"key":"SMITH"},{"floor":15,"key":"REST"},{"floor":23,"key":"REST"},{"floor":28,"key":"REST"},{"floor":32,"key":"RECALL"},{"floor":40,"key":"REST"},{"floor":42,"key":"REST"},{"floor":49,"key":"REST"}],"neow_cost":"NONE","seed_source_timestamp":81782892318500,"circlet_count":0,"master_deck":["Strike_R","Strike_R","Strike_R","Defend_R","Defend_R","Bash+1","Perfected Strike+1","Shrug It Off+1","Iron Wave","Armaments+1","Flex","Iron Wave","Warcry","Shrug It Off","Pommel Strike","Shrug It Off","Clothesline+1","Twin Strike+1"],"relics":["Burning Blood","NeowsBlessing","Vajra","Du-Vu Doll","Omamori","Golden Idol","Fusion Hammer","StoneCalendar","Anchor","Philosopher\u0027s Stone","Mummified Hand"],"potions_floor_usage":[11,16,33,33,33,41,50,50,50],"damage_taken":[{"damage":0,"enemies":"2 Louse","floor":1,"turns":1},{"damage":0,"enemies":"Jaw Worm","floor":4,"turns":1},{"damage":0,"enemies":"Gremlin Nob","floor":7,"turns":1},{"damage":1,"enemies":"Small Slimes","floor":10,"turns":2},{"damage":26,"enemies":"Lagavulin","floor":11,"turns":6},{"damage":5,"enemies":"Looter","floor":13,"turns":3},{"damage":59,"enemies":"Hexaghost","floor":16,"turns":13},{"damage":7,"enemies":"Shell Parasite","floor":18,"turns":5},{"damage":0,"enemies":"Chosen","floor":19,"turns":4},{"damage":16,"enemies":"Snake Plant","floor":20,"turns":4},{"damage":33,"enemies":"Sentry and Sphere","floor":22,"turns":6},{"damage":2,"enemies":"Centurion and Healer","floor":29,"turns":6},{"damage":17,"enemies":"Shelled Parasite and Fungi","floor":30,"turns":5},{"damage":3,"enemies":"Snecko","floor":31,"turns":5},{"damage":69,"enemies":"Automaton","floor":33,"turns":12},{"damage":25,"enemies":"Orb Walker","floor":35,"turns":4},{"damage":17,"enemies":"3 Shapes","floor":37,"turns":5},{"damage":10,"enemies":"Transient","floor":38,"turns":5},{"damage":22,"enemies":"Writhing Mass","floor":41,"turns":6},{"damage":0,"enemies":"Spire Growth","floor":46,"turns":4},{"damage":26,"enemies":"Maw","floor":48,"turns":7},{"damage":88,"enemies":"Time Eater","floor":50,"turns":10}],"seed_played":"8299776331526448796","potions_obtained":[{"floor":4,"key":"Dexterity Potion"},{"floor":10,"key":"Fire Potion"},{"floor":11,"key":"Strength Potion"},{"floor":18,"key":"AttackPotion"},{"floor":22,"key":"Regen Potion"},{"floor":29,"key":"Energy Potion"},{"floor":38,"key":"Regen Potion"},{"floor":41,"key":"SteroidPotion"},{"floor":48,"key":"SkillPotion"}],"is_trial":false,"path_per_floor":["M","?","$","M","$","R","E","R","T","M","E","R","M","?","R","B",null,"M","M","M","$","M","R","?","$","T","$","R","M","M","M","R","B",null,"M","$","M","M","$","R","M","R","T","$","?","M","?","M","R","B"],"character_chosen":"IRONCLAD","items_purchased":["StoneCalendar","Shrug It Off","Poison Potion","FearPotion"],"campfire_rested":6,"item_purchase_floors":[21,39,44,44],"current_hp_per_floor":[80,80,80,80,80,80,80,80,80,80,60,60,61,41,65,12,80,79,80,70,70,43,67,67,67,67,67,80,80,69,72,72,9,80,61,61,50,46,46,70,63,80,80,80,80,80,80,60,80,0],"gold":138,"neow_bonus":"THREE_ENEMY_KILL","is_prod":false,"is_daily":false,"chose_seed":false,"campfire_upgraded":3,"win_rate":0,"timestamp":1566645229,"path_taken":["M","?","$","M","?","R","E","R","T","M","E","R","M","?","R","BOSS","M","M","M","$","M","R","?","$","T","$","R","?","M","M","R","BOSS","M","$","M","M","?","R","M","R","T","$","?","M","?","M","R","BOSS"],"build_version":"2019-07-17","purchased_purges":3,"victory":false,"max_hp_per_floor":[80,80,80,80,80,80,80,80,80,80,80,80,80,80,80,80,80,80,80,80,80,80,80,80,80,80,80,80,80,80,80,80,80,80,80,80,80,80,80,80,80,80,80,80,80,80,80,80,80,80],"card_choices":[{"not_picked":["Sword Boomerang","Twin Strike"],"picked":"Perfected Strike","floor":1},{"not_picked":["Perfected Strike","Heavy Blade"],"picked":"Shrug It Off","floor":4},{"not_picked":["Battle Trance","Corruption","Bloodletting"],"picked":"SKIP","floor":7},{"not_picked":["Clothesline","Juggernaut"],"picked":"Iron Wave","floor":10},{"not_picked":["Whirlwind","Rupture"],"picked":"Armaments","floor":11},{"not_picked":["Rampage","True Grit","Flame Barrier"],"picked":"SKIP","floor":13},{"not_picked":["Corruption","Disarm+1","Clothesline+1"],"picked":"SKIP","floor":18},{"not_picked":["Havoc","Ghostly Armor","Bloodletting"],"picked":"SKIP","floor":19},{"not_picked":["Armaments","Anger","Sword Boomerang"],"picked":"SKIP","floor":20},{"not_picked":["Sword Boomerang","Wild Strike+1"],"picked":"Flex","floor":22},{"not_picked":["Anger","Burning Pact"],"picked":"Iron Wave","floor":29},{"not_picked":["Pummel+1","Uppercut","True Grit+1"],"picked":"SKIP","floor":30},{"not_picked":["Body Slam","Corruption"],"picked":"Warcry","floor":31},{"not_picked":["Inflame+1","Havoc"],"picked":"Shrug It Off","floor":35},{"not_picked":["Perfected Strike","True Grit+1"],"picked":"Pommel Strike","floor":37},{"not_picked":["Shockwave+1","Rupture+1","Carnage+1"],"picked":"SKIP","floor":38},{"not_picked":["True Grit+1","Sword Boomerang"],"picked":"Clothesline+1","floor":41},{"not_picked":["Sword Boomerang","Sentinel","Blood for Blood"],"picked":"SKIP","floor":46},{"not_picked":["Wild Strike","Cleave"],"picked":"Twin Strike+1","floor":48}],"player_experience":91004,"relics_obtained":[{"floor":7,"key":"Vajra"},{"floor":9,"key":"Du-Vu Doll"},{"floor":11,"key":"Omamori"},{"floor":26,"key":"Anchor"},{"floor":43,"key":"Mummified Hand"}],"event_choices":[{"damage_healed":0,"gold_gain":0,"player_choice":"Grow","damage_taken":0,"max_hp_gain":0,"max_hp_loss":0,"event_name":"Living Wall","floor":2,"gold_loss":0,"cards_upgraded":["Perfected Strike"]},{"damage_healed":0,"gold_gain":0,"player_choice":"Take Damage","damage_taken":20,"relics_obtained":["Golden Idol"],"max_hp_gain":0,"max_hp_loss":0,"event_name":"Golden Idol","floor":14,"gold_loss":0},{"cards_removed":["Strike_R"],"damage_healed":0,"gold_gain":0,"player_choice":"Purged","damage_taken":0,"max_hp_gain":0,"max_hp_loss":0,"event_name":"Purifier","floor":24,"gold_loss":0},{"damage_healed":0,"gold_gain":0,"player_choice":"Memory 1","damage_taken":0,"max_hp_gain":0,"max_hp_loss":0,"event_name":"SensoryStone","floor":45,"gold_loss":0},{"damage_healed":0,"gold_gain":100,"player_choice":"Pray","damage_taken":0,"max_hp_gain":0,"max_hp_loss":0,"event_name":"Golden Shrine","floor":47,"gold_loss":0}],"is_beta":false,"boss_relics":[{"not_picked":["Tiny House","Black Star"],"picked":"Fusion Hammer"},{"not_picked":["Runic Dome","Astrolabe"],"picked":"Philosopher\u0027s Stone"}],"items_purged_floors":[3,27,36],"is_endless":false,"potions_floor_spawned":[4,10,11,18,22,29,30,31,38,41,48],"killed_by":"Time Eater","ascension_level":0}