{"gold_per_floor":[114,132,82,157,0,27,55,67,103,131,157,229,260,272,284,397,409,437,374,396,408,436,479,491,514,549,586,494,506,529,557,569,683,695,717,746,127,140,160,191,211,211,211,223,223,239,251,281,281,281],"floor_reached":51,"playtime":2703,"items_purged":["Strike_G"],"score":855,"play_id":"ed6eb5cd-500c-4f0e-9f0b-4ef6a194f07e","local_time":"20190818002452","is_ascension_mode":false,"campfire_choices":[{"data":"Deadly Poison","floor":8.0,"key":"SMITH"},{"data":"Crippling Poison","floor":15.0,"key":"SMITH"},{"data":"Skewer","floor":24.0,"key":"SMITH"},{"data":"All Out Attack","floor":29.0,"key":"SMITH"},{"floor":32.0,"key":"REST"},{"data":"Apotheosis","floor":42,"key":"SMITH"},{"data":"Burst","floor":45,"key":"SMITH"},{"floor":49,"key":"REST"}],"neow_cost":"NONE","seed_source_timestamp":332090571720889,"circlet_count":0,"master_deck":["Strike_G","Defend_G+1","Defend_G","Defend_G","Defend_G+1","Defend_G","Survivor","Neutralize","Poisoned Stab","All Out Attack+1","Deadly Poison+1","Die Die Die","Escape Plan","Crippling Poison+1","Leg Sweep","Adrenaline","Backflip","Well Laid Plans","Poisoned Stab","Dagger Spray+1","Skewer+1","Dash+1","Crippling Poison","Burst+1","Backflip","Sucker Punch+1","Apotheosis+1","Footwork","Escape Plan","Dagger Throw","Prepared+1","Die Die Die","Decay","Poisoned Stab","PiercingWail","Blur+1","Acrobatics+1"],"special_seed":0,"relics":["Ring of the Snake","NeowsBlessing","War Paint","MawBank","Anchor","Bag of Marbles","Runic Dome","Orichalcum","Oddly Smooth Stone","Tough Bandages","Bag of Preparation","Cursed Key","Lee\u0027s Waffle","Vajra","Meat on the Bone","Boot"],"potions_floor_usage":[50,50,50],"damage_taken":[{"damage":0.0,"enemies":"Small Slimes","floor":1.0,"turns":1.0},{"damage":0.0,"enemies":"Jaw Worm","floor":2.0,"turns":1.0},{"damage":0.0,"enemies":"3 Sentries","floor":6.0,"turns":2.0},{"damage":0.0,"enemies":"2 Louse","floor":7.0,"turns":2.0},{"damage":0.0,"enemies":"Large Slime","floor":10.0,"turns":4.0},{"damage":0.0,"enemies":"Blue Slaver","floor":11.0,"turns":3.0},{"damage":16.0,"enemies":"Lagavulin Event","floor":12.0,"turns":6.0},{"damage":0.0,"enemies":"Red Slaver","floor":13.0,"turns":2.0},{"damage":4.0,"enemies":"Hexaghost","floor":16.0,"turns":9.0},{"damage":0.0,"enemies":"3 Byrds","floor":18.0,"turns":4.0},{"damage":0.0,"enemies":"Spheric Guardian","floor":20.0,"turns":3.0},{"damage":7.0,"enemies":"Snake Plant","floor":22.0,"turns":5.0},{"damage":8.0,"enemies":"Gremlin Leader","floor":23.0,"turns":5.0},{"damage":3.0,"enemies":"Centurion and Healer","floor":25.0,"turns":3.0},{"damage":9.0,"enemies":"Slavers","floor":27.0,"turns":4.0},{"damage":0.0,"enemies":"Sentry and Sphere","floor":30.0,"turns":2.0},{"damage":0.0,"enemies":"Shelled Parasite and Fungi","floor":31.0,"turns":5.0},{"damage":26.0,"enemies":"Automaton","floor":33.0,"turns":9.0},{"damage":0.0,"enemies":"3 Shapes","floor":35.0,"turns":3.0},{"damage":0.0,"enemies":"3 Darklings","floor":36.0,"turns":1.0},{"damage":0,"enemies":"Maw","floor":38,"turns":6},{"damage":0,"enemies":"Writhing Mass","floor":39,"turns":6},{"damage":7,"enemies":"Reptomancer","floor":40,"turns":6},{"damage":0,"enemies":"Sphere and 2 Shapes","floor":41,"turns":3},{"damage":0,"enemies":"Jaw Worm Horde","floor":44,"turns":1},{"damage":0,"enemies":"Transient","floor":46,"turns":5},{"damage":0,"enemies":"3 Darklings","floor":47,"turns":1},{"damage":1,"enemies":"Giant Head","floor":48,"turns":8},{"damage":0,"enemies":"Donu and Deca","floor":50,"turns":8}],"seed_played":"-7548181541378282150","potions_obtained":[{"floor":2.0,"key":"Dexterity Potion"},{"floor":6.0,"key":"SneckoOil"},{"floor":18.0,"key":"SkillPotion"},{"floor":22.0,"key":"Ancient Potion"},{"floor":25.0,"key":"SteroidPotion"}],"is_trial":false,"path_per_floor":["M","M","?","?","$","E","M","R","T","M","M","?","M","?","R","B",null,"M","?","M","?","M","E","R","M","T","E","?","R","M","M","R","B",null,"M","M","$","M","M","E","M","R","T","M","R","M","M","E","R","B",null],"character_chosen":"THE_SILENT","items_purchased":["War Paint","Apotheosis","Footwork","Escape Plan","Lee\u0027s Waffle","Dagger Throw"],"campfire_rested":2,"item_purchase_floors":[5,37,37,37,37,37],"current_hp_per_floor":[70,70,70,59,59,59,59,59,59,59,59,43,43,48,48,44,75,75,75,75,75,68,60,60,57,57,48,48,48,48,48,70,44,75,75,75,82,82,82,75,75,75,75,75,75,75,75,74,82,82],"gold":281,"neow_bonus":"THREE_ENEMY_KILL","is_prod":false,"is_daily":false,"chose_seed":false,"campfire_upgraded":6,"win_rate":0.0,"timestamp":1566051892,"path_taken":["M","M","?","?","$","E","M","R","T","?","M","?","M","?","R","BOSS","M","?","M","?","M","E","R","?","T","E","?","R","M","M","R","BOSS","M","M","$","M","?","E","M","R","T","M","R","M","M","E","R","BOSS"],"build_version":"2019-07-17","purchased_purges":1,"victory":true,"max_hp_per_floor":[70,70,70,70,70,70,70,70,70,70,70,70,70,75,75,75,75,75,75,75,75,75,75,75,75,75,75,75,75,75,75,75,75,75,75,75,82,82,82,82,82,82,82,82,82,82,82,82,82,82],"card_choices":[{"not_picked":["Dodge and Roll","Deflect"],"picked":"Poisoned Stab","floor":1.0},{"not_picked":["Caltrops","Dodge and Roll"],"picked":"All Out Attack","floor":2.0},{"not_picked":["Heel Hook","PiercingWail"],"picked":"Deadly Poison","floor":6.0},{"not_picked":["PiercingWail","Dagger Throw"],"picked":"Die Die Die","floor":7.0},{"not_picked":["Acrobatics","Reflex"],"picked":"Escape Plan","floor":10.0},{"not_picked":["Acrobatics","Underhanded Strike"],"picked":"Crippling Poison","floor":11.0},{"not_picked":["Dodge and Roll","Deadly Poison"],"picked":"Leg Sweep","floor":12.0},{"not_picked":["Slice","Blade Dance","Outmaneuver"],"picked":"SKIP","floor":13.0},{"not_picked":["Venomology","Die Die Die"],"picked":"Adrenaline","floor":16.0},{"not_picked":["Prepared","Outmaneuver+1"],"picked":"Backflip","floor":18.0},{"not_picked":["Deflect","Slice"],"picked":"Well Laid Plans","floor":20.0},{"not_picked":["Finisher","Escape Plan"],"picked":"Dagger Spray+1","floor":22.0},{"not_picked":["Expertise","Choke"],"picked":"Skewer","floor":23.0},{"not_picked":["Masterful Stab","Quick Slash"],"picked":"Dash+1","floor":25.0},{"not_picked":["Eviscerate","Infinite Blades","Deflect"],"picked":"SKIP","floor":27.0},{"not_picked":["Dagger Throw+1","Blade Dance+1"],"picked":"Crippling Poison","floor":30.0},{"not_picked":["Endless Agony","Masterful Stab","Predator"],"picked":"SKIP","floor":31.0},{"not_picked":["Die Die Die","Adrenaline"],"picked":"Burst","floor":33.0},{"not_picked":["Tactician","Eviscerate"],"picked":"Backflip","floor":35.0},{"not_picked":["Acrobatics+1","Noxious Fumes"],"picked":"Sucker Punch+1","floor":36.0},{"not_picked":["Flying Knee+1","Acrobatics+1","Flechettes"],"picked":"SKIP","floor":38},{"not_picked":["Predator","Underhanded Strike"],"picked":"Prepared+1","floor":39},{"not_picked":["Quick Slash","Prepared"],"picked":"Die Die Die","floor":40},{"not_picked":["Finisher","Sucker Punch+1","Acrobatics"],"picked":"SKIP","floor":41},{"not_picked":["Prepared","Dagger Throw"],"picked":"Poisoned Stab","floor":44},{"not_picked":["Sucker Punch+1","Acrobatics"],"picked":"PiercingWail","floor":46},{"not_picked":["Slice","Acrobatics"],"picked":"Blur+1","floor":47},{"not_picked":["Reflex","Unload"],"picked":"Acrobatics+1","floor":48}],"player_experience":3475,"relics_obtained":[{"floor":6.0,"key":"MawBank"},{"floor":9.0,"key":"Anchor"},{"floor":12.0,"key":"Bag of Marbles"},{"floor":23.0,"key":"Orichalcum"},{"floor":26.0,"key":"Oddly Smooth Stone"},{"floor":27.0,"key":"Tough Bandages"},{"floor":40,"key":"Vajra"},{"floor":43,"key":"Meat on the Bone"},{"floor":48,"key":"Boot"}],"event_choices":[{"cards_removed":["Strike_G"],"damage_healed":0.0,"max_hp_gain":0.0,"max_hp_loss":0.0,"gold_gain":0.0,"event_name":"The Cleric","player_choice":"Card Removal","floor":3.0,"gold_loss":50.0,"damage_taken":0.0},{"damage_healed":0.0,"max_hp_gain":0.0,"max_hp_loss":0.0,"gold_gain":75.0,"event_name":"World of Goop","player_choice":"Gather Gold","floor":4.0,"gold_loss":0.0,"damage_taken":11.0},{"damage_healed":0.0,"max_hp_gain":0.0,"max_hp_loss":0.0,"gold_gain":30.0,"event_name":"Dead Adventurer","player_choice":"Searched \u00272\u0027 times","floor":12.0,"gold_loss":0.0,"damage_taken":0.0},{"damage_healed":0.0,"max_hp_gain":5.0,"max_hp_loss":0.0,"gold_gain":0.0,"event_name":"Big Fish","player_choice":"Donut","floor":14.0,"gold_loss":0.0,"damage_taken":0.0},{"cards_removed":["Strike_G"],"damage_healed":0.0,"max_hp_gain":0.0,"max_hp_loss":0.0,"gold_gain":0.0,"event_name":"Beggar","player_choice":"Gave Gold","floor":19.0,"gold_loss":75.0,"damage_taken":0.0},{"damage_healed":0.0,"max_hp_gain":0.0,"max_hp_loss":0.0,"gold_gain":0.0,"cards_transformed":["Strike_G"],"event_name":"Transmorgrifier","player_choice":"Transformed","floor":21.0,"gold_loss":0.0,"damage_taken":0.0,"cards_obtained":["Poisoned Stab"]},{"damage_healed":0.0,"max_hp_gain":0.0,"max_hp_loss":0.0,"gold_gain":0.0,"event_name":"WeMeetAgain","player_choice":"Paid Gold","floor":28.0,"gold_loss":104.0,"damage_taken":0.0,"relics_obtained":["Bag of Preparation"]}],"is_beta":false,"boss_relics":[{"not_picked":["WristBlade","Empty Cage"],"picked":"Runic Dome"},{"not_picked":["Ring of the Serpent","White Beast Statue"],"picked":"Cursed Key"}],"items_purged_floors":[37],"is_endless":false,"potions_floor_spawned":[2,6,18,22,25,33,36,44,47],"ascension_level":0}