{"gold_per_floor":[118,193,193,210,226,251,251,315,315,315,333,358,358,283,283,384,384,402,334,347,92,105,139,151,151,151,168,168,182,182,57,57,57],"floor_reached":33,"playtime":1690,"items_purged":["Strike_R","Strike_R","Strike_R"],"score":411,"play_id":"80d2fdd9-9f5e-401d-b878-669095ae7572","local_time":"20190604135000","is_ascension_mode":true,"campfire_choices":[{"data":"Immolate","floor":7,"key":"SMITH"},{"floor":10,"key":"REST"},{"floor":15,"key":"REST"},{"floor":25,"key":"REST"},{"data":"Fiend Fire","floor":28,"key":"SMITH"},{"floor":32,"key":"REST"}],"neow_cost":"NONE","seed_source_timestamp":244540908272800,"circlet_count":0,"master_deck":["AscendersBane","Strike_R","Strike_R+1","Defend_R+1","Defend_R+1","Defend_R","Defend_R","Bash+1","Immolate+1","Fiend Fire+1","Havoc+1","Warcry+1","Demon Form","Warcry+1"],"relics":["Burning Blood","NeowsBlessing","Question Card","Toxic Egg 2","Oddly Smooth Stone","War Paint","Runic Pyramid","Ancient Tea Set","Anchor","Happy Flower","Enchiridion"],"potions_floor_usage":[8,16,16,23,33,33],"damage_taken":[{"damage":0,"enemies":"Cultist","floor":1,"turns":1},{"damage":0,"enemies":"2 Louse","floor":4,"turns":1},{"damage":0,"enemies":"Jaw Worm","floor":5,"turns":1},{"damage":40,"enemies":"3 Sentries","floor":6,"turns":6},{"damage":32,"enemies":"Lagavulin Event","floor":8,"turns":5},{"damage":11,"enemies":"Looter","floor":11,"turns":3},{"damage":47,"enemies":"The Guardian","floor":16,"turns":10},{"damage":11,"enemies":"Spheric Guardian","floor":18,"turns":3},{"damage":20,"enemies":"Shell Parasite","floor":20,"turns":4},{"damage":10,"enemies":"Snecko","floor":22,"turns":3},{"damage":21,"enemies":"Gremlin Leader","floor":23,"turns":5},{"damage":4,"enemies":"Shelled Parasite and Fungi","floor":24,"turns":6},{"damage":15,"enemies":"Centurion and Healer","floor":27,"turns":3},{"damage":2,"enemies":"Cultist and Chosen","floor":29,"turns":3},{"damage":96,"enemies":"Automaton","floor":33,"turns":6}],"seed_played":"-7813596533495166295","potions_obtained":[{"floor":6,"key":"Swift Potion"},{"floor":8,"key":"Strength Potion"},{"floor":11,"key":"Regen Potion"},{"floor":16,"key":"Explosive Potion"},{"floor":20,"key":"Strength Potion"},{"floor":23,"key":"PowerPotion"}],"is_trial":false,"path_per_floor":["M","?","?","M","M","E","R","?","T","R","M","T","?","$","R","B",null,"M","?","M","$","M","E","M","R","T","M","R","M","?","$","R","B"],"character_chosen":"IRONCLAD","items_purchased":["Anchor"],"campfire_rested":4,"item_purchase_floors":[21],"current_hp_per_floor":[78,67,67,73,79,45,45,19,19,43,38,38,22,22,46,20,65,60,60,46,46,42,27,29,53,53,44,44,48,32,32,56,0],"gold":57,"neow_bonus":"THREE_ENEMY_KILL","is_prod":false,"is_daily":false,"chose_seed":false,"campfire_upgraded":2,"win_rate":0,"timestamp":1559670600,"path_taken":["M","?","?","?","M","E","R","?","T","R","M","?","?","$","R","BOSS","M","?","M","$","M","E","?","R","T","?","R","M","?","?","R","BOSS"],"build_version":"2019-01-23","purchased_purges":3,"victory":false,"max_hp_per_floor":[80,80,80,80,80,80,80,80,80,80,80,80,80,80,80,80,80,80,80,80,80,80,80,80,80,80,80,80,80,80,80,80,80],"card_choices":[{"not_picked":["Perfected Strike","Sword Boomerang","Clothesline"],"picked":"SKIP","floor":1},{"not_picked":["Sword Boomerang","Warcry","Heavy Blade"],"picked":"SKIP","floor":4},{"not_picked":["Infernal Blade","Wild Strike"],"picked":"Immolate","floor":5},{"not_picked":["Havoc","Reckless Charge"],"picked":"Fiend Fire","floor":6},{"not_picked":["Warcry","Pummel","Rage"],"picked":"Havoc","floor":8},{"not_picked":["Sword Boomerang","Iron Wave","Blood for Blood"],"picked":"Warcry+1","floor":11},{"not_picked":["Limit Break+1","Immolate","Juggernaut"],"picked":"Demon Form","floor":16},{"not_picked":["Battle Trance+1","Blood for Blood+1","Sever Soul","Ghostly Armor+1"],"picked":"SKIP","floor":18},{"not_picked":["Flex+1","Body Slam","Rage+1","Seeing Red+1"],"picked":"SKIP","floor":20},{"not_picked":["Entrench+1","Pommel Strike","Twin Strike","Rupture"],"picked":"SKIP","floor":22},{"not_picked":["Feel No Pain","Anger","Clash+1","Ghostly Armor+1"],"picked":"SKIP","floor":23},{"not_picked":["Armaments+1","True Grit+1","Clash+1"],"picked":"Warcry+1","floor":24},{"not_picked":["Thunderclap","Anger+1","Heavy Blade","Headbutt"],"picked":"SKIP","floor":27},{"not_picked":["Pommel Strike","Shrug It Off+1","Bludgeon","Anger+1"],"picked":"SKIP","floor":29}],"player_experience":3945764,"relics_obtained":[{"floor":6,"key":"Question Card"},{"floor":8,"key":"Toxic Egg 2"},{"floor":9,"key":"Oddly Smooth Stone"},{"floor":12,"key":"War Paint"},{"floor":23,"key":"Happy Flower"},{"floor":30,"key":"Enchiridion"}],"event_choices":[{"damage_healed":0,"gold_gain":75,"player_choice":"Gather Gold","damage_taken":11,"max_hp_gain":0,"max_hp_loss":0,"event_name":"World of Goop","floor":2,"gold_loss":0},{"damage_healed":0,"gold_gain":0,"player_choice":"Bought 0 Potions","damage_taken":0,"max_hp_gain":0,"max_hp_loss":0,"event_name":"The Woman in Blue","floor":3,"gold_loss":0},{"damage_healed":0,"gold_gain":0,"player_choice":"Searched \u00271\u0027 times","damage_taken":0,"max_hp_gain":0,"max_hp_loss":0,"event_name":"Dead Adventurer","floor":8,"gold_loss":0},{"damage_healed":0,"gold_gain":0,"player_choice":"Entered Light","damage_taken":16,"max_hp_gain":0,"max_hp_loss":0,"event_name":"Shining Light","floor":13,"gold_loss":0,"cards_upgraded":["Strike_R","Bash"]},{"damage_healed":0,"gold_gain":0,"player_choice":"Paid Gold","damage_taken":0,"relics_obtained":["Ancient Tea Set"],"max_hp_gain":0,"max_hp_loss":0,"event_name":"WeMeetAgain","floor":19,"gold_loss":68},{"damage_healed":0,"gold_gain":0,"player_choice":"Obtained Book","damage_taken":16,"max_hp_gain":0,"max_hp_loss":0,"event_name":"Cursed Tome","floor":30,"gold_loss":0}],"is_beta":false,"boss_relics":[{"not_picked":["White Beast Statue","Eternal Feather"],"picked":"Runic Pyramid"}],"items_purged_floors":[14,21,31],"is_endless":false,"potions_floor_spawned":[6,8,11,16,20,23,24,29],"killed_by":"Automaton","ascension_level":11}