{"gold_per_floor":[113,113,133,158,170,210,222,250,262,286,310,349,361,2,2,100,100,81,34,66,66,66,66,80,80,104,122,122,148,247,262,262,262],"floor_reached":33,"playtime":4136,"items_purged":["Defend_B"],"score":298,"play_id":"c9d57448-eebf-47bd-baf4-25d02032e041","local_time":"20190816173026","is_ascension_mode":false,"campfire_choices":[{"floor":7,"key":"REST"},{"floor":13,"key":"REST"},{"floor":15,"key":"REST"},{"data":"Creative AI","floor":23,"key":"SMITH"},{"floor":28,"key":"REST"},{"floor":32,"key":"REST"}],"neow_cost":"NONE","seed_source_timestamp":219710789294700,"circlet_count":0,"master_deck":["Strike_B","Strike_B","Strike_B","Defend_B","Zap+1","Dualcast","Cold Snap","Storm","Coolheaded","Rip and Tear","Genetic Algorithm","Electrodynamics","Creative AI+1","Chill+1","Self Repair+1","Skim+1","Steam+1","Barrage","Conserve Battery","Ghostly","Ghostly","Ghostly","Ghostly","Ghostly","Consume+1","Necronomicurse","Self Repair","Steam+1"],"relics":["Cracked Core","MawBank","Dodecahedron","Mango","Sundial","Thread and Needle","Astrolabe","Red Mask","Necronomicon","Ancient Tea Set","Molten Egg 2"],"potions_floor_usage":[6,12,16],"damage_taken":[{"damage":7,"enemies":"2 Louse","floor":1,"turns":3},{"damage":6,"enemies":"Jaw Worm","floor":3,"turns":2},{"damage":23,"enemies":"3 Sentries","floor":6,"turns":9},{"damage":0,"enemies":"Small Slimes","floor":8,"turns":2},{"damage":16,"enemies":"Exordium Thugs","floor":10,"turns":4},{"damage":5,"enemies":"Looter","floor":11,"turns":3},{"damage":2,"enemies":"Lagavulin","floor":12,"turns":9},{"damage":83,"enemies":"Hexaghost","floor":16,"turns":12},{"damage":15,"enemies":"2 Thieves","floor":18,"turns":4},{"damage":11,"enemies":"Masked Bandits","floor":20,"turns":3},{"damage":0,"enemies":"3 Byrds","floor":24,"turns":5},{"damage":0,"enemies":"Snecko","floor":27,"turns":7},{"damage":43,"enemies":"Book of Stabbing","floor":29,"turns":8},{"damage":2,"enemies":"Snake Plant","floor":31,"turns":7},{"damage":48,"enemies":"Automaton","floor":33,"turns":8}],"seed_played":"-4151469259799266588","potions_obtained":[{"floor":1,"key":"Block Potion"},{"floor":3,"key":"Weak Potion"},{"floor":11,"key":"Ancient Potion"},{"floor":24,"key":"Strength Potion"},{"floor":27,"key":"SpeedPotion"}],"is_trial":false,"path_per_floor":["M","?","M","T","?","E","R","M","T","M","M","E","R","$","R","B",null,"M","$","?","?","?","R","M","?","T","M","R","E","?","M","R","B"],"character_chosen":"DEFECT","items_purchased":["Thread and Needle","Barrage"],"campfire_rested":5,"item_purchase_floors":[14,19],"current_hp_per_floor":[75,75,69,69,74,51,75,75,89,73,68,66,94,94,96,13,96,91,91,90,90,48,48,48,32,32,32,46,13,13,28,42,0],"gold":262,"neow_bonus":"TEN_PERCENT_HP_BONUS","is_prod":false,"is_daily":false,"chose_seed":false,"campfire_upgraded":1,"win_rate":0.0,"timestamp":1565987426,"path_taken":["M","?","M","?","?","E","R","M","T","?","M","E","R","$","R","BOSS","M","$","?","?","?","R","M","?","T","M","R","E","?","?","R","BOSS"],"build_version":"2019-07-17","purchased_purges":1,"victory":false,"max_hp_per_floor":[82,82,82,82,82,82,82,82,96,96,96,96,96,96,96,96,96,96,96,96,96,48,48,48,48,48,48,48,48,48,48,48,48],"card_choices":[{"not_picked":["Melter","Skim"],"picked":"Ball Lightning","floor":1},{"not_picked":["Beam Cell","Darkness"],"picked":"Cold Snap","floor":3},{"not_picked":["Heatsinks","Beam Cell"],"picked":"Storm","floor":6},{"not_picked":["Auto Shields","Gash"],"picked":"Coolheaded","floor":8},{"not_picked":["FTL","Aggregate"],"picked":"Rip and Tear","floor":10},{"not_picked":["Consume","Coolheaded"],"picked":"Genetic Algorithm","floor":11},{"not_picked":["Heatsinks","White Noise"],"picked":"Electrodynamics","floor":12},{"not_picked":["Fission","Thunder Strike"],"picked":"Creative AI","floor":16},{"not_picked":["Stack","Go for the Eyes+1"],"picked":"Steam+1","floor":18},{"not_picked":["Beam Cell+1","Streamline"],"picked":"Conserve Battery","floor":20},{"not_picked":["Chill","Loop+1"],"picked":"Consume+1","floor":24},{"not_picked":["Go for the Eyes","Auto Shields","Sweeping Beam"],"picked":"SKIP","floor":27},{"not_picked":["Stack+1","Coolheaded"],"picked":"Self Repair","floor":29},{"not_picked":["FTL+1","Go for the Eyes+1"],"picked":"Steam+1","floor":31}],"player_experience":13630,"relics_obtained":[{"floor":4,"key":"MawBank"},{"floor":6,"key":"Dodecahedron"},{"floor":9,"key":"Mango"},{"floor":12,"key":"Sundial"},{"floor":20,"key":"Red Mask"},{"floor":25,"key":"Necronomicon"},{"floor":26,"key":"Ancient Tea Set"},{"floor":29,"key":"Molten Egg 2"}],"event_choices":[{"damage_healed":0,"gold_gain":0,"player_choice":"Grow","damage_taken":0,"max_hp_gain":0,"max_hp_loss":0,"event_name":"Living Wall","floor":2,"gold_loss":0,"cards_upgraded":["Zap"]},{"cards_removed":["Ball Lightning"],"damage_healed":5,"gold_gain":0,"player_choice":"Offered Common","damage_taken":0,"max_hp_gain":0,"max_hp_loss":0,"event_name":"Bonfire Elementals","floor":5,"gold_loss":0},{"cards_removed":["Ball Lightning"],"damage_healed":5,"gold_gain":0,"player_choice":"Offered Special","damage_taken":0,"max_hp_gain":0,"max_hp_loss":0,"event_name":"Bonfire Elementals","floor":5,"gold_loss":0},{"damage_healed":0,"gold_gain":0,"player_choice":"Fought Bandits","damage_taken":0,"max_hp_gain":0,"max_hp_loss":0,"event_name":"Masked Bandits","floor":20,"gold_loss":0},{"damage_healed":0,"gold_gain":0,"player_choice":"Became a Ghost","damage_taken":0,"max_hp_gain":0,"max_hp_loss":48,"event_name":"Ghosts","floor":22,"gold_loss":0,"cards_obtained":["Ghostly","Ghostly","Ghostly","Ghostly","Ghostly"]},{"damage_healed":0,"gold_gain":0,"player_choice":"Obtained Book","damage_taken":16,"max_hp_gain":0,"max_hp_loss":0,"event_name":"Cursed Tome","floor":25,"gold_loss":0},{"damage_healed":0,"gold_gain":99,"player_choice":"Stole From Cult","damage_taken":0,"max_hp_gain":0,"max_hp_loss":0,"event_name":"Nest","floor":30,"gold_loss":0}],"is_beta":false,"boss_relics":[{"not_picked":["Coffee Dripper","Tiny House"],"picked":"Astrolabe"}],"items_purged_floors":[14],"is_endless":false,"potions_floor_spawned":[1,3,11,24,27],"killed_by":"Automaton","ascension_level":0}