{"gold_per_floor":[109,23,23,23,39,67,67,78,78,78,91,111,111,124,124,199,199,217,267,267],"floor_reached":20,"playtime":584,"items_purged":[],"score":368,"play_id":"ca2486ac-6910-439e-9515-ed6ea73f4ccd","local_time":"20190826121334","is_ascension_mode":true,"campfire_choices":[{"data":"Armaments","floor":10,"key":"SMITH"},{"data":"Entrench","floor":15,"key":"SMITH"}],"neow_cost":"NONE","seed_source_timestamp":372782134265500,"circlet_count":0,"master_deck":["AscendersBane","Strike_R","Strike_R","Strike_R","Defend_R","Defend_R","Defend_R","Defend_R","Bash","Spot Weakness","Corruption","Second Wind","Clothesline","Rupture","Armaments+1","Flex","Entrench+1","Limit Break","Burning Pact"],"relics":["Burning Blood","NeowsBlessing","Ice Cream","Paper Frog","Art of War","Cursed Key"],"potions_floor_usage":[11,11,16,16],"damage_taken":[{"damage":0,"enemies":"Jaw Worm","floor":1,"turns":1},{"damage":0,"enemies":"2 Louse","floor":5,"turns":1},{"damage":0,"enemies":"Gremlin Nob","floor":6,"turns":1},{"damage":0,"enemies":"Small Slimes","floor":8,"turns":4},{"damage":15,"enemies":"Gremlin Gang","floor":11,"turns":5},{"damage":7,"enemies":"Large Slime","floor":12,"turns":3},{"damage":6,"enemies":"Looter","floor":14,"turns":4},{"damage":23,"enemies":"Hexaghost","floor":16,"turns":12},{"damage":49,"enemies":"Chosen","floor":18,"turns":8},{"damage":19,"enemies":"Shell Parasite","floor":20,"turns":4}],"seed_played":"-1955685732247883081","potions_obtained":[{"floor":1,"key":"Fire Potion"},{"floor":6,"key":"PowerPotion"},{"floor":12,"key":"EssenceOfSteel"},{"floor":14,"key":"Block Potion"}],"is_trial":false,"path_per_floor":["M","$","?","?","M","E","?","M","T","R","M","M","?","M","R","B",null,"M","?","M"],"character_chosen":"IRONCLAD","items_purchased":["Corruption"],"campfire_rested":0,"item_purchase_floors":[2],"current_hp_per_floor":[74,74,74,74,75,75,75,75,75,75,66,65,39,39,39,22,62,19,19,0],"gold":267,"neow_bonus":"THREE_ENEMY_KILL","is_prod":false,"is_daily":false,"chose_seed":false,"campfire_upgraded":2,"win_rate":0,"timestamp":1566789214,"path_taken":["M","$","?","?","M","E","?","M","T","R","M","?","?","M","R","BOSS","M","?","M"],"build_version":"2019-07-17","purchased_purges":0,"victory":false,"max_hp_per_floor":[75,75,75,75,75,75,75,75,75,75,75,75,75,75,75,75,75,75,75,75],"card_choices":[{"not_picked":["Inflame","Thunderclap"],"picked":"Spot Weakness","floor":1},{"not_picked":["Twin Strike","Rage"],"picked":"Second Wind","floor":5},{"not_picked":["Perfected Strike","Intimidate"],"picked":"Clothesline","floor":6},{"not_picked":["Cleave","Corruption"],"picked":"Armaments","floor":8},{"not_picked":["Warcry","Corruption","Clothesline"],"picked":"SKIP","floor":11},{"not_picked":["Perfected Strike","Wild Strike"],"picked":"Flex","floor":12},{"not_picked":["Shockwave","True Grit"],"picked":"Entrench","floor":14},{"not_picked":["Feed","Demon Form"],"picked":"Limit Break","floor":16},{"not_picked":["Body Slam","Wild Strike+1"],"picked":"Burning Pact","floor":18}],"player_experience":209112,"relics_obtained":[{"floor":6,"key":"Ice Cream"},{"floor":9,"key":"Paper Frog"}],"event_choices":[{"cards_removed":["Strike_R"],"damage_healed":0,"gold_gain":0,"player_choice":"Forget","damage_taken":0,"max_hp_gain":0,"max_hp_loss":0,"event_name":"Living Wall","floor":3,"gold_loss":0},{"damage_healed":0,"gold_gain":0,"player_choice":"Ignored","damage_taken":0,"max_hp_gain":0,"max_hp_loss":0,"event_name":"Liars Game","floor":4,"gold_loss":0},{"damage_healed":0,"gold_gain":0,"cards_transformed":["Strike_R"],"player_choice":"Transformed","damage_taken":0,"max_hp_gain":0,"max_hp_loss":0,"event_name":"Transmorgrifier","floor":7,"gold_loss":0,"cards_obtained":["Rupture"]},{"damage_healed":0,"gold_gain":0,"player_choice":"Success","damage_taken":26,"relics_obtained":["Art of War"],"max_hp_gain":0,"max_hp_loss":0,"event_name":"Scrap Ooze","floor":13,"gold_loss":0},{"damage_healed":0,"gold_gain":50,"player_choice":"Stole From Cult","damage_taken":0,"max_hp_gain":0,"max_hp_loss":0,"event_name":"Nest","floor":19,"gold_loss":0}],"is_beta":false,"boss_relics":[{"not_picked":["Black Star","Fusion Hammer"],"picked":"Cursed Key"}],"items_purged_floors":[],"is_endless":false,"potions_floor_spawned":[1,6,12,14],"killed_by":"Shell Parasite","ascension_level":17}