{"gold_per_floor":[366,366,378,36,55,80,80,106,155,155,155,171,134,154,154,257,257,270,38,54,54,54,54,80,30,53,67,83,83,113,128,128,227,227,240,240,13,13,23,23,0,25,72,72,107,107,31,42,42,42],"floor_reached":51,"playtime":2771,"items_purged":["Doubt","Infinite Blades","Writhe","Strike_G"],"score":1162,"play_id":"ee60338c-f325-4e40-8b4b-7a145898bbb3","local_time":"20190822064249","is_ascension_mode":true,"campfire_choices":[{"data":"All Out Attack","floor":7.0,"key":"SMITH"},{"floor":15.0,"key":"REST"},{"data":"Crippling Poison","floor":23.0,"key":"SMITH"},{"floor":29.0,"key":"REST"},{"data":"Bouncing Flask","floor":32.0,"key":"SMITH"},{"data":"Envenom","floor":40.0,"key":"SMITH"},{"data":"Neutralize","floor":44.0,"key":"SMITH"},{"data":"Sucker Punch","floor":49.0,"key":"SMITH"}],"neow_cost":"CURSE","seed_source_timestamp":97512520885081,"circlet_count":0,"master_deck":["AscendersBane","Strike_G","Strike_G","Strike_G","Defend_G","Defend_G","Defend_G","Defend_G","Defend_G","Survivor+1","Neutralize+1","Flying Knee","All Out Attack+1","Sucker Punch+1","Cloak And Dagger","Quick Slash","Deadly Poison","Crippling Poison+1","Dodge and Roll","Infinite Blades","Deadly Poison","Die Die Die","Backflip+1","Escape Plan+1","Flying Knee","Backstab","Backflip+1","Bouncing Flask+1","Bane+1","Dagger Spray","Envenom+1","Poisoned Stab","Quick Slash+1","Deadly Poison","Deflect+1","Well Laid Plans","Footwork","Backflip+1"],"special_seed":0,"relics":["Ring of the Snake","Shuriken","Smiling Mask","Oddly Smooth Stone","Velvet Choker","PreservedInsect","Paper Crane","Dead Branch","Snake Skull","Blood Vial","Eternal Feather","War Paint","Tough Bandages","Regal Pillow","Bronze Scales","Meat on the Bone"],"potions_floor_usage":[50,50,50,50],"damage_taken":[{"damage":6.0,"enemies":"2 Louse","floor":1.0,"turns":5.0},{"damage":0.0,"enemies":"Jaw Worm","floor":3.0,"turns":5.0},{"damage":0.0,"enemies":"Small Slimes","floor":5.0,"turns":3.0},{"damage":26.0,"enemies":"Lagavulin","floor":6.0,"turns":8.0},{"damage":18.0,"enemies":"3 Sentries","floor":8.0,"turns":5.0},{"damage":2.0,"enemies":"Gremlin Gang","floor":12.0,"turns":4.0},{"damage":0.0,"enemies":"Blue Slaver","floor":14.0,"turns":4.0},{"damage":30.0,"enemies":"Slime Boss","floor":16.0,"turns":7.0},{"damage":11.0,"enemies":"Spheric Guardian","floor":18.0,"turns":4.0},{"damage":7.0,"enemies":"2 Thieves","floor":20.0,"turns":3.0},{"damage":13.0,"enemies":"Slavers","floor":24.0,"turns":4.0},{"damage":0.0,"enemies":"Centurion and Healer","floor":27.0,"turns":4.0},{"damage":8.0,"enemies":"Snake Plant","floor":28.0,"turns":4.0},{"damage":11.0,"enemies":"Book of Stabbing","floor":30.0,"turns":4.0},{"damage":0.0,"enemies":"Snecko","floor":31.0,"turns":4.0},{"damage":42.0,"enemies":"Automaton","floor":33.0,"turns":9.0},{"damage":15.0,"enemies":"3 Darklings","floor":35.0,"turns":5.0},{"damage":0.0,"enemies":"Orb Walker","floor":39.0,"turns":4.0},{"damage":27.0,"enemies":"Nemesis","floor":42.0,"turns":5.0},{"damage":17.0,"enemies":"Giant Head","floor":45.0,"turns":7.0},{"damage":0.0,"enemies":"Transient","floor":48.0,"turns":5.0},{"damage":35,"enemies":"Time Eater","floor":50,"turns":9}],"seed_played":"4734914832434989626","potions_obtained":[{"floor":5.0,"key":"GamblersBrew"},{"floor":6.0,"key":"Weak Potion"},{"floor":12.0,"key":"GamblersBrew"},{"floor":16.0,"key":"EntropicBrew"},{"floor":18.0,"key":"GhostInAJar"},{"floor":33.0,"key":"SpeedPotion"}],"is_trial":false,"path_per_floor":["M","?","M","$","M","E","R","E","T","?","?","M","?","M","R","B",null,"M","$","M","?","?","R","E","$","T","M","M","R","E","M","R","B",null,"M","?","$","?","M","R","$","E","T","R","E","T","$","M","R","B",null],"character_chosen":"THE_SILENT","items_purchased":["Sucker Punch","Block Potion","Infinite Blades","Cloak And Dagger","Quick Slash","PreservedInsect","Escape Plan","War Paint","Poisoned Stab","Deadly Poison","Footwork"],"campfire_rested":2,"item_purchase_floors":[4,4,4,4,4,19,19,37,37,41,47],"current_hp_per_floor":[57,62,62,62,62,36,36,18,18,18,18,16,16,16,38,8,58,47,47,40,40,65,65,52,52,52,52,44,66,55,57,57,17,61,48,48,48,48,50,68,68,43,43,64,49,49,49,51,72,39],"gold":42,"neow_bonus":"TWO_FIFTY_GOLD","is_prod":false,"is_daily":false,"chose_seed":false,"campfire_upgraded":6,"win_rate":1,"timestamp":1566420169,"path_taken":["M","?","M","$","M","E","R","E","T","?","?","?","?","M","R","BOSS","M","$","M","?","?","R","E","?","T","M","M","R","E","M","R","BOSS","M","?","?","?","?","R","$","E","T","R","E","?","?","?","R","BOSS"],"build_version":"2019-07-17","purchased_purges":4,"victory":true,"max_hp_per_floor":[70,75,75,75,75,75,75,75,75,75,75,75,75,75,75,75,75,75,75,75,75,75,75,75,75,75,75,75,75,75,75,75,75,75,75,75,75,75,75,75,75,75,75,75,75,75,75,75,75,75],"card_choices":[{"not_picked":["Deflect","Dodge and Roll"],"picked":"Flying Knee","floor":1.0},{"not_picked":["Cloak And Dagger","Quick Slash"],"picked":"All Out Attack","floor":3.0},{"not_picked":["Caltrops","Prepared"],"picked":"Deadly Poison","floor":5.0},{"not_picked":["Dodge and Roll","Infinite Blades"],"picked":"Crippling Poison","floor":6.0},{"not_picked":["Storm of Steel","Accuracy"],"picked":"Dodge and Roll","floor":8.0},{"not_picked":["Sucker Punch","Quick Slash","Finisher"],"picked":"SKIP","floor":12.0},{"not_picked":["Sucker Punch","Slice"],"picked":"Deadly Poison","floor":14.0},{"not_picked":["Storm of Steel","Unload"],"picked":"Die Die Die","floor":16.0},{"not_picked":["Flying Knee","Setup"],"picked":"Backflip+1","floor":18.0},{"not_picked":["Choke","All Out Attack"],"picked":"Flying Knee","floor":20.0},{"not_picked":["Flechettes","Prepared"],"picked":"Backstab","floor":24.0},{"not_picked":["Dodge and Roll","Choke+1"],"picked":"Backflip+1","floor":27.0},{"not_picked":["Underhanded Strike+1","Sucker Punch"],"picked":"Bouncing Flask","floor":28.0},{"not_picked":["Dagger Throw+1","Sucker Punch"],"picked":"Bane+1","floor":30.0},{"not_picked":["Grand Finale","Deflect"],"picked":"Dagger Spray","floor":31.0},{"not_picked":["Die Die Die","Phantasmal Killer"],"picked":"Envenom","floor":33.0},{"not_picked":["Expertise","All Out Attack","Eviscerate"],"picked":"SKIP","floor":35.0},{"not_picked":["Masterful Stab","Prepared"],"picked":"Quick Slash+1","floor":39.0},{"not_picked":["Blade Dance","Calculated Gamble"],"picked":"Deflect+1","floor":42.0},{"not_picked":["Bane","Flying Knee"],"picked":"Well Laid Plans","floor":45.0},{"not_picked":["Dash","Flying Knee"],"picked":"Backflip+1","floor":48.0}],"player_experience":59165,"relics_obtained":[{"floor":6.0,"key":"Shuriken"},{"floor":8.0,"key":"Smiling Mask"},{"floor":9.0,"key":"Oddly Smooth Stone"},{"floor":24.0,"key":"Dead Branch"},{"floor":26.0,"key":"Snake Skull"},{"floor":30.0,"key":"Blood Vial"},{"floor":42.0,"key":"Tough Bandages"},{"floor":43.0,"key":"Regal Pillow"},{"floor":45.0,"key":"Bronze Scales"},{"floor":46.0,"key":"Meat on the Bone"}],"event_choices":[{"damage_healed":0.0,"max_hp_gain":5.0,"max_hp_loss":0.0,"gold_gain":0.0,"event_name":"Big Fish","player_choice":"Donut","floor":2.0,"gold_loss":0.0,"damage_taken":0.0},{"damage_healed":0.0,"max_hp_gain":0.0,"max_hp_loss":0.0,"gold_gain":0.0,"event_name":"Liars Game","player_choice":"Ignored","floor":10.0,"gold_loss":0.0,"damage_taken":0.0},{"damage_healed":0.0,"max_hp_gain":0.0,"max_hp_loss":0.0,"gold_gain":0.0,"cards_transformed":["Strike_G"],"event_name":"Transmorgrifier","player_choice":"Transformed","floor":11.0,"gold_loss":0.0,"damage_taken":0.0,"cards_obtained":["Infinite Blades"]},{"damage_healed":0.0,"max_hp_gain":0.0,"max_hp_loss":0.0,"gold_gain":0.0,"event_name":"World of Goop","player_choice":"Left Gold","floor":13.0,"gold_loss":37.0,"damage_taken":0.0},{"damage_healed":0.0,"max_hp_gain":0.0,"max_hp_loss":0.0,"gold_gain":0.0,"event_name":"The Mausoleum","player_choice":"Opened","floor":21.0,"gold_loss":0.0,"damage_taken":0.0,"relics_obtained":["Paper Crane"],"cards_obtained":["Writhe"]},{"damage_healed":25.0,"max_hp_gain":0.0,"max_hp_loss":0.0,"gold_gain":0.0,"event_name":"The Library","player_choice":"Heal","floor":22.0,"gold_loss":0.0,"damage_taken":0.0},{"damage_healed":0.0,"max_hp_gain":0.0,"max_hp_loss":0.0,"gold_gain":0.0,"event_name":"SensoryStone","player_choice":"Memory 1","floor":36.0,"gold_loss":0.0,"damage_taken":0.0},{"damage_healed":0.0,"max_hp_gain":0.0,"max_hp_loss":0.0,"gold_gain":0.0,"event_name":"Mysterious Sphere","player_choice":"Ignored","floor":38.0,"gold_loss":0.0,"damage_taken":0.0}],"is_beta":false,"boss_relics":[{"not_picked":["HoveringKite","Calling Bell"],"picked":"Velvet Choker"},{"not_picked":["Sozu","Runic Pyramid"],"picked":"Eternal Feather"}],"items_purged_floors":[4,19,25,37],"is_endless":false,"potions_floor_spawned":[5,6,12,16,18,27,33,45],"ascension_level":11}