{"gold_per_floor":[116,116,116,116,41,41,75,75,75,89,106,126,126,140,140,140],"floor_reached":16,"playtime":637,"items_purged":["Strike_R"],"score":150,"play_id":"80f29ae2-77df-4ce7-9289-c78ebeabf468","local_time":"20190602140633","is_ascension_mode":true,"campfire_choices":[{"data":"Sentinel","floor":6,"key":"SMITH"},{"data":"Body Slam","floor":8,"key":"SMITH"},{"data":"Shrug It Off","floor":13,"key":"SMITH"},{"data":"Entrench","floor":15,"key":"SMITH"}],"neow_cost":"NONE","seed_source_timestamp":73793590845500,"circlet_count":0,"master_deck":["AscendersBane","Strike_R+1","Strike_R+1","Strike_R","Defend_R","Defend_R","Defend_R","Defend_R","Bash+1","Exhume","Sentinel+1","Body Slam+1","Shrug It Off+1","Entrench+1"],"relics":["Burning Blood","Whetstone","Blue Candle","Meat on the Bone"],"potions_floor_usage":[7],"damage_taken":[{"damage":4,"enemies":"Small Slimes","floor":1,"turns":4},{"damage":39,"enemies":"3 Sentries","floor":7,"turns":11},{"damage":4,"enemies":"Jaw Worm","floor":10,"turns":3},{"damage":0,"enemies":"Cultist","floor":11,"turns":4},{"damage":4,"enemies":"Lots of Slimes","floor":12,"turns":6},{"damage":5,"enemies":"Large Slime","floor":14,"turns":6},{"damage":53,"enemies":"Slime Boss","floor":16,"turns":8}],"seed_played":"1456099461521810885","potions_obtained":[{"floor":1,"key":"Energy Potion"},{"floor":11,"key":"Dexterity Potion"},{"floor":12,"key":"Strength Potion"}],"is_trial":false,"path_per_floor":["M","?","?","T","$","R","E","R","T","M","M","M","R","M","R","B"],"character_chosen":"IRONCLAD","items_purchased":[],"campfire_rested":0,"item_purchase_floors":[],"current_hp_per_floor":[74,67,67,67,67,67,34,34,34,48,54,56,56,57,57,4],"gold":140,"neow_bonus":"ONE_RANDOM_RARE_CARD","is_prod":false,"is_daily":false,"chose_seed":false,"campfire_upgraded":4,"win_rate":0,"timestamp":1559498793,"path_taken":["M","?","?","?","$","R","E","R","T","?","M","M","R","M","R","BOSS"],"build_version":"2019-01-23","purchased_purges":1,"victory":false,"max_hp_per_floor":[80,80,80,80,80,80,80,80,80,80,80,80,80,80,80,80],"card_choices":[{"not_picked":["Cleave","Perfected Strike"],"picked":"Sentinel","floor":1},{"not_picked":["Headbutt","Shockwave"],"picked":"Body Slam","floor":7},{"not_picked":["Clash","Iron Wave"],"picked":"Shrug It Off","floor":10},{"not_picked":["Carnage","Cleave","Corruption"],"picked":"SKIP","floor":11},{"not_picked":["Corruption","Rupture","True Grit"],"picked":"SKIP","floor":12},{"not_picked":["Cleave","Clothesline"],"picked":"Entrench","floor":14}],"player_experience":3827689,"relics_obtained":[{"floor":4,"key":"Whetstone"},{"floor":7,"key":"Blue Candle"},{"floor":9,"key":"Meat on the Bone"}],"event_choices":[{"cards_removed":["Strike_R"],"damage_healed":0,"gold_gain":0,"player_choice":"Card Removal","damage_taken":7,"max_hp_gain":0,"max_hp_loss":0,"event_name":"Golden Wing","floor":2,"gold_loss":0},{"damage_healed":0,"gold_gain":0,"player_choice":"Grow","damage_taken":0,"max_hp_gain":0,"max_hp_loss":0,"event_name":"Living Wall","floor":3,"gold_loss":0,"cards_upgraded":["Bash"]}],"is_beta":false,"boss_relics":[],"items_purged_floors":[5],"is_endless":false,"potions_floor_spawned":[1,11,12],"killed_by":"Slime Boss","ascension_level":10}