{"gold_per_floor":[117,128,128,144,161,161,178,205,205,236,261,261,278,303,303,408,408,422,436,449,467,392,392,419,419,442,471,471,491,506,506,506,603,603,613,613,243,243,2,32,32,58,85,85,85,185,185,185,185,185],"floor_reached":51,"playtime":3177,"items_purged":["Eviscerate"],"score":1229,"play_id":"ccb72af5-7814-472b-ba44-e5de47ef1a70","local_time":"20190822024647","is_ascension_mode":true,"campfire_choices":[{"floor":6.0,"key":"REST"},{"data":"Glass Knife","floor":12.0,"key":"SMITH"},{"data":"Crippling Poison","floor":15.0,"key":"SMITH"},{"data":"Catalyst","floor":23.0,"key":"SMITH"},{"data":"Malaise","floor":25.0,"key":"SMITH"},{"data":"Wraith Form v2","floor":28.0,"key":"SMITH"},{"data":"Footwork","floor":32.0,"key":"SMITH"},{"data":"Crippling Poison","floor":41.0,"key":"SMITH"},{"data":"Deadly Poison","floor":45.0,"key":"SMITH"},{"data":"Deadly Poison","floor":49.0,"key":"SMITH"}],"neow_cost":"TEN_PERCENT_HP_LOSS","seed_source_timestamp":82601606928843,"circlet_count":0,"master_deck":["AscendersBane","Survivor","Neutralize+1","Adrenaline","Poisoned Stab","Well Laid Plans+1","Sucker Punch","Bane+1","Glass Knife+1","Crippling Poison+1","PiercingWail","PiercingWail","Deadly Poison+1","Malaise+1","Dagger Spray","Deadly Poison+1","Catalyst+1","Poisoned Stab","Wraith Form v2+1","Dodge and Roll+1","Distraction","Footwork+1","Adrenaline","Crippling Poison+1","All Out Attack","Venomology","Slice","After Image","Caltrops","Dodge and Roll+1","Cloak And Dagger","Poisoned Stab","PiercingWail","Secret Weapon","Bane+1"],"special_seed":0,"relics":["Ring of the Snake","Potion Belt","Bag of Marbles","Whetstone","Odd Mushroom","Letter Opener","Coffee Dripper","Unceasing Top","Juzu Bracelet","Pantograph","Pandora\u0027s Box","Membership Card","Happy Flower","Mercury Hourglass","Frozen Eye","Centennial Puzzle","Lantern","Ancient Tea Set","Ice Cream","Pear"],"potions_floor_usage":[50,50,50,50,50,50],"damage_taken":[{"damage":9.0,"enemies":"Cultist","floor":1.0,"turns":4.0},{"damage":1.0,"enemies":"2 Louse","floor":2.0,"turns":4.0},{"damage":0.0,"enemies":"Jaw Worm","floor":4.0,"turns":4.0},{"damage":4.0,"enemies":"3 Louse","floor":5.0,"turns":2.0},{"damage":0.0,"enemies":"Looter","floor":7.0,"turns":4.0},{"damage":9.0,"enemies":"Lagavulin","floor":8.0,"turns":7.0},{"damage":7.0,"enemies":"3 Sentries","floor":10.0,"turns":8.0},{"damage":10.0,"enemies":"The Mushroom Lair","floor":11.0,"turns":3.0},{"damage":0.0,"enemies":"2 Fungi Beasts","floor":13.0,"turns":2.0},{"damage":5.0,"enemies":"Lagavulin","floor":14.0,"turns":5.0},{"damage":0.0,"enemies":"Hexaghost","floor":16.0,"turns":8.0},{"damage":0.0,"enemies":"3 Byrds","floor":18.0,"turns":3.0},{"damage":0.0,"enemies":"Shell Parasite","floor":19.0,"turns":3.0},{"damage":4.0,"enemies":"Snake Plant","floor":20.0,"turns":4.0},{"damage":0.0,"enemies":"Centurion and Healer","floor":21.0,"turns":7.0},{"damage":7.0,"enemies":"Gremlin Leader","floor":24.0,"turns":4.0},{"damage":23.0,"enemies":"Book of Stabbing","floor":27.0,"turns":5.0},{"damage":0.0,"enemies":"Snecko","floor":29.0,"turns":4.0},{"damage":3.0,"enemies":"Snake Plant","floor":30.0,"turns":3.0},{"damage":14.0,"enemies":"Champ","floor":33.0,"turns":11.0},{"damage":1.0,"enemies":"3 Darklings","floor":35.0,"turns":5.0},{"damage":5.0,"enemies":"Reptomancer","floor":40.0,"turns":4.0},{"damage":13.0,"enemies":"Giant Head","floor":42.0,"turns":7.0},{"damage":5.0,"enemies":"Mind Bloom Boss Battle","floor":46.0,"turns":4.0},{"damage":4,"enemies":"Awakened One","floor":50,"turns":10}],"seed_played":"-5867673509554167808","potions_obtained":[{"floor":1.0,"key":"AttackPotion"},{"floor":7.0,"key":"Dexterity Potion"},{"floor":8.0,"key":"Ancient Potion"},{"floor":10.0,"key":"Swift Potion"},{"floor":11.0,"key":"SkillPotion"},{"floor":20.0,"key":"SpeedPotion"},{"floor":24.0,"key":"LiquidBronze"},{"floor":27.0,"key":"SpeedPotion"},{"floor":33.0,"key":"SkillPotion"}],"is_trial":false,"path_per_floor":["M","M","?","M","M","R","M","E","T","E","?","R","M","E","R","B",null,"M","M","M","M","?","R","E","R","T","E","R","M","M","?","R","B",null,"M","?","$","?","$","E","R","E","T","?","R","?","?","T","R","B",null],"character_chosen":"THE_SILENT","items_purchased":["Membership Card","Happy Flower","Weak Potion","Fire Potion","Mercury Hourglass","Frozen Eye","Cloak And Dagger"],"campfire_rested":1,"item_purchase_floors":[37,37,37,37,39,39,39],"current_hp_per_floor":[54,53,40,40,36,54,54,45,45,38,28,28,28,23,23,23,53,53,53,49,49,49,49,42,42,42,19,19,19,16,16,16,27,54,53,53,53,53,53,48,48,35,35,35,35,55,55,65,65,66],"gold":185,"neow_bonus":"THREE_RARE_CARDS","is_prod":false,"is_daily":false,"chose_seed":false,"campfire_upgraded":9,"win_rate":1,"timestamp":1566406007,"path_taken":["M","M","?","M","M","R","M","E","T","E","?","R","M","E","R","BOSS","M","M","M","M","?","R","E","R","T","E","R","M","M","?","R","BOSS","M","?","$","?","$","E","R","E","T","?","R","?","?","?","R","BOSS"],"build_version":"2019-07-17","purchased_purges":1,"victory":true,"max_hp_per_floor":[63,63,63,63,63,63,63,63,63,63,63,63,63,63,63,63,63,63,63,63,63,63,63,63,63,63,63,63,63,63,63,63,63,63,63,63,63,63,63,63,63,63,63,63,63,63,60,70,70,70],"card_choices":[{"not_picked":["Envenom","Venomology"],"picked":"Adrenaline","floor":0.0},{"not_picked":["Calculated Gamble","Cloak And Dagger"],"picked":"Poisoned Stab","floor":1.0},{"not_picked":["Flying Knee","Setup"],"picked":"Well Laid Plans","floor":2.0},{"not_picked":["Deflect","Outmaneuver"],"picked":"Sucker Punch","floor":4.0},{"not_picked":["Prepared","Sucker Punch","Caltrops"],"picked":"SKIP","floor":5.0},{"not_picked":["Dagger Spray","Finisher"],"picked":"Bane","floor":7.0},{"not_picked":["Sucker Punch","Dagger Spray"],"picked":"Glass Knife","floor":8.0},{"not_picked":["Blade Dance","Dagger Spray"],"picked":"Crippling Poison","floor":10.0},{"not_picked":["Backflip","Outmaneuver"],"picked":"PiercingWail","floor":11.0},{"not_picked":["Slice","Setup"],"picked":"PiercingWail","floor":13.0},{"not_picked":["Acrobatics","Blade Dance"],"picked":"Deadly Poison","floor":14.0},{"not_picked":["Envenom","Die Die Die"],"picked":"Malaise","floor":16.0},{"not_picked":["Terror","Slice+1","Flying Knee"],"picked":"SKIP","floor":18.0},{"not_picked":["Blade Dance","Skewer"],"picked":"Dagger Spray","floor":19.0},{"not_picked":["Reflex","Bane"],"picked":"Deadly Poison","floor":20.0},{"not_picked":["Blade Dance","Deadly Poison"],"picked":"Catalyst","floor":21.0},{"not_picked":["Flying Knee","Underhanded Strike"],"picked":"Poisoned Stab","floor":24.0},{"not_picked":["Distraction","Poisoned Stab"],"picked":"Wraith Form v2","floor":27.0},{"not_picked":["Caltrops","Masterful Stab","Sucker Punch+1"],"picked":"SKIP","floor":29.0},{"not_picked":["Well Laid Plans","Prepared+1"],"picked":"Dodge and Roll+1","floor":30.0},{"not_picked":["Unload","Storm of Steel"],"picked":"Adrenaline","floor":33.0},{"not_picked":["Flying Knee+1","Deflect"],"picked":"Dodge and Roll+1","floor":35.0},{"not_picked":["Slice+1","A Thousand Cuts"],"picked":"Poisoned Stab","floor":40.0},{"not_picked":["Doppelganger","Dagger Spray"],"picked":"PiercingWail","floor":42.0},{"not_picked":["Mind Blast","Swift Strike"],"picked":"Secret Weapon","floor":44.0},{"not_picked":["Footwork+1","Setup"],"picked":"Bane+1","floor":46.0}],"player_experience":53911,"relics_obtained":[{"floor":8.0,"key":"Potion Belt"},{"floor":9.0,"key":"Bag of Marbles"},{"floor":10.0,"key":"Whetstone"},{"floor":11.0,"key":"Odd Mushroom"},{"floor":14.0,"key":"Letter Opener"},{"floor":24.0,"key":"Unceasing Top"},{"floor":26.0,"key":"Juzu Bracelet"},{"floor":27.0,"key":"Pantograph"},{"floor":40.0,"key":"Centennial Puzzle"},{"floor":42.0,"key":"Lantern"},{"floor":43.0,"key":"Ancient Tea Set"},{"floor":46.0,"key":"Ice Cream"},{"floor":48.0,"key":"Pear"}],"event_choices":[{"damage_healed":0.0,"max_hp_gain":0.0,"max_hp_loss":0.0,"gold_gain":0.0,"event_name":"Shining Light","player_choice":"Entered Light","floor":3.0,"gold_loss":0.0,"damage_taken":13.0,"cards_upgraded":["Defend_G","Well Laid Plans"]},{"damage_healed":0.0,"max_hp_gain":0.0,"max_hp_loss":0.0,"gold_gain":0.0,"event_name":"Mushrooms","player_choice":"Fought Mushrooms","floor":11.0,"gold_loss":0.0,"damage_taken":0.0},{"cards_removed":["Strike_G"],"damage_healed":0.0,"max_hp_gain":0.0,"max_hp_loss":0.0,"gold_gain":0.0,"event_name":"Beggar","player_choice":"Gave Gold","floor":22.0,"gold_loss":75.0,"damage_taken":0.0},{"damage_healed":0.0,"max_hp_gain":0.0,"max_hp_loss":0.0,"gold_gain":0.0,"cards_transformed":["Strike_G","Strike_G"],"event_name":"Drug Dealer","player_choice":"Became Test Subject","floor":31.0,"gold_loss":0.0,"damage_taken":0.0,"cards_obtained":["Distraction","Footwork"]},{"damage_healed":0.0,"max_hp_gain":0.0,"max_hp_loss":0.0,"gold_gain":0.0,"event_name":"Tomb of Lord Red Mask","player_choice":"Ignored","floor":36.0,"gold_loss":0.0,"damage_taken":0.0},{"damage_healed":0.0,"max_hp_gain":0.0,"max_hp_loss":0.0,"gold_gain":0.0,"event_name":"Mysterious Sphere","player_choice":"Ignored","floor":38.0,"gold_loss":0.0,"damage_taken":0.0},{"damage_healed":0.0,"max_hp_gain":0.0,"max_hp_loss":0.0,"gold_gain":0.0,"event_name":"SensoryStone","player_choice":"Memory 1","floor":44.0,"gold_loss":0.0,"damage_taken":0.0},{"damage_healed":0.0,"max_hp_gain":0.0,"max_hp_loss":0.0,"gold_gain":0.0,"event_name":"MindBloom","player_choice":"Fight","floor":46.0,"gold_loss":0.0,"damage_taken":0.0},{"damage_healed":0.0,"max_hp_gain":0.0,"max_hp_loss":3.0,"gold_gain":0.0,"event_name":"Winding Halls","player_choice":"Max HP","floor":47.0,"gold_loss":0.0,"damage_taken":0.0}],"is_beta":false,"boss_relics":[{"not_picked":["Black Star","WristBlade"],"picked":"Coffee Dripper"},{"not_picked":["Velvet Choker","HoveringKite"],"picked":"Pandora\u0027s Box"}],"items_purged_floors":[37],"is_endless":false,"potions_floor_spawned":[1,7,8,10,11,20,24,27,33,42,46],"ascension_level":10}