{"gold_per_floor":[216,232,232,247,43,43,53,228,228,179,191,116,116,131,131,131],"floor_reached":16,"playtime":604,"items_purged":["Doubt"],"score":147,"play_id":"720190de-015a-43e6-83b2-3c9922cfb64c","local_time":"20190826135948","is_ascension_mode":true,"campfire_choices":[{"data":"Warcry","floor":6,"key":"SMITH"},{"data":"Havoc","floor":13,"key":"SMITH"},{"floor":15,"key":"REST"}],"neow_cost":"NONE","seed_source_timestamp":75110199973600,"circlet_count":0,"master_deck":["AscendersBane","Strike_R","Strike_R","Strike_R","Strike_R","Strike_R","Defend_R","Defend_R","Defend_R","Defend_R","Bash","Havoc+1","Warcry+1","Sentinel","Havoc+1","Shrug It Off"],"relics":["Burning Blood","Strange Spoon","Matryoshka"],"potions_floor_usage":[14],"damage_taken":[{"damage":1,"enemies":"Cultist","floor":1,"turns":3},{"damage":6,"enemies":"Small Slimes","floor":2,"turns":4},{"damage":0,"enemies":"2 Louse","floor":4,"turns":3},{"damage":8,"enemies":"Blue Slaver","floor":7,"turns":6},{"damage":25,"enemies":"2 Fungi Beasts","floor":11,"turns":6},{"damage":29,"enemies":"Large Slime","floor":14,"turns":12},{"damage":68,"enemies":"Slime Boss","floor":16,"turns":8}],"seed_played":"-2560607840804852070","potions_obtained":[{"floor":2,"key":"Swift Potion"},{"floor":7,"key":"LiquidBronze"}],"is_trial":false,"path_per_floor":["M","M","?","M","$","R","M","?","T","$","M","$","R","M","R","B"],"character_chosen":"IRONCLAD","items_purchased":["Strange Spoon","Havoc"],"campfire_rested":1,"item_purchase_floors":[5,10],"current_hp_per_floor":[77,77,77,80,80,80,78,78,78,78,59,59,59,36,60,0],"gold":131,"neow_bonus":"HUNDRED_GOLD","is_prod":false,"is_daily":false,"chose_seed":false,"campfire_upgraded":2,"win_rate":0,"timestamp":1566842388,"path_taken":["M","?","?","M","$","R","M","?","T","$","M","?","R","M","R","BOSS"],"build_version":"2019-07-17","purchased_purges":1,"victory":false,"max_hp_per_floor":[80,80,80,80,80,80,80,80,80,80,80,80,80,80,80,80],"card_choices":[{"not_picked":["Cleave","Clothesline"],"picked":"Havoc","floor":1},{"not_picked":["Flex","Fire Breathing","Metallicize"],"picked":"SKIP","floor":2},{"not_picked":["Clash","True Grit"],"picked":"Warcry","floor":4},{"not_picked":["Carnage","Twin Strike"],"picked":"Sentinel","floor":7},{"not_picked":["Headbutt","True Grit"],"picked":"Shrug It Off","floor":11},{"not_picked":["Armaments","Disarm","Sword Boomerang"],"picked":"SKIP","floor":14}],"player_experience":4094978,"relics_obtained":[{"floor":9,"key":"Matryoshka"}],"event_choices":[{"damage_healed":0,"gold_gain":0,"player_choice":"Grow","damage_taken":0,"max_hp_gain":0,"max_hp_loss":0,"event_name":"Living Wall","floor":3,"gold_loss":0,"cards_upgraded":["Havoc"]},{"damage_healed":0,"gold_gain":175,"player_choice":"AGREE","damage_taken":0,"max_hp_gain":0,"max_hp_loss":0,"event_name":"Liars Game","floor":8,"gold_loss":0,"cards_obtained":["Doubt"]}],"is_beta":false,"boss_relics":[],"items_purged_floors":[12],"is_endless":false,"potions_floor_spawned":[2,7],"killed_by":"Slime Boss","ascension_level":12}