{"gold_per_floor":[114,128,142,142,142,142,160,160,160,180,180,180,195,221,221,221],"floor_reached":16,"playtime":727,"items_purged":[],"score":163,"play_id":"105747f0-bdf9-4472-bdf1-b12d5ad34871","local_time":"20190826141232","is_ascension_mode":true,"campfire_choices":[{"floor":6,"key":"REST"},{"data":"Offering","floor":8,"key":"SMITH"},{"data":"Body Slam","floor":12,"key":"SMITH"},{"floor":15,"key":"REST"}],"neow_cost":"PERCENT_DAMAGE","seed_source_timestamp":75750935076800,"circlet_count":0,"master_deck":["AscendersBane","Strike_R","Strike_R","Defend_R+1","Defend_R","Defend_R+1","Defend_R","Bash+1","Offering+1","Body Slam+1","Entrench","Second Wind"],"relics":["Burning Blood","War Paint","Molten Egg 2"],"potions_floor_usage":[16,16],"damage_taken":[{"damage":8,"enemies":"Jaw Worm","floor":1,"turns":6},{"damage":1,"enemies":"Cultist","floor":2,"turns":4},{"damage":8,"enemies":"2 Louse","floor":3,"turns":4},{"damage":21,"enemies":"Exordium Wildlife","floor":7,"turns":8},{"damage":12,"enemies":"Looter","floor":10,"turns":3},{"damage":8,"enemies":"Large Slime","floor":13,"turns":6},{"damage":20,"enemies":"3 Sentries","floor":14,"turns":10},{"damage":68,"enemies":"Slime Boss","floor":16,"turns":14}],"seed_played":"-4250267029396704360","potions_obtained":[{"floor":7,"key":"Poison Potion"},{"floor":13,"key":"SpeedPotion"}],"is_trial":false,"path_per_floor":["M","M","M","?","?","R","M","R","T","M","?","R","M","E","R","B"],"character_chosen":"IRONCLAD","items_purchased":[],"campfire_rested":2,"item_purchase_floors":[],"current_hp_per_floor":[49,54,52,52,52,76,61,61,61,55,48,48,46,32,56,0],"gold":221,"neow_bonus":"REMOVE_TWO","is_prod":false,"is_daily":false,"chose_seed":false,"campfire_upgraded":2,"win_rate":0,"timestamp":1566843152,"path_taken":["M","M","M","?","?","R","M","R","T","?","?","R","M","E","R","BOSS"],"build_version":"2019-07-17","purchased_purges":0,"victory":false,"max_hp_per_floor":[80,80,80,80,80,80,80,80,80,80,80,80,80,80,80,80],"card_choices":[{"not_picked":["Wild Strike","Anger","Infernal Blade"],"picked":"SKIP","floor":1},{"not_picked":["Clothesline","Cleave","Burning Pact"],"picked":"SKIP","floor":2},{"not_picked":["Perfected Strike","Pummel","Armaments"],"picked":"SKIP","floor":3},{"not_picked":["Combust","Inflame"],"picked":"Offering","floor":7},{"not_picked":["Anger","Ghostly Armor"],"picked":"Body Slam","floor":10},{"not_picked":["Twin Strike","Anger"],"picked":"Entrench","floor":13},{"not_picked":["Reckless Charge","Combust"],"picked":"Second Wind","floor":14}],"player_experience":4095582,"relics_obtained":[{"floor":9,"key":"War Paint"},{"floor":14,"key":"Molten Egg 2"}],"event_choices":[{"damage_healed":0,"gold_gain":0,"player_choice":"Ignored","damage_taken":0,"max_hp_gain":0,"max_hp_loss":0,"event_name":"Liars Game","floor":4,"gold_loss":0},{"damage_healed":0,"gold_gain":0,"player_choice":"Upgraded","damage_taken":0,"max_hp_gain":0,"max_hp_loss":0,"event_name":"Upgrade Shrine","floor":5,"gold_loss":0,"cards_upgraded":["Bash"]},{"cards_removed":["Strike_R"],"damage_healed":0,"gold_gain":0,"player_choice":"Card Removal","damage_taken":7,"max_hp_gain":0,"max_hp_loss":0,"event_name":"Golden Wing","floor":11,"gold_loss":0}],"is_beta":false,"boss_relics":[],"items_purged_floors":[],"is_endless":false,"potions_floor_spawned":[7,13],"killed_by":"Slime Boss","ascension_level":12}