{"gold_per_floor":[111,61,79,79,90,115,131,131,156,106,121,68,82,99,99,201,201,212,239,9,26,40,40,40,51,51,67,67,67,83,83],"floor_reached":31,"playtime":2915,"items_purged":[],"score":241,"play_id":"f033293b-50ff-47a4-85f1-fd5cd73e4c85","local_time":"20190816034506","is_ascension_mode":false,"campfire_choices":[{"floor":8,"key":"REST"},{"data":"Warcry","floor":15,"key":"SMITH"},{"floor":23,"key":"REST"},{"floor":28,"key":"REST"}],"neow_cost":"NONE","seed_source_timestamp":171408903689400,"circlet_count":0,"master_deck":["Strike_R","Strike_R","Strike_R+1","Strike_R","Strike_R","Defend_R","Defend_R","Defend_R","Bash","Cleave","Anger+1","Headbutt+1","Warcry+1","Ghostly Armor","Combust","Burning Pact","Pommel Strike","Headbutt","Barricade","Twin Strike+1","Metamorphosis","Sword Boomerang+1","Decay","Rage"],"relics":["Burning Blood","Bag of Marbles","Vajra","Runic Pyramid","Centennial Puzzle","Ancient Tea Set"],"potions_floor_usage":[6,16,16,18,21],"damage_taken":[{"damage":5,"enemies":"2 Louse","floor":1,"turns":3},{"damage":3,"enemies":"Jaw Worm","floor":3,"turns":4},{"damage":6,"enemies":"Cultist","floor":5,"turns":3},{"damage":26,"enemies":"3 Sentries","floor":6,"turns":8},{"damage":2,"enemies":"Blue Slaver","floor":7,"turns":3},{"damage":0,"enemies":"Lots of Slimes","floor":11,"turns":1},{"damage":0,"enemies":"Exordium Wildlife","floor":13,"turns":2},{"damage":0,"enemies":"Blue Slaver","floor":14,"turns":2},{"damage":73,"enemies":"Hexaghost","floor":16,"turns":10},{"damage":17,"enemies":"Shell Parasite","floor":18,"turns":5},{"damage":23,"enemies":"3 Byrds","floor":21,"turns":4},{"damage":32,"enemies":"Snake Plant","floor":22,"turns":5},{"damage":35,"enemies":"Centurion and Healer","floor":25,"turns":6},{"damage":28,"enemies":"Snecko","floor":27,"turns":5},{"damage":21,"enemies":"Snake Plant","floor":30,"turns":3},{"damage":27,"enemies":"Centurion and Healer","floor":31,"turns":3}],"seed_played":"-2665398220991302058","potions_obtained":[{"floor":1,"key":"Swift Potion"},{"floor":6,"key":"Regen Potion"},{"floor":11,"key":"Ancient Potion"},{"floor":16,"key":"EssenceOfSteel"},{"floor":22,"key":"Swift Potion"},{"floor":27,"key":"SteroidPotion"},{"floor":30,"key":"Weak Potion"}],"is_trial":false,"path_per_floor":["M","$","M","?","M","E","M","R","T","?","M","$","M","M","R","B",null,"M","T","$","M","M","R","?","M","T","M","R","?","M","M"],"character_chosen":"IRONCLAD","items_purchased":["Anger","Pommel Strike","Metamorphosis","Energy Potion"],"campfire_rested":3,"item_purchase_floors":[2,12,20,20],"current_hp_per_floor":[88,88,88,70,70,50,54,80,80,80,86,86,88,88,88,36,88,77,77,77,60,34,60,60,31,31,9,35,35,20,0],"gold":83,"neow_bonus":"TEN_PERCENT_HP_BONUS","is_prod":false,"is_daily":false,"chose_seed":false,"campfire_upgraded":1,"win_rate":0.0,"timestamp":1565937906,"path_taken":["M","$","M","?","M","E","M","R","T","?","M","?","M","M","R","BOSS","M","?","$","M","M","R","?","?","T","M","R","?","M","M"],"build_version":"2019-07-17","purchased_purges":0,"victory":false,"max_hp_per_floor":[88,88,88,88,88,88,88,88,88,88,88,88,88,88,88,88,88,88,88,88,88,88,88,88,88,88,88,88,88,88,88],"card_choices":[{"not_picked":["Feel No Pain","Sword Boomerang"],"picked":"Cleave","floor":1},{"not_picked":["Uppercut","Thunderclap"],"picked":"Headbutt","floor":3},{"not_picked":["Anger","Blood for Blood"],"picked":"Warcry","floor":5},{"not_picked":["Anger","True Grit"],"picked":"Ghostly Armor","floor":6},{"not_picked":["Clash","Hemokinesis"],"picked":"Combust","floor":7},{"not_picked":["Armaments","Sword Boomerang"],"picked":"Burning Pact","floor":11},{"not_picked":["Combust","Warcry"],"picked":"Headbutt","floor":13},{"not_picked":["Infernal Blade","Searing Blow","True Grit"],"picked":"SKIP","floor":14},{"not_picked":["Impervious","Fiend Fire"],"picked":"Barricade","floor":16},{"not_picked":["Cleave","Sword Boomerang+1"],"picked":"Twin Strike+1","floor":18},{"not_picked":["Whirlwind","Headbutt"],"picked":"Sword Boomerang+1","floor":21},{"not_picked":["Combust","Headbutt","Thunderclap"],"picked":"SKIP","floor":22},{"not_picked":["Headbutt","Thunderclap","Cleave"],"picked":"SKIP","floor":25},{"not_picked":["Sword Boomerang","Body Slam","Uppercut"],"picked":"SKIP","floor":27},{"not_picked":["Anger","Armaments"],"picked":"Rage","floor":30}],"player_experience":3850,"relics_obtained":[{"floor":6,"key":"Bag of Marbles"},{"floor":9,"key":"Vajra"},{"floor":19,"key":"Centennial Puzzle"},{"floor":26,"key":"Ancient Tea Set"}],"event_choices":[{"damage_healed":0,"gold_gain":0,"player_choice":"Entered Light","damage_taken":18,"max_hp_gain":0,"max_hp_loss":0,"event_name":"Shining Light","floor":4,"gold_loss":0,"cards_upgraded":["Headbutt","Strike_R"]},{"cards_removed":["Defend_R"],"damage_healed":0,"gold_gain":0,"player_choice":"Card Removal","damage_taken":0,"max_hp_gain":0,"max_hp_loss":0,"event_name":"The Cleric","floor":10,"gold_loss":50},{"damage_healed":0,"gold_gain":0,"player_choice":"Upgraded","damage_taken":0,"max_hp_gain":0,"max_hp_loss":0,"event_name":"Upgrade Shrine","floor":24,"gold_loss":0,"cards_upgraded":["Anger"]},{"damage_healed":0,"gold_gain":0,"player_choice":"Smashed Altar","damage_taken":0,"max_hp_gain":0,"max_hp_loss":0,"event_name":"Forgotten Altar","floor":29,"gold_loss":0,"cards_obtained":["Decay"]}],"is_beta":false,"boss_relics":[{"not_picked":["Mark of Pain","Velvet Choker"],"picked":"Runic Pyramid"}],"items_purged_floors":[],"is_endless":false,"potions_floor_spawned":[1,6,11,16,22,27,30],"killed_by":"Centurion and Healer","ascension_level":0}