{"gold_per_floor":[113,38,52,67,242,242,259,259,259,286,286,386,397,411,411,509,559,575,590,590,73,92,92,123,123,123,133,151,162,162],"floor_reached":30,"playtime":1470,"items_purged":["Strike_B","Strike_B"],"score":267,"play_id":"555f2dc3-7d47-4d82-8c3b-4f797043516d","local_time":"20190826015413","is_ascension_mode":true,"campfire_choices":[{"data":"Tempest","floor":6,"key":"SMITH"},{"floor":11,"key":"REST"},{"floor":15,"key":"REST"},{"floor":23,"key":"REST"},{"floor":25,"key":"REST"}],"neow_cost":"NONE","seed_source_timestamp":1030186715039400,"circlet_count":0,"master_deck":["Strike_B","Strike_B+1","Defend_B","Defend_B","Defend_B+1","Defend_B","Zap+1","Dualcast","Tempest+1","Barrage","Ball Lightning","Doubt","Redo","Redo","Chaos","Echo Form","Redo+1","Cold Snap","Zap","Storm","Conserve Battery+1","Skim","Ball Lightning","Consume+1","Tempest"],"relics":["Cracked Core","Question Card","Tiny House","Orichalcum","Lantern","Ancient Tea Set","Smiling Mask"],"potions_floor_usage":[10,14,16,18,24,29],"damage_taken":[{"damage":0,"enemies":"2 Louse","floor":1,"turns":3},{"damage":5,"enemies":"Small Slimes","floor":3,"turns":3},{"damage":1,"enemies":"Cultist","floor":4,"turns":3},{"damage":7,"enemies":"3 Louse","floor":7,"turns":2},{"damage":17,"enemies":"Lagavulin","floor":10,"turns":6},{"damage":37,"enemies":"Gremlin Gang","floor":13,"turns":4},{"damage":0,"enemies":"2 Fungi Beasts","floor":14,"turns":2},{"damage":25,"enemies":"Slime Boss","floor":16,"turns":8},{"damage":31,"enemies":"Shell Parasite","floor":18,"turns":6},{"damage":0,"enemies":"Spheric Guardian","floor":19,"turns":3},{"damage":16,"enemies":"Snake Plant","floor":22,"turns":3},{"damage":39,"enemies":"Gremlin Leader","floor":24,"turns":5},{"damage":21,"enemies":"Centurion and Healer","floor":27,"turns":5},{"damage":14,"enemies":"Snecko","floor":28,"turns":4},{"damage":0,"enemies":"Snake Plant","floor":29,"turns":2},{"damage":27,"enemies":"Sentry and Sphere","floor":30,"turns":3}],"seed_played":"-18117318147406641","potions_obtained":[{"floor":3,"key":"Dexterity Potion"},{"floor":13,"key":"PowerPotion"},{"floor":14,"key":"Fire Potion"},{"floor":16,"key":"AttackPotion"},{"floor":17,"key":"FairyPotion"},{"floor":24,"key":"Strength Potion"},{"floor":28,"key":"EssenceOfSteel"},{"floor":29,"key":"SteroidPotion"}],"is_trial":false,"path_per_floor":["M","$","M","M","?","R","M","?","T","E","R","?","M","M","R","B",null,"M","M","?","$","M","R","E","R","T","M","M","M","M"],"character_chosen":"DEFECT","items_purchased":["Orichalcum","Lantern","Explosive Potion","Storm"],"campfire_rested":4,"item_purchase_floors":[21,21,21,21],"current_hp_per_floor":[75,75,70,69,69,69,62,47,47,30,52,52,15,15,37,12,80,49,49,49,49,33,57,18,42,42,21,7,7,0],"gold":162,"neow_bonus":"THREE_CARDS","is_prod":false,"is_daily":false,"chose_seed":false,"campfire_upgraded":1,"win_rate":0,"timestamp":1566795253,"path_taken":["M","$","M","M","?","R","M","?","T","E","R","?","?","M","R","BOSS","M","M","?","$","M","R","E","R","T","M","M","M","M"],"build_version":"2019-07-17","purchased_purges":2,"victory":false,"max_hp_per_floor":[75,75,75,75,75,75,75,75,75,75,75,75,75,75,75,75,80,80,80,80,80,80,80,80,80,80,80,80,80,80],"card_choices":[{"not_picked":["Conserve Battery","BootSequence"],"picked":"Tempest","floor":0},{"not_picked":["Leap","Steam"],"picked":"Barrage","floor":1},{"not_picked":["Reprogram","Sweeping Beam","Fusion"],"picked":"SKIP","floor":3},{"not_picked":["Streamline","Go for the Eyes"],"picked":"Ball Lightning","floor":4},{"not_picked":["Seek","Cold Snap","Sweeping Beam"],"picked":"SKIP","floor":7},{"not_picked":["Turbo","Barrage"],"picked":"Redo","floor":10},{"not_picked":["Sweeping Beam","Coolheaded","Streamline"],"picked":"Redo","floor":13},{"not_picked":["Conserve Battery","Sweeping Beam","Stack"],"picked":"Chaos","floor":14},{"not_picked":["Fission","Seek","Creative AI"],"picked":"Echo Form","floor":16},{"not_picked":["Tempest","Hello World+1","Leap+1"],"picked":"Redo+1","floor":18},{"not_picked":["Reprogram","Aggregate","Turbo+1","Barrage"],"picked":"SKIP","floor":19},{"not_picked":["Melter","Scrape+1","Redo"],"picked":"Conserve Battery+1","floor":22},{"not_picked":["Glacier","Double Energy","Auto Shields"],"picked":"Skim","floor":24},{"not_picked":["Rebound","Stack","Conserve Battery"],"picked":"Ball Lightning","floor":27},{"not_picked":["Reprogram","Hello World","Redo"],"picked":"Consume+1","floor":28},{"not_picked":["Cold Snap","Core Surge","Barrage"],"picked":"Tempest","floor":29}],"player_experience":183247,"relics_obtained":[{"floor":10,"key":"Question Card"},{"floor":24,"key":"Ancient Tea Set"},{"floor":26,"key":"Smiling Mask"}],"event_choices":[{"damage_healed":0,"gold_gain":175,"player_choice":"AGREE","damage_taken":0,"max_hp_gain":0,"max_hp_loss":0,"event_name":"Liars Game","floor":5,"gold_loss":0,"cards_obtained":["Doubt"]},{"damage_healed":0,"gold_gain":0,"player_choice":"Entered Light","damage_taken":15,"max_hp_gain":0,"max_hp_loss":0,"event_name":"Shining Light","floor":8,"gold_loss":0,"cards_upgraded":["Defend_B","Zap"]},{"damage_healed":0,"gold_gain":100,"player_choice":"Pray","damage_taken":0,"max_hp_gain":0,"max_hp_loss":0,"event_name":"Golden Shrine","floor":12,"gold_loss":0},{"damage_healed":0,"gold_gain":0,"player_choice":"2 cards matched","damage_taken":0,"max_hp_gain":0,"max_hp_loss":0,"event_name":"Match and Keep!","floor":20,"gold_loss":0,"cards_obtained":["Cold Snap","Zap"]}],"is_beta":false,"boss_relics":[{"not_picked":["Lizard Tail","Eternal Feather"],"picked":"Tiny House"}],"items_purged_floors":[2,21],"is_endless":false,"potions_floor_spawned":[3,13,14,16,24,28,29],"killed_by":"Sentry and Sphere","ascension_level":1}