{"gold_per_floor":[109,157,171,18,18,51,51,51,74,108,126,126,43,59,59,136,136,153,166,166,166,185,185,185,185,185,211,224,224,224,234,234,234],"floor_reached":33,"playtime":945,"items_purged":[],"score":529,"play_id":"f1b851c9-9189-4f62-b843-29d8ef4fcb22","local_time":"20190826113526","is_ascension_mode":true,"campfire_choices":[{"data":"Shockwave","floor":7,"key":"SMITH"},{"floor":12,"key":"REST"},{"data":"Limit Break","floor":15,"key":"SMITH"},{"data":"Armaments","floor":23,"key":"SMITH"},{"data":"Immolate","floor":25,"key":"SMITH"},{"floor":32,"key":"REST"}],"neow_cost":"CURSE","seed_source_timestamp":370131666428300,"circlet_count":0,"master_deck":["AscendersBane","Defend_R","Defend_R","Defend_R","Defend_R","Bash","Infernal Blade","Immolate+1","Shockwave+1","Carnage","Shrug It Off","Limit Break+1","Bludgeon","Clothesline","Armaments+1","Bite","Bite","Bite","Bite","Bite","Spot Weakness"],"relics":["Black Blood","Du-Vu Doll","Ancient Tea Set","Sundial","Strawberry","PreservedInsect","Boot","Spirit Poop","Letter Opener","StoneCalendar"],"potions_floor_usage":[16,16,19,19,33],"damage_taken":[{"damage":3,"enemies":"Cultist","floor":1,"turns":3},{"damage":9,"enemies":"Jaw Worm","floor":3,"turns":4},{"damage":40,"enemies":"Lagavulin","floor":6,"turns":5},{"damage":30,"enemies":"Gremlin Nob","floor":10,"turns":4},{"damage":0,"enemies":"2 Louse","floor":11,"turns":1},{"damage":1,"enemies":"2 Fungi Beasts","floor":14,"turns":2},{"damage":18,"enemies":"Hexaghost","floor":16,"turns":7},{"damage":41,"enemies":"Shell Parasite","floor":18,"turns":8},{"damage":22,"enemies":"2 Thieves","floor":19,"turns":4},{"damage":13,"enemies":"Cultist and Chosen","floor":22,"turns":4},{"damage":28,"enemies":"Gremlin Leader","floor":27,"turns":6},{"damage":15,"enemies":"Snake Plant","floor":28,"turns":4},{"damage":15,"enemies":"Snecko","floor":31,"turns":4},{"damage":95,"enemies":"Automaton","floor":33,"turns":6}],"seed_played":"5756962777779623498","potions_obtained":[{"floor":1,"key":"Strength Potion"},{"floor":6,"key":"PowerPotion"},{"floor":16,"key":"Swift Potion"},{"floor":18,"key":"FearPotion"},{"floor":27,"key":"SpeedPotion"},{"floor":28,"key":"Explosive Potion"}],"is_trial":false,"path_per_floor":["M","T","M","$","?","E","R","$","T","E","M","R","$","M","R","B",null,"M","M","?","?","M","R","?","R","T","E","M","$","?","M","R","B"],"character_chosen":"IRONCLAD","items_purchased":["Immolate","Limit Break"],"campfire_rested":2,"item_purchase_floors":[4,13],"current_hp_per_floor":[71,71,68,68,61,27,27,27,34,10,16,40,40,45,45,33,70,39,27,27,27,30,30,30,30,30,30,31,31,31,32,49,0],"gold":234,"neow_bonus":"ONE_RARE_RELIC","is_prod":false,"is_daily":false,"chose_seed":false,"campfire_upgraded":4,"win_rate":0,"timestamp":1566786926,"path_taken":["M","?","M","$","?","E","R","$","T","E","M","R","?","?","R","BOSS","M","M","?","?","?","R","?","R","T","E","?","?","?","M","R","BOSS"],"build_version":"2019-07-17","purchased_purges":0,"victory":false,"max_hp_per_floor":[75,75,75,75,75,75,75,75,82,82,82,82,82,82,82,82,82,82,82,82,57,57,57,57,57,57,57,57,57,57,57,57,57],"card_choices":[{"not_picked":["True Grit","Flex"],"picked":"Infernal Blade","floor":1},{"not_picked":["Warcry","Wild Strike","Thunderclap"],"picked":"SKIP","floor":3},{"not_picked":["Body Slam","Immolate"],"picked":"Shockwave","floor":6},{"not_picked":["Twin Strike","Perfected Strike"],"picked":"Carnage","floor":10},{"not_picked":["Clothesline","Flex"],"picked":"Shrug It Off","floor":11},{"not_picked":["Headbutt","Bloodletting","Clash"],"picked":"SKIP","floor":14},{"not_picked":["Immolate","Barricade"],"picked":"Bludgeon","floor":16},{"not_picked":["Anger","Havoc"],"picked":"Clothesline","floor":18},{"not_picked":["True Grit","Body Slam"],"picked":"Armaments","floor":19},{"not_picked":["Evolve","Shrug It Off","Armaments"],"picked":"SKIP","floor":22},{"not_picked":["Armaments","Perfected Strike"],"picked":"Spot Weakness","floor":27},{"not_picked":["Thunderclap","Body Slam","Cleave"],"picked":"SKIP","floor":28},{"not_picked":["Power Through","Clothesline","Rage"],"picked":"SKIP","floor":31}],"player_experience":206504,"relics_obtained":[{"floor":2,"key":"Ancient Tea Set"},{"floor":6,"key":"Sundial"},{"floor":9,"key":"Strawberry"},{"floor":10,"key":"PreservedInsect"},{"floor":26,"key":"Letter Opener"},{"floor":27,"key":"StoneCalendar"}],"event_choices":[{"cards_removed":["Shame"],"damage_healed":0,"gold_gain":0,"player_choice":"Card Removal","damage_taken":7,"max_hp_gain":0,"max_hp_loss":0,"event_name":"Golden Wing","floor":5,"gold_loss":0},{"damage_healed":0,"gold_gain":0,"player_choice":"Opened","damage_taken":0,"relics_obtained":["Boot"],"max_hp_gain":0,"max_hp_loss":0,"event_name":"The Mausoleum","floor":20,"gold_loss":0,"cards_obtained":["Writhe"]},{"damage_healed":0,"gold_gain":0,"player_choice":"Became a vampire","damage_taken":0,"max_hp_gain":0,"max_hp_loss":25,"event_name":"Vampires","floor":21,"gold_loss":0,"cards_obtained":["Bite","Bite","Bite","Bite","Bite"]},{"cards_removed":["Writhe"],"damage_healed":0,"gold_gain":0,"player_choice":"Offered Curse","damage_taken":0,"relics_obtained":["Spirit Poop"],"max_hp_gain":0,"max_hp_loss":0,"event_name":"Bonfire Elementals","floor":24,"gold_loss":0},{"damage_healed":0,"gold_gain":0,"player_choice":"Ignored","damage_taken":0,"max_hp_gain":0,"max_hp_loss":0,"event_name":"Ghosts","floor":30,"gold_loss":0}],"is_beta":false,"boss_relics":[{"not_picked":["Runic Cube","Tiny House"],"picked":"Black Blood"}],"items_purged_floors":[],"is_endless":false,"potions_floor_spawned":[1,6,14,16,18,27,28],"killed_by":"Automaton","ascension_level":17}