{"gold_per_floor":[115,40,57,68,86,116,116,142,166,166,186,186,186,213,213,213],"floor_reached":16,"playtime":795,"items_purged":["Strike_R"],"score":132,"play_id":"25122c1a-0d9d-47f7-a60f-766cffbbffef","local_time":"20190825235843","is_ascension_mode":true,"campfire_choices":[{"data":"Whirlwind","floor":7,"key":"SMITH"},{"floor":15,"key":"REST"}],"neow_cost":"NONE","seed_source_timestamp":1023932287193000,"circlet_count":0,"master_deck":["Strike_R","Strike_R","Strike_R","Strike_R+1","Defend_R","Defend_R","Defend_R","Defend_R+1","Bash","Immolate","Whirlwind+1","Intimidate","Immolate","Parasite","Perfected Strike"],"relics":["Burning Blood","Boot","Juzu Bracelet","Oddly Smooth Stone","Ancient Tea Set"],"potions_floor_usage":[6,6,16,16],"damage_taken":[{"damage":0,"enemies":"Cultist","floor":1,"turns":2},{"damage":0,"enemies":"2 Louse","floor":3,"turns":1},{"damage":12,"enemies":"Small Slimes","floor":4,"turns":2},{"damage":0,"enemies":"2 Fungi Beasts","floor":5,"turns":2},{"damage":26,"enemies":"Gremlin Nob","floor":6,"turns":4},{"damage":46,"enemies":"Lagavulin","floor":8,"turns":7},{"damage":0,"enemies":"Lots of Slimes","floor":11,"turns":1},{"damage":26,"enemies":"Gremlin Nob","floor":14,"turns":4},{"damage":86,"enemies":"Hexaghost","floor":16,"turns":11}],"seed_played":"503757886831920317","potions_obtained":[{"floor":1,"key":"Block Potion"},{"floor":5,"key":"SkillPotion"},{"floor":8,"key":"Weak Potion"},{"floor":11,"key":"Energy Potion"}],"is_trial":false,"path_per_floor":["M","$","M","M","M","E","R","E","T","?","M","?","?","E","R","B"],"character_chosen":"IRONCLAD","items_purchased":[],"campfire_rested":1,"item_purchase_floors":[],"current_hp_per_floor":[80,80,80,74,80,60,60,20,20,40,46,30,80,60,80,0],"gold":213,"neow_bonus":"ONE_RANDOM_RARE_CARD","is_prod":false,"is_daily":false,"chose_seed":false,"campfire_upgraded":1,"win_rate":0,"timestamp":1566788323,"path_taken":["M","$","?","M","M","E","R","E","T","?","M","?","?","E","R","BOSS"],"build_version":"2019-07-17","purchased_purges":1,"victory":false,"max_hp_per_floor":[80,80,80,80,80,80,80,80,80,80,80,80,80,80,80,80],"card_choices":[{"not_picked":["Thunderclap","Pommel Strike"],"picked":"Whirlwind","floor":1},{"not_picked":["Combust","Blood for Blood","Headbutt"],"picked":"SKIP","floor":3},{"not_picked":["Headbutt","Twin Strike","Heavy Blade"],"picked":"SKIP","floor":4},{"not_picked":["Pommel Strike","Clothesline"],"picked":"Intimidate","floor":5},{"not_picked":["Clash","Cleave"],"picked":"Immolate","floor":6},{"not_picked":["Carnage","Body Slam","Brutality"],"picked":"SKIP","floor":8},{"not_picked":["Carnage","Thunderclap","Twin Strike"],"picked":"SKIP","floor":11},{"not_picked":["Rampage","Sever Soul"],"picked":"Perfected Strike","floor":14}],"player_experience":177031,"relics_obtained":[{"floor":6,"key":"Boot"},{"floor":8,"key":"Juzu Bracelet"},{"floor":9,"key":"Oddly Smooth Stone"},{"floor":14,"key":"Ancient Tea Set"}],"event_choices":[{"damage_healed":20,"gold_gain":0,"player_choice":"Healed and dodged fight","damage_taken":0,"max_hp_gain":0,"max_hp_loss":0,"event_name":"Mushrooms","floor":10,"gold_loss":0,"cards_obtained":["Parasite"]},{"damage_healed":0,"gold_gain":0,"player_choice":"Entered Light","damage_taken":16,"max_hp_gain":0,"max_hp_loss":0,"event_name":"Shining Light","floor":12,"gold_loss":0,"cards_upgraded":["Strike_R","Defend_R"]},{"damage_healed":50,"gold_gain":0,"player_choice":"Full Heal","damage_taken":0,"max_hp_gain":0,"max_hp_loss":0,"event_name":"Wheel of Change","floor":13,"gold_loss":0}],"is_beta":false,"boss_relics":[],"items_purged_floors":[2],"is_endless":false,"potions_floor_spawned":[1,5,8,11],"killed_by":"Hexaghost","ascension_level":2}