{"gold_per_floor":[13,28,43,43,43,76,88,125,162,174,203,226,269,293,305,421,433,457,483,509,16,16,45,45,58,58,86,86,86,101,101,101,206,206,220,269,2,19,30,30],"floor_reached":40,"playtime":3932,"items_purged":["Defend_B"],"score":616,"play_id":"66a03e51-4fcd-4166-9261-8b007bb7435a","local_time":"20190422063028","is_ascension_mode":true,"campfire_choices":[{"data":"Zap","floor":7.0,"key":"SMITH"},{"floor":10.0,"key":"REST"},{"data":"Dualcast","floor":15.0,"key":"SMITH"},{"data":"Electrodynamics","floor":24.0,"key":"SMITH"},{"floor":28.0,"key":"REST"},{"data":"Defragment","floor":32.0,"key":"SMITH"}],"neow_cost":"NO_GOLD","seed_source_timestamp":0,"circlet_count":0,"master_deck":["Strike_B","Strike_B","Strike_B","Strike_B+1","Defend_B","Defend_B","Defend_B","Zap+1","Dualcast+1","Conserve Battery","Cold Snap+1","Glacier","Ball Lightning","Electrodynamics+1","BootSequence","Glacier","Seek","Cold Snap+1","Loop","Ball Lightning","Finesse","Secret Weapon","Coolheaded","Redo+1","Loop","Self Repair","Defragment+1","Seek","Loop+1","Coolheaded","Core Surge","Chaos+1"],"special_seed":0,"relics":["Cracked Core","MawBank","Blood Vial","Bronze Scales","Pen Nib","Black Star","Whetstone","Strawberry","Cables","Bottled Lightning","Nunchaku","Vajra","Inserter","Dead Branch"],"potions_floor_usage":[36,39,39],"damage_taken":[{"damage":0.0,"enemies":"Small Slimes","floor":1.0,"turns":2.0},{"damage":1.0,"enemies":"Cultist","floor":2.0,"turns":3.0},{"damage":7.0,"enemies":"Jaw Worm","floor":3.0,"turns":3.0},{"damage":42.0,"enemies":"Lagavulin","floor":6.0,"turns":13.0},{"damage":31.0,"enemies":"Gremlin Nob","floor":8.0,"turns":4.0},{"damage":10.0,"enemies":"Exordium Wildlife","floor":11.0,"turns":4.0},{"damage":0.0,"enemies":"Large Slime","floor":12.0,"turns":3.0},{"damage":6.0,"enemies":"Lagavulin","floor":13.0,"turns":6.0},{"damage":1.0,"enemies":"Looter","floor":14.0,"turns":3.0},{"damage":20.0,"enemies":"The Guardian","floor":16.0,"turns":13.0},{"damage":9.0,"enemies":"Spheric Guardian","floor":18.0,"turns":4.0},{"damage":1.0,"enemies":"Chosen","floor":19.0,"turns":5.0},{"damage":0.0,"enemies":"Sentry and Sphere","floor":20.0,"turns":4.0},{"damage":28.0,"enemies":"Gremlin Leader","floor":23.0,"turns":4.0},{"damage":1.0,"enemies":"Snecko","floor":25.0,"turns":4.0},{"damage":5.0,"enemies":"Slavers","floor":27.0,"turns":3.0},{"damage":2.0,"enemies":"Cultist and Chosen","floor":30.0,"turns":3.0},{"damage":80,"enemies":"Automaton","floor":33,"turns":13},{"damage":21,"enemies":"3 Darklings","floor":35,"turns":4},{"damage":43,"enemies":"2 Orb Walkers","floor":36,"turns":4},{"damage":7,"enemies":"Orb Walker","floor":38,"turns":4},{"damage":6,"enemies":"Transient","floor":39,"turns":5},{"damage":33,"enemies":"Giant Head","floor":40,"turns":9}],"seed_played":"3904437063102903282","potions_obtained":[{"floor":8.0,"key":"Dexterity Potion"},{"floor":11.0,"key":"Strength Potion"},{"floor":12.0,"key":"Fruit Juice"},{"floor":13.0,"key":"AttackPotion"},{"floor":18.0,"key":"PowerPotion"},{"floor":23.0,"key":"Weak Potion"},{"floor":25.0,"key":"SteroidPotion"},{"floor":33,"key":"Swift Potion"},{"floor":36,"key":"Energy Potion"},{"floor":38,"key":"Explosive Potion"}],"is_trial":false,"path_per_floor":["M","M","M","$","?","E","R","E","T","R","M","M","E","M","R","B",null,"M","M","M","$","?","E","R","M","T","E","R","T","M","?","R","B",null,"M","?","$","M","M","E"],"character_chosen":"DEFECT","items_purchased":["Loop","Ball Lightning","Whetstone","Finesse","Secret Weapon","Coolheaded","Core Surge"],"campfire_rested":2,"item_purchase_floors":[21,21,21,21,21,37,37],"current_hp_per_floor":[89,88,81,81,89,47,47,16,16,42,34,36,37,38,38,20,76,69,70,72,72,72,53,53,54,54,51,81,81,81,81,81,10,78,59,18,18,13,16,0],"gold":30,"neow_bonus":"TWENTY_PERCENT_HP_BONUS","is_prod":false,"is_daily":false,"chose_seed":false,"campfire_upgraded":4,"win_rate":0,"timestamp":1555911028,"path_taken":["M","M","M","$","?","E","R","E","T","R","M","?","E","M","R","BOSS","M","M","M","$","?","E","R","M","T","E","R","?","M","?","R","BOSS","M","?","$","M","M","E"],"build_version":"2019-01-23","purchased_purges":1,"victory":false,"max_hp_per_floor":[89,89,89,89,89,89,89,89,89,89,89,89,94,94,94,94,94,94,94,94,94,94,101,101,101,101,101,101,101,101,101,101,101,101,101,101,101,101,101,101],"card_choices":[{"not_picked":["Barrage","Steam"],"picked":"Conserve Battery","floor":1.0},{"not_picked":["Chill","Coolheaded"],"picked":"Cold Snap","floor":2.0},{"not_picked":["Beam Cell","Storm"],"picked":"Glacier","floor":3.0},{"not_picked":["Steam","Consume"],"picked":"Ball Lightning","floor":6.0},{"not_picked":["Turbo","Rebound"],"picked":"Electrodynamics","floor":8.0},{"not_picked":["Steam","Hologram","Rebound"],"picked":"SKIP","floor":11.0},{"not_picked":["Fusion","Beam Cell"],"picked":"BootSequence","floor":12.0},{"not_picked":["Turbo","Rip and Tear","Barrage"],"picked":"SKIP","floor":13.0},{"not_picked":["Turbo","Rainbow"],"picked":"Glacier","floor":14.0},{"not_picked":["Machine Learning","Fission"],"picked":"Seek","floor":16.0},{"not_picked":["Sweeping Beam","Leap"],"picked":"Cold Snap+1","floor":18.0},{"not_picked":["Gash+1","Static Discharge+1","Streamline"],"picked":"SKIP","floor":19.0},{"not_picked":["Heatsinks","Reboot","Hologram"],"picked":"SKIP","floor":20.0},{"not_picked":["Stack","Barrage"],"picked":"Coolheaded","floor":23.0},{"not_picked":["Barrage","Ball Lightning"],"picked":"Redo+1","floor":25.0},{"not_picked":["Stack","Rebound"],"picked":"Loop","floor":27.0},{"not_picked":["Rebound","Gash"],"picked":"Self Repair","floor":30.0},{"not_picked":["Thunder Strike","Reboot"],"picked":"Seek","floor":33},{"not_picked":["Streamline+1","Rebound+1","Sweeping Beam+1"],"picked":"SKIP","floor":35},{"not_picked":["Redo+1","Skim"],"picked":"Loop+1","floor":36},{"not_picked":["Turbo+1","Leap+1","Steam+1"],"picked":"SKIP","floor":38},{"not_picked":["Hyperbeam","Static Discharge"],"picked":"Chaos+1","floor":39}],"player_experience":495701,"relics_obtained":[{"floor":6.0,"key":"MawBank"},{"floor":8.0,"key":"Blood Vial"},{"floor":9.0,"key":"Bronze Scales"},{"floor":13.0,"key":"Pen Nib"},{"floor":23.0,"key":"Strawberry"},{"floor":23.0,"key":"Cables"},{"floor":26.0,"key":"Bottled Lightning"},{"floor":27.0,"key":"Nunchaku"},{"floor":27.0,"key":"Vajra"},{"floor":36,"key":"Dead Branch"}],"event_choices":[{"damage_healed":8.0,"max_hp_gain":0.0,"max_hp_loss":0.0,"gold_gain":0.0,"event_name":"Wheel of Change","player_choice":"Full Heal","floor":5.0,"gold_loss":0.0,"damage_taken":0.0},{"damage_healed":0.0,"max_hp_gain":0.0,"max_hp_loss":0.0,"gold_gain":0.0,"event_name":"Beggar","player_choice":"Ignored","floor":22.0,"gold_loss":0.0,"damage_taken":0.0},{"damage_healed":0.0,"max_hp_gain":0.0,"max_hp_loss":0.0,"gold_gain":0.0,"event_name":"The Library","player_choice":"Read","floor":31.0,"gold_loss":0.0,"damage_taken":0.0,"cards_obtained":["Defragment"]},{"damage_healed":0,"gold_gain":0,"player_choice":"Fight","damage_taken":0,"max_hp_gain":0,"max_hp_loss":0,"event_name":"Mysterious Sphere","floor":36,"gold_loss":0}],"is_beta":false,"boss_relics":[{"not_picked":["Busted Crown","Snecko Eye"],"picked":"Black Star"},{"not_picked":["Runic Pyramid","Philosopher\u0027s Stone"],"picked":"Inserter"}],"items_purged_floors":[37],"is_endless":false,"potions_floor_spawned":[8,11,12,13,18,23,25,33,36,38],"killed_by":"Giant Head","ascension_level":5}