{"gold_per_floor":[114,128,143,218,233,233,263,294,294,306,328,310,322,353,365,377],"floor_reached":16,"playtime":1169,"items_purged":[],"score":112,"play_id":"88dbe733-746d-4ab8-9e1e-09723dc61564","local_time":"20190825225856","is_ascension_mode":true,"campfire_choices":[{"data":"True Grit","floor":6,"key":"SMITH"},{"floor":10,"key":"REST"},{"floor":13,"key":"REST"},{"data":"Armaments","floor":15,"key":"SMITH"}],"neow_cost":"NONE","seed_source_timestamp":1019969807399700,"circlet_count":0,"master_deck":["Strike_R","Strike_R","Strike_R","Strike_R","Strike_R","Defend_R","Defend_R","Defend_R","Defend_R","Bash","True Grit+1","Armaments+1","Intimidate"],"relics":["Burning Blood","NeowsBlessing","PreservedInsect","Frozen Egg 2","MawBank"],"potions_floor_usage":[11,14,16],"damage_taken":[{"damage":0,"enemies":"2 Louse","floor":1,"turns":1},{"damage":0,"enemies":"Small Slimes","floor":2,"turns":1},{"damage":0,"enemies":"Cultist","floor":3,"turns":1},{"damage":10,"enemies":"3 Louse","floor":5,"turns":7},{"damage":28,"enemies":"Gremlin Nob","floor":8,"turns":5},{"damage":19,"enemies":"Exordium Wildlife","floor":11,"turns":5},{"damage":17,"enemies":"Exordium Thugs","floor":14,"turns":5},{"damage":69,"enemies":"The Guardian","floor":16,"turns":29}],"seed_played":"-3789283704418947258","potions_obtained":[{"floor":8,"key":"AttackPotion"},{"floor":11,"key":"GamblersBrew"},{"floor":12,"key":"Ancient Potion"},{"floor":12,"key":"SkillPotion"}],"is_trial":false,"path_per_floor":["M","M","M","?","M","R","?","E","T","R","M","?","R","M","R","B"],"character_chosen":"IRONCLAD","items_purchased":[],"campfire_rested":2,"item_purchase_floors":[],"current_hp_per_floor":[80,80,80,69,65,65,65,43,43,67,54,54,78,67,67,0],"gold":377,"neow_bonus":"THREE_ENEMY_KILL","is_prod":false,"is_daily":false,"chose_seed":false,"campfire_upgraded":2,"win_rate":0,"timestamp":1566784736,"path_taken":["M","M","M","?","M","R","?","E","T","R","M","?","R","M","R","BOSS"],"build_version":"2019-07-17","purchased_purges":0,"victory":false,"max_hp_per_floor":[80,80,80,80,80,80,80,80,80,80,80,80,80,80,80,80],"card_choices":[{"not_picked":["Clothesline","Inflame"],"picked":"True Grit","floor":1},{"not_picked":["Sword Boomerang","Twin Strike"],"picked":"Armaments","floor":2},{"not_picked":["Havoc","Evolve","Reckless Charge"],"picked":"SKIP","floor":3},{"not_picked":["Brutality","Bloodletting","Clothesline"],"picked":"SKIP","floor":5},{"not_picked":["Sword Boomerang","Heavy Blade","Twin Strike"],"picked":"SKIP","floor":8},{"not_picked":["Anger","Rage","Sentinel"],"picked":"SKIP","floor":11},{"not_picked":["Blood for Blood","Entrench"],"picked":"Intimidate","floor":14}],"player_experience":173105,"relics_obtained":[{"floor":8,"key":"Frozen Egg 2"},{"floor":9,"key":"MawBank"}],"event_choices":[{"damage_healed":0,"gold_gain":75,"player_choice":"Gather Gold","damage_taken":11,"max_hp_gain":0,"max_hp_loss":0,"event_name":"World of Goop","floor":4,"gold_loss":0},{"damage_healed":0,"gold_gain":30,"player_choice":"Searched \u00273\u0027 times","damage_taken":0,"relics_obtained":["PreservedInsect"],"max_hp_gain":0,"max_hp_loss":0,"event_name":"Dead Adventurer","floor":7,"gold_loss":0},{"damage_healed":0,"gold_gain":0,"player_choice":"Bought 2 Potions","damage_taken":0,"max_hp_gain":0,"max_hp_loss":0,"event_name":"The Woman in Blue","floor":12,"gold_loss":0}],"is_beta":false,"boss_relics":[],"items_purged_floors":[],"is_endless":false,"potions_floor_spawned":[8,11],"killed_by":"The Guardian","ascension_level":2}