{"gold_per_floor":[362,362,362,362,14,40,40,53,53,70,95,95,111,136,136,235,235,254,270,270,127,144,144,156,182,262,289,308,308,333,351,351,446,446,465,516,516,516,77,112,112,147,147,147,147,247,267,267,267,267],"floor_reached":51,"playtime":3932,"items_purged":["Eviscerate","Writhe"],"score":1336,"play_id":"45a589fc-e066-496c-a5d6-6aef0cc0733a","local_time":"20190823224146","is_ascension_mode":true,"campfire_choices":[{"floor":7.0,"key":"REST"},{"data":"Bouncing Flask","floor":15.0,"key":"SMITH"},{"data":"PiercingWail","floor":23.0,"key":"SMITH"},{"data":"Noxious Fumes","floor":29.0,"key":"SMITH"},{"data":"Leg Sweep","floor":32.0,"key":"SMITH"},{"data":"Apotheosis","floor":41,"key":"SMITH"},{"data":"Glass Knife","floor":44,"key":"SMITH"},{"data":"Die Die Die","floor":49,"key":"SMITH"}],"neow_cost":"CURSE","seed_source_timestamp":53674945708100,"circlet_count":0,"master_deck":["AscendersBane","Strike_G","Strike_G","Strike_G+1","Defend_G","Defend_G","Defend_G","Defend_G","Defend_G+1","Survivor","Neutralize","Poisoned Stab","Well Laid Plans","PiercingWail+1","Bane+1","Backflip","Poisoned Stab","Bouncing Flask+1","Die Die Die+1","Dagger Throw+1","Leg Sweep+1","Noxious Fumes+1","Sucker Punch+1","Leg Sweep","Backstab+1","Glass Knife+1","Apotheosis+1","Master of Strategy"],"special_seed":0,"relics":["Ring of the Snake","Orichalcum","ClockworkSouvenir","Bottled Tornado","Pantograph","Meat on the Bone","Incense Burner","Busted Crown","Singing Bowl","Paper Crane","Potion Belt","Mummified Hand","Sozu","Gambling Chip","TwistedFunnel","Art of War","Thread and Needle","Strawberry","Kunai","Pocketwatch","Darkstone Periapt"],"potions_floor_usage":[50,50],"damage_taken":[{"damage":14.0,"enemies":"Cultist","floor":1.0,"turns":6.0},{"damage":11.0,"enemies":"Gremlin Nob","floor":6.0,"turns":5.0},{"damage":0.0,"enemies":"Jaw Worm","floor":8.0,"turns":4.0},{"damage":0.0,"enemies":"2 Louse","floor":10.0,"turns":2.0},{"damage":4.0,"enemies":"3 Sentries","floor":11.0,"turns":11.0},{"damage":5.0,"enemies":"Lots of Slimes","floor":13.0,"turns":8.0},{"damage":10.0,"enemies":"Lagavulin","floor":14.0,"turns":6.0},{"damage":22.0,"enemies":"Slime Boss","floor":16.0,"turns":9.0},{"damage":0.0,"enemies":"Chosen","floor":18.0,"turns":4.0},{"damage":19.0,"enemies":"Spheric Guardian","floor":19.0,"turns":4.0},{"damage":0.0,"enemies":"Chosen and Byrds","floor":22.0,"turns":5.0},{"damage":0.0,"enemies":"3 Cultists","floor":24.0,"turns":5.0},{"damage":21.0,"enemies":"Slavers","floor":25.0,"turns":4.0},{"damage":1.0,"enemies":"Gremlin Leader","floor":27.0,"turns":7.0},{"damage":0.0,"enemies":"Centurion and Healer","floor":28.0,"turns":7.0},{"damage":20.0,"enemies":"Slavers","floor":30.0,"turns":5.0},{"damage":2.0,"enemies":"Shelled Parasite and Fungi","floor":31.0,"turns":5.0},{"damage":15.0,"enemies":"Automaton","floor":33.0,"turns":11.0},{"damage":33.0,"enemies":"3 Darklings","floor":35.0,"turns":5.0},{"damage":16.0,"enemies":"2 Orb Walkers","floor":36.0,"turns":6.0},{"damage":7,"enemies":"Reptomancer","floor":40,"turns":6},{"damage":0,"enemies":"Giant Head","floor":42,"turns":8},{"damage":0,"enemies":"Mind Bloom Boss Battle","floor":46,"turns":4},{"damage":0,"enemies":"3 Shapes","floor":47,"turns":1},{"damage":0,"enemies":"Awakened One","floor":50,"turns":14}],"seed_played":"-7230046905797731143","potions_obtained":[{"floor":1.0,"key":"Poison Potion"},{"floor":8.0,"key":"GamblersBrew"},{"floor":13.0,"key":"GamblersBrew"},{"floor":16.0,"key":"PowerPotion"},{"floor":22.0,"key":"Strength Potion"},{"floor":25.0,"key":"EssenceOfSteel"},{"floor":27.0,"key":"GamblersBrew"},{"floor":28.0,"key":"Strength Potion"}],"is_trial":false,"path_per_floor":["M","?","?","?","$","E","R","M","T","M","E","?","M","E","R","B",null,"M","M","?","$","M","R","M","E","T","E","M","R","E","M","R","B",null,"M","?","?","?","$","E","R","E","T","R","?","?","M","T","R","B",null],"character_chosen":"THE_SILENT","items_purchased":["Well Laid Plans","ClockworkSouvenir","Regen Potion","Noxious Fumes","TwistedFunnel","Art of War"],"campfire_rested":1,"item_purchase_floors":[5,5,5,21,39,39],"current_hp_per_floor":[49,46,39,25,25,14,35,35,35,35,31,31,38,40,40,43,63,63,44,44,44,59,59,59,40,40,41,41,41,35,45,45,55,71,52,50,70,62,62,57,57,66,66,66,66,93,95,95,95,97],"gold":267,"neow_bonus":"TWO_FIFTY_GOLD","is_prod":false,"is_daily":false,"chose_seed":false,"campfire_upgraded":7,"win_rate":1,"timestamp":1566564106,"path_taken":["M","?","?","?","$","E","R","M","T","M","E","?","?","E","R","BOSS","M","?","?","?","M","R","M","E","T","E","M","R","E","M","R","BOSS","M","?","?","?","$","E","R","E","T","R","?","?","M","?","R","BOSS"],"build_version":"2019-07-17","purchased_purges":2,"victory":true,"max_hp_per_floor":[70,70,70,70,70,70,70,70,70,70,70,70,70,70,70,70,70,70,70,70,70,70,70,70,72,72,74,74,74,76,76,76,76,76,78,80,80,82,82,84,84,93,93,93,93,95,97,97,97,97],"card_choices":[{"not_picked":["Concentrate","PiercingWail"],"picked":"Poisoned Stab","floor":1.0},{"not_picked":["Backflip","Caltrops"],"picked":"PiercingWail","floor":6.0},{"not_picked":["Outmaneuver","Poisoned Stab"],"picked":"Bane","floor":8.0},{"not_picked":["Night Terror","Accuracy"],"picked":"Backflip","floor":10.0},{"not_picked":["Dagger Throw","Deflect"],"picked":"Tools of the Trade","floor":11.0},{"not_picked":["Bane","Dash"],"picked":"Poisoned Stab","floor":13.0},{"not_picked":["Endless Agony","Backflip"],"picked":"Bouncing Flask","floor":14.0},{"not_picked":["Night Terror","After Image"],"picked":"Die Die Die","floor":16.0},{"not_picked":[],"picked":"Dagger Throw+1","floor":18.0},{"not_picked":["Quick Slash"],"picked":"SKIP","floor":19.0},{"not_picked":[],"picked":"Sucker Punch+1","floor":22.0},{"not_picked":["All Out Attack"],"picked":"SKIP","floor":24.0},{"not_picked":["Tools of the Trade"],"picked":"Singing Bowl","floor":25.0},{"not_picked":["Accuracy"],"picked":"Singing Bowl","floor":27.0},{"not_picked":[],"picked":"Leg Sweep","floor":28.0},{"not_picked":["Dash"],"picked":"Singing Bowl","floor":30.0},{"not_picked":[],"picked":"Backstab+1","floor":31.0},{"not_picked":[],"picked":"Glass Knife","floor":33.0},{"not_picked":["Deadly Poison"],"picked":"Singing Bowl","floor":35.0},{"not_picked":["Slice"],"picked":"Singing Bowl","floor":36.0},{"not_picked":["Jack Of All Trades"],"picked":"Singing Bowl","floor":38},{"not_picked":[],"picked":"Apotheosis","floor":38},{"not_picked":[],"picked":"Master of Strategy","floor":38},{"not_picked":["Concentrate"],"picked":"Singing Bowl","floor":40},{"not_picked":["Noxious Fumes"],"picked":"Singing Bowl","floor":42},{"not_picked":["Underhanded Strike+1"],"picked":"Singing Bowl","floor":46},{"not_picked":["Tactician+1"],"picked":"Singing Bowl","floor":47}],"player_experience":64358,"relics_obtained":[{"floor":6.0,"key":"Bottled Tornado"},{"floor":9.0,"key":"Pantograph"},{"floor":11.0,"key":"Meat on the Bone"},{"floor":14.0,"key":"Incense Burner"},{"floor":25.0,"key":"Singing Bowl"},{"floor":26.0,"key":"Paper Crane"},{"floor":27.0,"key":"Potion Belt"},{"floor":30.0,"key":"Mummified Hand"},{"floor":36.0,"key":"Gambling Chip"},{"floor":40,"key":"Thread and Needle"},{"floor":42,"key":"Strawberry"},{"floor":43,"key":"Kunai"},{"floor":46,"key":"Pocketwatch"},{"floor":48,"key":"Darkstone Periapt"}],"event_choices":[{"damage_healed":0.0,"max_hp_gain":0.0,"max_hp_loss":0.0,"gold_gain":0.0,"event_name":"Scrap Ooze","player_choice":"Success","floor":2.0,"gold_loss":0.0,"damage_taken":3.0,"relics_obtained":["Orichalcum"]},{"cards_removed":["Doubt"],"damage_healed":0.0,"max_hp_gain":0.0,"max_hp_loss":0.0,"gold_gain":0.0,"event_name":"Golden Wing","player_choice":"Card Removal","floor":3.0,"gold_loss":0.0,"damage_taken":7.0},{"damage_healed":0.0,"max_hp_gain":0.0,"max_hp_loss":0.0,"gold_gain":0.0,"event_name":"Shining Light","player_choice":"Entered Light","floor":4.0,"gold_loss":0.0,"damage_taken":14.0,"cards_upgraded":["Strike_G","Defend_G"]},{"damage_healed":0.0,"max_hp_gain":0.0,"max_hp_loss":0.0,"gold_gain":0.0,"event_name":"Upgrade Shrine","player_choice":"Upgraded","floor":12.0,"gold_loss":0.0,"damage_taken":0.0,"cards_upgraded":["Bane"]},{"damage_healed":0.0,"max_hp_gain":0.0,"max_hp_loss":0.0,"gold_gain":0.0,"cards_transformed":["Strike_G","Strike_G"],"event_name":"Drug Dealer","player_choice":"Became Test Subject","floor":20.0,"gold_loss":0.0,"damage_taken":0.0,"cards_obtained":["Leg Sweep","Eviscerate"]},{"damage_healed":0.0,"max_hp_gain":0.0,"max_hp_loss":0.0,"gold_gain":0.0,"event_name":"Mysterious Sphere","player_choice":"Fight","floor":36.0,"gold_loss":0.0,"damage_taken":0.0},{"damage_healed":20.0,"max_hp_gain":0.0,"max_hp_loss":0.0,"gold_gain":0.0,"event_name":"Winding Halls","player_choice":"Writhe","floor":37.0,"gold_loss":0.0,"damage_taken":0.0,"cards_obtained":["Writhe"]},{"damage_healed":0,"gold_gain":0,"player_choice":"Memory 3","damage_taken":10,"max_hp_gain":0,"max_hp_loss":0,"event_name":"SensoryStone","floor":38,"gold_loss":0},{"cards_removed":["Tools of the Trade"],"damage_healed":0,"gold_gain":0,"player_choice":"Removed Power","damage_taken":0,"max_hp_gain":0,"max_hp_loss":0,"event_name":"Falling","floor":45,"gold_loss":0},{"damage_healed":0,"gold_gain":0,"player_choice":"Fight","damage_taken":0,"max_hp_gain":0,"max_hp_loss":0,"event_name":"MindBloom","floor":46,"gold_loss":0}],"is_beta":false,"boss_relics":[{"not_picked":["Ring of the Serpent","Lizard Tail"],"picked":"Busted Crown"},{"not_picked":["Runic Dome","Snecko Eye"],"picked":"Sozu"}],"items_purged_floors":[21,39],"is_endless":false,"potions_floor_spawned":[1,8,13,16,22,25,27,28,42,47],"ascension_level":12}