{"gold_per_floor":[117,192,208,208,228,254,254,283,310,310,329,339,354,354,354,459,459,442,340,340,139,157,183,195,165,216,234,263,276,291,304,304,304],"floor_reached":33,"playtime":3880,"items_purged":["Defend_R","Defend_R"],"score":326,"play_id":"a3d931cb-334c-42f1-9386-ea3aa86c0adf","local_time":"20190818225631","is_ascension_mode":false,"campfire_choices":[{"floor":7,"key":"REST"},{"data":"Armaments","floor":15,"key":"SMITH"},{"floor":32,"key":"REST"}],"neow_cost":"NONE","seed_source_timestamp":412327180690700,"circlet_count":0,"master_deck":["Strike_R","Strike_R","Strike_R","Strike_R","Strike_R","Defend_R","Bash","Finesse","Shrug It Off","Perfected Strike","Shrug It Off","Armaments+1","Offering","Seeing Red","Feed","Clothesline","RitualDagger","Ghostly Armor","Armaments","Metallicize+1","Limit Break"],"relics":["Burning Blood","Bag of Marbles","Centennial Puzzle","Bronze Scales","Lizard Tail","Darkstone Periapt","Pen Nib","Dream Catcher"],"potions_floor_usage":[8,8,16,23,23,27,27,27,30,33,33],"damage_taken":[{"damage":6,"enemies":"Jaw Worm","floor":1,"turns":4},{"damage":5,"enemies":"Small Slimes","floor":3,"turns":4},{"damage":0,"enemies":"Cultist","floor":5,"turns":3},{"damage":28,"enemies":"Gremlin Nob","floor":6,"turns":5},{"damage":9,"enemies":"3 Sentries","floor":8,"turns":11},{"damage":3,"enemies":"2 Fungi Beasts","floor":11,"turns":4},{"damage":4,"enemies":"Blue Slaver","floor":12,"turns":2},{"damage":11,"enemies":"3 Louse","floor":13,"turns":2},{"damage":23,"enemies":"Hexaghost","floor":16,"turns":12},{"damage":13,"enemies":"2 Thieves","floor":18,"turns":4},{"damage":6,"enemies":"Chosen","floor":22,"turns":3},{"damage":10,"enemies":"Book of Stabbing","floor":23,"turns":6},{"damage":17,"enemies":"Shelled Parasite and Fungi","floor":24,"turns":8},{"damage":27,"enemies":"Centurion and Healer","floor":27,"turns":4},{"damage":19,"enemies":"Slavers","floor":28,"turns":4},{"damage":9,"enemies":"Cultist and Chosen","floor":29,"turns":4},{"damage":7,"enemies":"Snecko","floor":30,"turns":3},{"damage":21,"enemies":"Sentry and Sphere","floor":31,"turns":9},{"damage":173,"enemies":"Automaton","floor":33,"turns":18}],"seed_played":"1011790892801025002","potions_obtained":[{"floor":1,"key":"EssenceOfSteel"},{"floor":6,"key":"SkillPotion"},{"floor":8,"key":"BloodPotion"},{"floor":12,"key":"Weak Potion"},{"floor":25,"key":"Explosive Potion"},{"floor":25,"key":"AttackPotion"},{"floor":27,"key":"SpeedPotion"},{"floor":28,"key":"Energy Potion"},{"floor":30,"key":"GamblersBrew"}],"is_trial":false,"path_per_floor":["M","?","M","?","M","E","R","E","T","T","M","M","M","?","R","B",null,"M","$","?","$","M","E","M","?","T","M","E","M","M","M","R","B"],"character_chosen":"IRONCLAD","items_purchased":["Clothesline","Block Potion","Weak Potion"],"campfire_rested":2,"item_purchase_floors":[19,21,21],"current_hp_per_floor":[80,69,70,75,81,59,84,81,81,81,84,85,80,73,73,56,85,81,81,75,75,75,71,64,64,64,66,56,53,52,40,69,0],"gold":304,"neow_bonus":"RANDOM_COLORLESS","is_prod":false,"is_daily":false,"chose_seed":false,"campfire_upgraded":1,"win_rate":0,"timestamp":1566179791,"path_taken":["M","?","M","?","M","E","R","E","T","?","M","M","M","?","R","BOSS","M","$","?","$","M","E","M","?","T","M","E","M","M","?","R","BOSS"],"build_version":"2019-07-17","purchased_purges":2,"victory":false,"max_hp_per_floor":[80,80,80,85,85,85,85,85,85,85,85,85,85,85,85,85,85,88,88,88,88,88,88,92,92,92,92,95,95,95,98,98,98],"card_choices":[{"not_picked":["Anger","Cleave"],"picked":"Shrug It Off","floor":1},{"not_picked":["Sentinel","Clothesline"],"picked":"Perfected Strike","floor":3},{"not_picked":["Clothesline","Hemokinesis"],"picked":"Shrug It Off","floor":5},{"not_picked":["Clash","Thunderclap","Burning Pact"],"picked":"SKIP","floor":6},{"not_picked":["Iron Wave","Headbutt","Shrug It Off"],"picked":"SKIP","floor":8},{"not_picked":["Sword Boomerang","Searing Blow"],"picked":"Armaments","floor":11},{"not_picked":["Twin Strike","Inflame"],"picked":"Offering","floor":12},{"not_picked":["Clash","Disarm"],"picked":"Seeing Red","floor":13},{"not_picked":["Double Tap","Brutality"],"picked":"Feed","floor":16},{"not_picked":["Thunderclap","Clash","Wild Strike"],"picked":"SKIP","floor":18},{"not_picked":["Sever Soul","Iron Wave","Body Slam"],"picked":"SKIP","floor":22},{"not_picked":["Clash","Warcry"],"picked":"Ghostly Armor","floor":23},{"not_picked":["Infernal Blade","Body Slam"],"picked":"Armaments","floor":24},{"not_picked":["Heavy Blade","Pommel Strike+1","Twin Strike+1"],"picked":"SKIP","floor":27},{"not_picked":["Rampage+1","Combust"],"picked":"Metallicize+1","floor":28},{"not_picked":["Sentinel","Perfected Strike"],"picked":"Limit Break","floor":29},{"not_picked":["Clash","Twin Strike","Iron Wave"],"picked":"SKIP","floor":30},{"not_picked":["Rage+1","Pommel Strike","Armaments+1"],"picked":"SKIP","floor":31}],"player_experience":132523,"relics_obtained":[{"floor":6,"key":"Bag of Marbles"},{"floor":8,"key":"Centennial Puzzle"},{"floor":9,"key":"Bronze Scales"},{"floor":23,"key":"Darkstone Periapt"},{"floor":26,"key":"Pen Nib"},{"floor":28,"key":"Dream Catcher"}],"event_choices":[{"damage_healed":0,"gold_gain":75,"player_choice":"Gather Gold","damage_taken":11,"max_hp_gain":0,"max_hp_loss":0,"event_name":"World of Goop","floor":2,"gold_loss":0},{"damage_healed":0,"gold_gain":0,"player_choice":"Donut","damage_taken":0,"max_hp_gain":5,"max_hp_loss":0,"event_name":"Big Fish","floor":4,"gold_loss":0},{"cards_removed":["Defend_R"],"damage_healed":0,"gold_gain":0,"player_choice":"Card Removal","damage_taken":7,"max_hp_gain":0,"max_hp_loss":0,"event_name":"Golden Wing","floor":14,"gold_loss":0},{"damage_healed":0,"gold_gain":0,"player_choice":"Joined the Cult","damage_taken":6,"max_hp_gain":0,"max_hp_loss":0,"event_name":"Nest","floor":20,"gold_loss":0,"cards_obtained":["RitualDagger"]},{"damage_healed":0,"gold_gain":0,"player_choice":"Bought 2 Potions","damage_taken":0,"max_hp_gain":0,"max_hp_loss":0,"event_name":"The Woman in Blue","floor":25,"gold_loss":0}],"is_beta":false,"boss_relics":[{"not_picked":["Runic Dome","Cursed Key"],"picked":"Lizard Tail"}],"items_purged_floors":[19,21],"is_endless":false,"potions_floor_spawned":[1,6,8,12,27,28,30],"killed_by":"Automaton","ascension_level":0}