{"gold_per_floor":[119,136,9,28,48,75,75,75,125,125,125,137,147,158,158,263,263,283,28,42,54,70,70,103,103,103,28,28],"floor_reached":28,"playtime":3839,"items_purged":["Strike_G","Strike_G"],"score":242,"play_id":"53f8780e-3b6b-4a6c-8a98-9a4a089e0cd7","local_time":"20190818135239","is_ascension_mode":false,"campfire_choices":[{"floor":8,"key":"REST"},{"data":"After Image","floor":10,"key":"SMITH"},{"data":"Blur","floor":15,"key":"SMITH"},{"floor":23,"key":"REST"},{"floor":25,"key":"REST"}],"neow_cost":"NONE","seed_source_timestamp":379739760299300,"circlet_count":0,"master_deck":["Strike_G","Strike_G","Defend_G","Defend_G","Defend_G","Defend_G","Defend_G","Survivor","Neutralize","Blur+1","Flechettes","After Image+1","Panacea","Well Laid Plans","Night Terror","Outmaneuver+1","Blade Dance","Blur"],"relics":["Ring of the Snake","NeowsBlessing","Ninja Scroll","Orichalcum","Bag of Marbles","Lantern","Omamori","Ancient Tea Set"],"potions_floor_usage":[6,6,16,21,24,24,24],"damage_taken":[{"damage":0,"enemies":"Jaw Worm","floor":1,"turns":1},{"damage":0,"enemies":"Cultist","floor":2,"turns":1},{"damage":0,"enemies":"Small Slimes","floor":4,"turns":1},{"damage":5,"enemies":"3 Louse","floor":5,"turns":4},{"damage":13,"enemies":"3 Sentries","floor":6,"turns":13},{"damage":0,"enemies":"2 Fungi Beasts","floor":12,"turns":4},{"damage":0,"enemies":"Exordium Thugs","floor":13,"turns":6},{"damage":0,"enemies":"Blue Slaver","floor":14,"turns":3},{"damage":4,"enemies":"The Guardian","floor":16,"turns":23},{"damage":11,"enemies":"Chosen","floor":18,"turns":5},{"damage":14,"enemies":"Spheric Guardian","floor":20,"turns":19},{"damage":19,"enemies":"Snake Plant","floor":21,"turns":16},{"damage":4,"enemies":"Shelled Parasite and Fungi","floor":22,"turns":20},{"damage":28,"enemies":"Slavers","floor":24,"turns":10},{"damage":37,"enemies":"3 Cultists","floor":28,"turns":5}],"seed_played":"-4968069148656916199","potions_obtained":[{"floor":4,"key":"LiquidBronze"},{"floor":6,"key":"SkillPotion"},{"floor":12,"key":"EssenceOfSteel"},{"floor":13,"key":"SteroidPotion"},{"floor":16,"key":"Explosive Potion"},{"floor":21,"key":"Energy Potion"}],"is_trial":false,"path_per_floor":["M","M","$","M","M","E","?","R","T","R","?","M","M","M","R","B",null,"M","$","M","M","M","R","E","R","T","?","M"],"character_chosen":"THE_SILENT","items_purchased":["Dexterity Potion","Lantern"],"campfire_rested":3,"item_purchase_floors":[3,19],"current_hp_per_floor":[70,70,70,70,65,52,40,61,61,61,61,61,61,61,61,57,70,59,59,45,26,22,43,15,36,36,36,0],"gold":28,"neow_bonus":"THREE_ENEMY_KILL","is_prod":false,"is_daily":false,"chose_seed":false,"campfire_upgraded":2,"win_rate":0.0,"timestamp":1566147159,"path_taken":["M","M","$","M","M","E","?","R","T","R","?","?","M","M","R","BOSS","M","$","M","M","M","R","E","R","T","?","M"],"build_version":"2019-07-17","purchased_purges":2,"victory":false,"max_hp_per_floor":[70,70,70,70,70,70,70,70,70,70,70,70,70,70,70,70,70,70,70,70,70,70,70,70,70,70,70,70],"card_choices":[{"not_picked":["Dagger Throw","Blade Dance"],"picked":"Blur","floor":1},{"not_picked":["Bane","Dagger Throw"],"picked":"Flechettes","floor":2},{"not_picked":["Dagger Spray","Blade Dance","Calculated Gamble"],"picked":"SKIP","floor":4},{"not_picked":["Blade Dance","Dagger Throw","Underhanded Strike"],"picked":"SKIP","floor":5},{"not_picked":["Dodge and Roll","Deflect"],"picked":"After Image","floor":6},{"not_picked":["Flying Knee","Poisoned Stab","Deadly Poison"],"picked":"SKIP","floor":12},{"not_picked":["Flying Knee","Poisoned Stab","Deadly Poison"],"picked":"SKIP","floor":12},{"not_picked":["Outmaneuver","Poisoned Stab","Catalyst"],"picked":"SKIP","floor":13},{"not_picked":["Bane","Flying Knee"],"picked":"Well Laid Plans","floor":14},{"not_picked":["Glass Knife","Tools of the Trade"],"picked":"Night Terror","floor":16},{"not_picked":["Noxious Fumes","Bane","Finisher+1"],"picked":"SKIP","floor":18},{"not_picked":["Outmaneuver","Calculated Gamble","Flechettes"],"picked":"SKIP","floor":20},{"not_picked":["Poisoned Stab","Skewer"],"picked":"Outmaneuver+1","floor":21},{"not_picked":["Outmaneuver+1","Dagger Throw"],"picked":"Blade Dance","floor":22},{"not_picked":["Flechettes","Doppelganger"],"picked":"Blur","floor":24}],"player_experience":106550,"relics_obtained":[{"floor":6,"key":"Ninja Scroll"},{"floor":9,"key":"Bag of Marbles"},{"floor":24,"key":"Omamori"},{"floor":26,"key":"Ancient Tea Set"}],"event_choices":[{"damage_healed":0,"gold_gain":0,"player_choice":"Success","damage_taken":12,"relics_obtained":["Orichalcum"],"max_hp_gain":0,"max_hp_loss":0,"event_name":"Scrap Ooze","floor":7,"gold_loss":0},{"damage_healed":0,"gold_gain":0,"player_choice":"1 cards matched","damage_taken":0,"max_hp_gain":0,"max_hp_loss":0,"event_name":"Match and Keep!","floor":11,"gold_loss":0,"cards_obtained":["Panacea"]},{"cards_removed":["Strike_G"],"damage_healed":0,"gold_gain":0,"player_choice":"Gave Gold","damage_taken":0,"max_hp_gain":0,"max_hp_loss":0,"event_name":"Beggar","floor":27,"gold_loss":75}],"is_beta":false,"boss_relics":[{"not_picked":["Snecko Eye","Busted Crown","Cursed Key"]}],"items_purged_floors":[3,19],"is_endless":false,"potions_floor_spawned":[4,6,12,13,16,21],"killed_by":"3 Cultists","ascension_level":0}