{"gold_per_floor":[363,376,7,7,7,342,342,342,367,383,412,430,460,39,39,138,138,148,163,163,163,262,297,297,313,313,313,343,25,4,37,37,134,134,148,193,209,209,209,235,235,266,266,266,300,311,311,39,39,39],"floor_reached":51,"playtime":2860,"items_purged":["Doubt"],"score":1187,"play_id":"c4bb61b9-8dc4-492a-b85d-cd470aad0b82","local_time":"20190819190230","is_ascension_mode":true,"campfire_choices":[{"data":"Cloak And Dagger","floor":7.0,"key":"SMITH"},{"data":"Blade Dance","floor":15.0,"key":"SMITH"},{"data":"Burst","floor":24.0,"key":"SMITH"},{"data":"Dash","floor":27.0,"key":"SMITH"},{"floor":32.0,"key":"REST"},{"data":"Dash","floor":41,"key":"SMITH"},{"data":"Glass Knife","floor":44,"key":"SMITH"},{"data":"Leg Sweep","floor":47,"key":"SMITH"},{"floor":49,"key":"REST"}],"neow_cost":"CURSE","seed_source_timestamp":53860570782427,"circlet_count":0,"master_deck":["Strike_G","Strike_G","Strike_G","Strike_G","Strike_G+1","Defend_G+1","Defend_G","Defend_G","Defend_G","Defend_G","Survivor","Neutralize","Poisoned Stab","Cloak And Dagger+1","Blade Dance+1","Masterful Stab","Burst+1","Escape Plan","Sucker Punch","Adrenaline","Leg Sweep+1","Die Die Die","Cloak And Dagger","Blade Dance","Necronomicurse","Dodge and Roll+1","Dash+1","Blur+1","Blade Dance","Apotheosis+1","Slice","Dash+1","Glass Knife+1","Slice+1","Well Laid Plans+1","Poisoned Stab+1","Dark Shackles","Deadly Poison","Cloak And Dagger+1","Dodge and Roll+1","Accuracy+1","Deadly Poison+1","After Image+1","Infinite Blades+1","Accuracy+1"],"special_seed":0,"relics":["Ring of the Snake","Kunai","Old Coin","Regal Pillow","Mercury Hourglass","Gremlin Horn","Ancient Tea Set","Bottled Flame","WristBlade","Necronomicon","Meat on the Bone","Matryoshka","The Courier","PreservedInsect","Frozen Egg 2","Runic Dome","Prayer Wheel","Oddly Smooth Stone","Toxic Egg 2","Bag of Preparation","Singing Bowl","Ornamental Fan"],"potions_floor_usage":[50,50,50],"damage_taken":[{"damage":5.0,"enemies":"Cultist","floor":1.0,"turns":6.0},{"damage":0.0,"enemies":"2 Louse","floor":2.0,"turns":2.0},{"damage":8.0,"enemies":"3 Sentries","floor":6.0,"turns":10.0},{"damage":0.0,"enemies":"Jaw Worm","floor":10.0,"turns":2.0},{"damage":0.0,"enemies":"Lagavulin","floor":11.0,"turns":5.0},{"damage":0.0,"enemies":"Looter","floor":12.0,"turns":2.0},{"damage":18.0,"enemies":"Gremlin Nob","floor":13.0,"turns":4.0},{"damage":1.0,"enemies":"Hexaghost","floor":16.0,"turns":12.0},{"damage":0.0,"enemies":"Shell Parasite","floor":18.0,"turns":2.0},{"damage":0.0,"enemies":"3 Byrds","floor":19.0,"turns":3.0},{"damage":1.0,"enemies":"Book of Stabbing","floor":23.0,"turns":7.0},{"damage":11.0,"enemies":"Snake Plant","floor":25.0,"turns":5.0},{"damage":0.0,"enemies":"Gremlin Leader","floor":28.0,"turns":4.0},{"damage":0.0,"enemies":"Slavers","floor":31.0,"turns":3.0},{"damage":15.0,"enemies":"Champ","floor":33.0,"turns":11.0},{"damage":6.0,"enemies":"3 Shapes","floor":35.0,"turns":5.0},{"damage":3.0,"enemies":"2 Orb Walkers","floor":36.0,"turns":3.0},{"damage":0.0,"enemies":"Orb Walker","floor":37.0,"turns":3.0},{"damage":12.0,"enemies":"Nemesis","floor":40.0,"turns":4.0},{"damage":0,"enemies":"Reptomancer","floor":42,"turns":4},{"damage":9,"enemies":"Nemesis","floor":45,"turns":3},{"damage":0,"enemies":"Jaw Worm Horde","floor":46,"turns":3},{"damage":29,"enemies":"Time Eater","floor":50,"turns":8}],"seed_played":"7208048303903031112","potions_obtained":[{"floor":1.0,"key":"GhostInAJar"},{"floor":8.0,"key":"Strength Potion"},{"floor":8.0,"key":"EssenceOfSteel"},{"floor":11.0,"key":"Explosive Potion"},{"floor":12.0,"key":"Strength Potion"},{"floor":16.0,"key":"EssenceOfSteel"},{"floor":23.0,"key":"GamblersBrew"},{"floor":31.0,"key":"Poison Potion"},{"floor":33.0,"key":"Block Potion"},{"floor":40.0,"key":"Poison Potion"},{"floor":42,"key":"Poison Potion"},{"floor":46,"key":"SpeedPotion"}],"is_trial":false,"path_per_floor":["M","M","$","$","?","E","R","?","T","M","E","M","E","$","R","B",null,"M","M","?","?","?","E","R","M","T","R","E","$","$","E","R","B",null,"M","?","M","?","?","E","R","E","T","R","E","M","R","$","R","B",null],"character_chosen":"THE_SILENT","items_purchased":["Kunai","Blade Dance","Leg Sweep","Ancient Tea Set","Bottled Flame","PreservedInsect","Blade Dance","Apotheosis","Slice","After Image+1","Infinite Blades+1","Accuracy+1","Dexterity Potion"],"campfire_rested":2,"item_purchase_floors":[3,3,14,14,14,29,29,29,30,48,48,48,48],"current_hp_per_floor":[58,58,58,58,44,36,36,36,36,36,36,36,18,18,18,17,57,57,57,41,28,28,27,27,28,28,28,40,40,40,40,75,60,71,65,62,62,62,62,50,50,50,50,50,41,41,41,41,75,46],"gold":39,"neow_bonus":"TWO_FIFTY_GOLD","is_prod":false,"is_daily":false,"chose_seed":false,"campfire_upgraded":7,"win_rate":1,"timestamp":1566205350,"path_taken":["M","M","?","$","?","E","R","?","T","?","E","M","E","$","R","BOSS","M","M","?","?","?","E","R","M","T","R","E","?","$","E","R","BOSS","M","?","M","?","?","E","R","E","T","R","E","?","R","$","R","BOSS"],"build_version":"2019-07-17","purchased_purges":1,"victory":true,"max_hp_per_floor":[70,70,70,70,70,70,70,70,70,70,70,70,70,70,70,70,70,70,70,70,75,75,75,75,75,75,75,75,75,75,75,75,75,75,75,75,75,75,75,75,75,75,75,75,75,75,75,75,75,75],"card_choices":[{"not_picked":["Blade Dance","Flying Knee"],"picked":"Poisoned Stab","floor":1.0},{"not_picked":["Prepared","Poisoned Stab"],"picked":"Cloak And Dagger","floor":2.0},{"not_picked":["Acrobatics","Slice"],"picked":"Masterful Stab","floor":6.0},{"not_picked":["Dash","Eviscerate"],"picked":"Burst","floor":10.0},{"not_picked":["Setup","Caltrops"],"picked":"Escape Plan","floor":11.0},{"not_picked":["Quick Slash","Backflip"],"picked":"Sucker Punch","floor":12.0},{"not_picked":["Footwork","Calculated Gamble"],"picked":"Adrenaline","floor":13.0},{"not_picked":["Unload","Venomology"],"picked":"Die Die Die","floor":16.0},{"not_picked":["Well Laid Plans+1","Dagger Spray"],"picked":"Cloak And Dagger","floor":18.0},{"not_picked":["Underhanded Strike","Poisoned Stab"],"picked":"Blade Dance","floor":19.0},{"not_picked":["Catalyst","Backflip"],"picked":"Dodge and Roll+1","floor":23.0},{"not_picked":["Outmaneuver","Blade Dance"],"picked":"Dash","floor":25.0},{"not_picked":["Caltrops","Wraith Form v2"],"picked":"Blur+1","floor":28.0},{"not_picked":["Slice","Dagger Spray+1"],"picked":"Dash","floor":31.0},{"not_picked":["Storm of Steel","Night Terror"],"picked":"Glass Knife","floor":33.0},{"not_picked":["Riddle With Holes","Poisoned Stab"],"picked":"Slice+1","floor":35.0},{"not_picked":["Blur","Dagger Throw"],"picked":"Well Laid Plans+1","floor":36.0},{"not_picked":["Bullet Time","Heel Hook"],"picked":"Poisoned Stab+1","floor":37.0},{"not_picked":["Bane+1","Expertise","Dagger Throw+1"],"picked":"SKIP","floor":37.0},{"not_picked":["Dramatic Entrance","Impatience"],"picked":"Dark Shackles","floor":38.0},{"not_picked":["Flechettes","Eviscerate"],"picked":"Deadly Poison","floor":40.0},{"not_picked":["Reflex","Eviscerate+1"],"picked":"Cloak And Dagger","floor":42},{"not_picked":["Blur+1","All Out Attack"],"picked":"Dodge and Roll+1","floor":45},{"not_picked":["Well Laid Plans+1","Bane+1"],"picked":"Accuracy+1","floor":46},{"not_picked":["Choke+1","All Out Attack"],"picked":"Deadly Poison+1","floor":46}],"player_experience":31835,"relics_obtained":[{"floor":6.0,"key":"Old Coin"},{"floor":9.0,"key":"Regal Pillow"},{"floor":11.0,"key":"Mercury Hourglass"},{"floor":13.0,"key":"Gremlin Horn"},{"floor":20.0,"key":"Necronomicon"},{"floor":23.0,"key":"Meat on the Bone"},{"floor":26.0,"key":"Matryoshka"},{"floor":28.0,"key":"The Courier"},{"floor":31.0,"key":"Frozen Egg 2"},{"floor":36.0,"key":"Prayer Wheel"},{"floor":40.0,"key":"Oddly Smooth Stone"},{"floor":42,"key":"Toxic Egg 2"},{"floor":43,"key":"Bag of Preparation"},{"floor":43,"key":"Singing Bowl"},{"floor":45,"key":"Ornamental Fan"}],"event_choices":[{"damage_healed":0.0,"max_hp_gain":0.0,"max_hp_loss":0.0,"gold_gain":0.0,"event_name":"Shining Light","player_choice":"Entered Light","floor":5.0,"gold_loss":0.0,"damage_taken":14.0,"cards_upgraded":["Strike_G","Defend_G"]},{"damage_healed":0.0,"max_hp_gain":0.0,"max_hp_loss":0.0,"gold_gain":0.0,"event_name":"Lab","player_choice":"Got Potions","floor":8.0,"gold_loss":0.0,"damage_taken":0.0},{"damage_healed":0.0,"max_hp_gain":0.0,"max_hp_loss":0.0,"gold_gain":0.0,"event_name":"Cursed Tome","player_choice":"Obtained Book","floor":20.0,"gold_loss":0.0,"damage_taken":16.0},{"damage_healed":0.0,"max_hp_gain":5.0,"max_hp_loss":0.0,"gold_gain":0.0,"event_name":"Forgotten Altar","player_choice":"Shed Blood","floor":21.0,"gold_loss":0.0,"damage_taken":18.0},{"damage_healed":0.0,"max_hp_gain":0.0,"max_hp_loss":0.0,"gold_gain":99.0,"event_name":"Nest","player_choice":"Stole From Cult","floor":22.0,"gold_loss":0.0,"damage_taken":0.0},{"damage_healed":0.0,"max_hp_gain":0.0,"max_hp_loss":0.0,"gold_gain":0.0,"event_name":"Mysterious Sphere","player_choice":"Fight","floor":36.0,"gold_loss":0.0,"damage_taken":0.0},{"damage_healed":0.0,"max_hp_gain":0.0,"max_hp_loss":0.0,"gold_gain":0.0,"event_name":"SensoryStone","player_choice":"Memory 1","floor":38.0,"gold_loss":0.0,"damage_taken":0.0},{"damage_healed":0.0,"max_hp_gain":0.0,"max_hp_loss":0.0,"gold_gain":0.0,"event_name":"Upgrade Shrine","player_choice":"Upgraded","floor":39.0,"gold_loss":0.0,"damage_taken":0.0,"cards_upgraded":["Apotheosis"]}],"is_beta":false,"boss_relics":[{"not_picked":["Coffee Dripper","Ectoplasm"],"picked":"WristBlade"},{"not_picked":["Tiny House","Eternal Feather"],"picked":"Runic Dome"}],"items_purged_floors":[3],"is_endless":false,"potions_floor_spawned":[1,11,12,16,18,23,31,33,40,42,46],"ascension_level":6}