{"gold_per_floor":[118,137,35,52,62,88,108,140,167,167,195,208,218,228,228,329,329,340,32,32,42,42,42,61,95,95,95,95,95,20,31,31,128,128,146,158,233,41,53,53,385,41,41,57,57,90,109,123,123,123],"floor_reached":50,"playtime":3693,"items_purged":["Strike_R","Defend_R","Strike_R","Strike_R"],"score":678,"play_id":"11d0c93f-5fee-47a8-bcc0-caaaeccaf118","local_time":"20190826010022","is_ascension_mode":true,"campfire_choices":[{"data":"Offering","floor":15,"key":"SMITH"},{"data":"Corruption","floor":23,"key":"SMITH"},{"floor":29,"key":"REST"},{"data":"Anger","floor":32,"key":"SMITH"},{"floor":40,"key":"REST"},{"data":"Inflame","floor":45,"key":"SMITH"},{"floor":49,"key":"REST"}],"neow_cost":"NONE","seed_source_timestamp":1024736475908900,"circlet_count":0,"master_deck":["Bash","Anger+1","Clash","Clash","Shrug It Off","Offering+1","Sever Soul","Clash","Feed","Corruption+1","Clash","Burning Pact+1","Inflame+1","Flex+1","Parasite","Spot Weakness"],"relics":["Burning Blood","Pantograph","Incense Burner","Bag of Preparation","Oddly Smooth Stone","Runic Pyramid","Lantern","Blood Vial","Anchor","Mercury Hourglass","Empty Cage","Old Coin","TheAbacus","Du-Vu Doll"],"potions_floor_usage":[6,6,8,11,16,24,25,25,31,44,46,47,50],"damage_taken":[{"damage":4,"enemies":"Small Slimes","floor":1,"turns":4},{"damage":2,"enemies":"Jaw Worm","floor":2,"turns":3},{"damage":0,"enemies":"2 Louse","floor":4,"turns":2},{"damage":2,"enemies":"2 Fungi Beasts","floor":5,"turns":3},{"damage":8,"enemies":"Gremlin Nob","floor":6,"turns":3},{"damage":1,"enemies":"3 Louse","floor":7,"turns":2},{"damage":13,"enemies":"3 Sentries","floor":8,"turns":9},{"damage":24,"enemies":"Lagavulin","floor":11,"turns":5},{"damage":1,"enemies":"Exordium Thugs","floor":12,"turns":3},{"damage":9,"enemies":"Exordium Wildlife","floor":13,"turns":2},{"damage":0,"enemies":"3 Louse","floor":14,"turns":2},{"damage":27,"enemies":"Hexaghost","floor":16,"turns":5},{"damage":6,"enemies":"2 Thieves","floor":18,"turns":3},{"damage":6,"enemies":"Spheric Guardian","floor":21,"turns":2},{"damage":1,"enemies":"Shelled Parasite and Fungi","floor":24,"turns":2},{"damage":36,"enemies":"Slavers","floor":25,"turns":6},{"damage":6,"enemies":"Sentry and Sphere","floor":31,"turns":2},{"damage":67,"enemies":"Collector","floor":33,"turns":6},{"damage":7,"enemies":"Orb Walker","floor":35,"turns":2},{"damage":1,"enemies":"3 Darklings","floor":36,"turns":2},{"damage":44,"enemies":"Maw","floor":39,"turns":5},{"damage":6,"enemies":"Reptomancer","floor":41,"turns":2},{"damage":6,"enemies":"Writhing Mass","floor":44,"turns":2},{"damage":63,"enemies":"Nemesis","floor":46,"turns":5},{"damage":6,"enemies":"Spire Growth","floor":47,"turns":2},{"damage":1,"enemies":"Sphere and 2 Shapes","floor":48,"turns":2},{"damage":94,"enemies":"Time Eater","floor":50,"turns":5}],"seed_played":"2382466830155451130","potions_obtained":[{"floor":4,"key":"Energy Potion"},{"floor":5,"key":"Fire Potion"},{"floor":7,"key":"PowerPotion"},{"floor":8,"key":"SneckoOil"},{"floor":12,"key":"Swift Potion"},{"floor":18,"key":"Weak Potion"},{"floor":21,"key":"BloodPotion"},{"floor":25,"key":"SteroidPotion"},{"floor":39,"key":"Regen Potion"},{"floor":41,"key":"Explosive Potion"},{"floor":46,"key":"Block Potion"},{"floor":47,"key":"Dexterity Potion"}],"is_trial":false,"path_per_floor":["M","M","$","M","M","E","M","E","T","?","E","M","M","M","R","B",null,"M","$","?","M","?","R","M","E","T","?","?","R","?","M","R","B",null,"M","M","?","$","M","R","E","$","T","M","R","E","M","M","R","B"],"character_chosen":"IRONCLAD","items_purchased":["Clash","Lantern","Fire Potion","Inflame","TheAbacus"],"campfire_rested":3,"item_purchase_floors":[3,19,19,38,42],"current_hp_per_floor":[80,80,80,80,80,78,80,73,73,73,55,60,57,63,63,59,80,80,80,80,80,80,80,83,56,56,56,56,81,81,86,86,28,89,88,89,81,81,45,71,73,73,73,75,75,32,34,44,71,0],"gold":123,"neow_bonus":"REMOVE_CARD","is_prod":false,"is_daily":false,"chose_seed":false,"campfire_upgraded":4,"win_rate":0,"timestamp":1566792022,"path_taken":["M","M","$","M","M","E","M","E","T","?","E","M","M","M","R","BOSS","M","$","?","M","?","R","M","E","T","?","?","R","?","M","R","BOSS","M","M","?","$","M","R","E","?","T","M","R","E","?","M","R","BOSS"],"build_version":"2019-07-17","purchased_purges":4,"victory":false,"max_hp_per_floor":[80,80,80,80,80,80,80,80,80,80,80,80,80,80,80,80,80,80,80,80,80,80,80,83,86,86,86,86,86,86,89,89,89,89,89,89,89,89,89,89,89,89,89,89,89,89,89,92,92,92],"card_choices":[{"not_picked":["Armaments","Wild Strike"],"picked":"Anger","floor":1},{"not_picked":["Twin Strike","Fire Breathing"],"picked":"Clash","floor":2},{"not_picked":["Flex","Cleave","Sever Soul"],"picked":"SKIP","floor":4},{"not_picked":["Double Tap","Heavy Blade","Body Slam"],"picked":"SKIP","floor":5},{"not_picked":["Twin Strike","Flex"],"picked":"Shrug It Off","floor":6},{"not_picked":["Fire Breathing","Seeing Red","Warcry"],"picked":"SKIP","floor":7},{"not_picked":["Havoc","Rampage"],"picked":"Offering","floor":8},{"not_picked":["Disarm","Iron Wave","Rage"],"picked":"SKIP","floor":11},{"not_picked":["Sword Boomerang","Twin Strike","Body Slam"],"picked":"SKIP","floor":12},{"not_picked":["Perfected Strike","Dropkick"],"picked":"Sever Soul","floor":13},{"not_picked":["Headbutt","Flex"],"picked":"Clash","floor":14},{"not_picked":["Offering","Exhume"],"picked":"Feed","floor":16},{"not_picked":["Warcry","Combust+1"],"picked":"Corruption","floor":18},{"not_picked":["Whirlwind","Shrug It Off","Corruption+1"],"picked":"SKIP","floor":21},{"not_picked":["Thunderclap","Rage","Iron Wave"],"picked":"SKIP","floor":24},{"not_picked":["Cleave+1","Entrench+1","Rampage"],"picked":"SKIP","floor":25},{"not_picked":["Bloodletting","Disarm"],"picked":"Clash","floor":31},{"not_picked":["Warcry+1","Rupture"],"picked":"Burning Pact+1","floor":35},{"not_picked":["Carnage+1","Burning Pact","Rupture+1"],"picked":"SKIP","floor":36},{"not_picked":["Sword Boomerang+1","Cleave+1"],"picked":"Flex+1","floor":39},{"not_picked":["Shockwave","True Grit+1","Reckless Charge"],"picked":"SKIP","floor":41},{"not_picked":["Wild Strike+1","Flame Barrier+1","Blood for Blood+1"],"picked":"SKIP","floor":44},{"not_picked":["Corruption","True Grit+1","Disarm+1"],"picked":"SKIP","floor":46},{"not_picked":["Bloodletting+1","Sentinel"],"picked":"Spot Weakness","floor":47},{"not_picked":["Blood for Blood","Heavy Blade","Shrug It Off"],"picked":"SKIP","floor":48}],"player_experience":177826,"relics_obtained":[{"floor":6,"key":"Pantograph"},{"floor":8,"key":"Incense Burner"},{"floor":9,"key":"Bag of Preparation"},{"floor":11,"key":"Oddly Smooth Stone"},{"floor":25,"key":"Blood Vial"},{"floor":26,"key":"Anchor"},{"floor":41,"key":"Old Coin"},{"floor":46,"key":"Du-Vu Doll"}],"event_choices":[{"cards_removed":["Defend_R"],"damage_healed":0,"gold_gain":0,"player_choice":"Forget","damage_taken":0,"max_hp_gain":0,"max_hp_loss":0,"event_name":"Living Wall","floor":10,"gold_loss":0},{"damage_healed":0,"gold_gain":0,"player_choice":"Ignored","damage_taken":0,"max_hp_gain":0,"max_hp_loss":0,"event_name":"Vampires","floor":22,"gold_loss":0},{"damage_healed":0,"gold_gain":0,"player_choice":"Opened","damage_taken":0,"relics_obtained":["Mercury Hourglass"],"max_hp_gain":0,"max_hp_loss":0,"event_name":"The Mausoleum","floor":27,"gold_loss":0},{"damage_healed":0,"gold_gain":0,"player_choice":"Ignored","damage_taken":0,"max_hp_gain":0,"max_hp_loss":0,"event_name":"Ghosts","floor":28,"gold_loss":0},{"cards_removed":["Defend_R"],"damage_healed":0,"gold_gain":0,"player_choice":"Gave Gold","damage_taken":0,"max_hp_gain":0,"max_hp_loss":0,"event_name":"Beggar","floor":30,"gold_loss":75},{"damage_healed":0,"gold_gain":75,"player_choice":"Touch","damage_taken":8,"max_hp_gain":0,"max_hp_loss":0,"event_name":"FaceTrader","floor":37,"gold_loss":0}],"is_beta":false,"boss_relics":[{"not_picked":["Runic Dome","Tiny House"],"picked":"Runic Pyramid"},{"not_picked":["Coffee Dripper","Fusion Hammer"],"picked":"Empty Cage"}],"items_purged_floors":[3,19,38,42],"is_endless":false,"potions_floor_spawned":[4,5,7,8,12,18,21,25,39,41,46,47],"killed_by":"Time Eater","ascension_level":2}