{"gold_per_floor":[14,14,38,113,134,134,174,174,201,43,66,104,120,120,120,215,215,231,255,255,271,284,284,327,327,327,327,365,365,365,385,385,479,479,492,617,632,44,69,69,69,102,102,102,102,141,141,3,3,3],"floor_reached":51,"playtime":3418,"items_purged":["Strike_G","Strike_G"],"score":1220,"play_id":"79f0098a-79f7-409c-bf4d-cb7a3bc31af3","local_time":"20190825110745","is_ascension_mode":true,"campfire_choices":[{"data":"Sucker Punch","floor":6.0,"key":"SMITH"},{"data":"Predator","floor":8.0,"key":"SMITH"},{"data":"Bouncing Flask","floor":15.0,"key":"SMITH"},{"floor":23.0,"key":"REST"},{"floor":25.0,"key":"REST"},{"floor":27.0,"key":"REST"},{"floor":29.0,"key":"REST"},{"floor":32.0,"key":"REST"},{"floor":40.0,"key":"REST"},{"floor":41.0,"key":"REST"},{"floor":44.0,"key":"REST"},{"floor":47.0,"key":"REST"},{"floor":49.0,"key":"REST"}],"neow_cost":"NO_GOLD","seed_source_timestamp":0,"circlet_count":0,"master_deck":["AscendersBane","Strike_G","Strike_G","Defend_G","Defend_G","Defend_G+1","Defend_G","Survivor+1","Neutralize","Dagger Throw","Sucker Punch+1","Predator+1","Bouncing Flask+1","Bane","Skewer+1","Bane","Dagger Spray","Adrenaline","Backstab","Dodge and Roll","Cloak And Dagger","Backstab","Backflip","After Image","Blade Dance+1","Deadly Poison","Dagger Spray","Deadly Poison","PiercingWail","Poisoned Stab"],"special_seed":0,"relics":["Ring of the Snake","Calipers","Golden Idol","War Paint","MawBank","Boot","Fusion Hammer","Nloth\u0027s Gift","Ancient Tea Set","Mercury Hourglass","Nunchaku","Black Star","WingedGreaves","Ornamental Fan","Bronze Scales","Gremlin Horn","Mummified Hand","Pantograph","The Courier","Lantern"],"potions_floor_usage":[50,50],"damage_taken":[{"damage":5.0,"enemies":"Cultist","floor":1.0,"turns":6.0},{"damage":0.0,"enemies":"Jaw Worm","floor":5.0,"turns":3.0},{"damage":16.0,"enemies":"Lagavulin","floor":7.0,"turns":12.0},{"damage":0.0,"enemies":"Small Slimes","floor":11.0,"turns":3.0},{"damage":0.0,"enemies":"Gremlin Nob","floor":12.0,"turns":3.0},{"damage":13.0,"enemies":"Exordium Thugs","floor":13.0,"turns":5.0},{"damage":16.0,"enemies":"Slime Boss","floor":16.0,"turns":12.0},{"damage":19.0,"enemies":"Shell Parasite","floor":18.0,"turns":5.0},{"damage":9.0,"enemies":"2 Thieves","floor":19.0,"turns":3.0},{"damage":11.0,"enemies":"Centurion and Healer","floor":21.0,"turns":6.0},{"damage":0.0,"enemies":"Sentry and Sphere","floor":22.0,"turns":3.0},{"damage":5.0,"enemies":"Slavers","floor":24.0,"turns":4.0},{"damage":16.0,"enemies":"Gremlin Leader","floor":28.0,"turns":4.0},{"damage":18.0,"enemies":"Snecko","floor":31.0,"turns":4.0},{"damage":60.0,"enemies":"Automaton","floor":33.0,"turns":10.0},{"damage":19.0,"enemies":"3 Darklings","floor":35.0,"turns":13.0},{"damage":6.0,"enemies":"Mind Bloom Boss Battle","floor":36.0,"turns":7.0},{"damage":0.0,"enemies":"3 Shapes","floor":37.0,"turns":4.0},{"damage":21.0,"enemies":"Jaw Worm Horde","floor":39.0,"turns":3.0},{"damage":34.0,"enemies":"Giant Head","floor":42.0,"turns":9.0},{"damage":19.0,"enemies":"Nemesis","floor":46.0,"turns":5.0},{"damage":64,"enemies":"Awakened One","floor":50,"turns":16}],"seed_played":"-8620306534811784669","potions_obtained":[{"floor":5.0,"key":"Fire Potion"},{"floor":11.0,"key":"FearPotion"},{"floor":13.0,"key":"GamblersBrew"},{"floor":19.0,"key":"PowerPotion"},{"floor":21.0,"key":"Poison Potion"},{"floor":28.0,"key":"Explosive Potion"},{"floor":31.0,"key":"AttackPotion"},{"floor":42.0,"key":"LiquidBronze"}],"is_trial":false,"path_per_floor":["M","?","T","?","M","R","E","R","T","$","M","E","M","?","R","B",null,"M","M","?","M","M","R","E","R","T","R","E","R","?","M","R","B",null,"M","?","M","$","M","R","R","E","T","R","?","E","R","$","R","B",null],"character_chosen":"THE_SILENT","items_purchased":["Bouncing Flask","Bane","Dexterity Potion","Ornamental Fan","Bronze Scales","EntropicBrew","Dagger Spray","EssenceOfSteel"],"campfire_rested":10,"item_purchase_floors":[10,10,10,38,38,38,38,48],"current_hp_per_floor":[58,58,58,47,47,47,31,31,31,31,31,31,18,18,18,2,49,30,21,21,10,10,29,24,43,43,62,46,65,65,47,65,5,50,31,25,25,25,4,23,42,8,8,27,27,8,27,27,46,1],"gold":3,"neow_bonus":"ONE_RARE_RELIC","is_prod":false,"is_daily":false,"chose_seed":false,"campfire_upgraded":3,"win_rate":1,"timestamp":1566695265,"path_taken":["M","?","?","?","M","R","E","R","T","$","M","E","?","?","R","BOSS","M","?","?","M","?","R","E","R","T","R","E","R","?","?","R","BOSS","M","?","M","$","M","R","R","E","T","R","?","E","R","$","R","BOSS"],"build_version":"2019-07-17","purchased_purges":2,"victory":true,"max_hp_per_floor":[70,65,65,65,65,65,65,65,65,65,65,65,65,65,65,65,65,65,65,65,65,65,65,65,65,65,65,65,65,65,65,65,65,65,65,65,65,65,65,65,65,65,65,65,65,65,65,65,65,65],"card_choices":[{"not_picked":["PiercingWail","Quick Slash"],"picked":"Dagger Throw","floor":1.0},{"not_picked":["Prepared","Tactician"],"picked":"Sucker Punch","floor":5.0},{"not_picked":["Dagger Throw","Poisoned Stab"],"picked":"Predator","floor":7.0},{"not_picked":["Predator","Distraction"],"picked":"Skewer","floor":11.0},{"not_picked":["Deflect","Night Terror"],"picked":"Bane","floor":12.0},{"not_picked":["Flying Knee","Quick Slash"],"picked":"Dagger Spray","floor":13.0},{"not_picked":["Unload","Malaise"],"picked":"Adrenaline","floor":16.0},{"not_picked":["Concentrate","Infinite Blades","Outmaneuver"],"picked":"SKIP","floor":18.0},{"not_picked":["Bane+1","Deadly Poison"],"picked":"Backstab","floor":19.0},{"not_picked":["Deflect","All Out Attack"],"picked":"Dodge and Roll","floor":21.0},{"not_picked":["Deflect","Endless Agony+1","Setup"],"picked":"SKIP","floor":22.0},{"not_picked":["Slice","Acrobatics"],"picked":"Cloak And Dagger","floor":24.0},{"not_picked":["Phantasmal Killer","Concentrate"],"picked":"Backstab","floor":28.0},{"not_picked":["Glass Knife","Deflect"],"picked":"Backflip","floor":31.0},{"not_picked":["Phantasmal Killer","Grand Finale"],"picked":"After Image","floor":33.0},{"not_picked":["Acrobatics","Flying Knee+1"],"picked":"Blade Dance+1","floor":35.0},{"not_picked":["Underhanded Strike","Masterful Stab+1"],"picked":"Deadly Poison","floor":36.0},{"not_picked":["Outmaneuver","Glass Knife","Flying Knee"],"picked":"SKIP","floor":37.0},{"not_picked":["Deflect","Flying Knee"],"picked":"Deadly Poison","floor":39.0},{"not_picked":["Phantasmal Killer","Deflect"],"picked":"PiercingWail","floor":42.0},{"not_picked":["Quick Slash","Skewer"],"picked":"Poisoned Stab","floor":46.0}],"player_experience":70509,"relics_obtained":[{"floor":3.0,"key":"War Paint"},{"floor":7.0,"key":"Art of War"},{"floor":9.0,"key":"MawBank"},{"floor":12.0,"key":"Boot"},{"floor":24.0,"key":"Ancient Tea Set"},{"floor":26.0,"key":"Mercury Hourglass"},{"floor":28.0,"key":"Nunchaku"},{"floor":36.0,"key":"WingedGreaves"},{"floor":42.0,"key":"Gremlin Horn"},{"floor":42.0,"key":"Mummified Hand"},{"floor":43.0,"key":"Pantograph"},{"floor":46.0,"key":"The Courier"},{"floor":46.0,"key":"Lantern"}],"event_choices":[{"damage_healed":0.0,"max_hp_gain":0.0,"max_hp_loss":5.0,"gold_gain":0.0,"event_name":"Golden Idol","player_choice":"Lose Max HP","floor":2.0,"gold_loss":0.0,"damage_taken":0.0,"relics_obtained":["Golden Idol"]},{"damage_healed":0.0,"max_hp_gain":0.0,"max_hp_loss":0.0,"gold_gain":75.0,"event_name":"World of Goop","player_choice":"Gather Gold","floor":4.0,"gold_loss":0.0,"damage_taken":11.0},{"damage_healed":0.0,"max_hp_gain":0.0,"max_hp_loss":0.0,"gold_gain":0.0,"event_name":"Accursed Blacksmith","player_choice":"Forge","floor":14.0,"gold_loss":0.0,"damage_taken":0.0,"cards_upgraded":["Skewer"]},{"damage_healed":0.0,"max_hp_gain":0.0,"max_hp_loss":0.0,"gold_gain":0.0,"event_name":"N\u0027loth","player_choice":"Traded Relic","floor":20.0,"relics_lost":["Art of War"],"gold_loss":0.0,"damage_taken":0.0,"relics_obtained":["Nloth\u0027s Gift"]},{"cards_removed":["Strike_G"],"damage_healed":0.0,"max_hp_gain":0.0,"max_hp_loss":0.0,"gold_gain":0.0,"event_name":"Purifier","player_choice":"Purged","floor":30.0,"gold_loss":0.0,"damage_taken":0.0},{"damage_healed":0.0,"max_hp_gain":0.0,"max_hp_loss":0.0,"gold_gain":0.0,"event_name":"MindBloom","player_choice":"Fight","floor":36.0,"gold_loss":0.0,"damage_taken":0.0},{"cards_removed":["Defend_G"],"damage_healed":0.0,"max_hp_gain":0.0,"max_hp_loss":0.0,"gold_gain":0.0,"event_name":"Falling","player_choice":"Removed Skill","floor":45.0,"gold_loss":0.0,"damage_taken":0.0}],"is_beta":false,"boss_relics":[{"not_picked":["White Beast Statue","Velvet Choker"],"picked":"Fusion Hammer"},{"not_picked":["HoveringKite","Empty Cage"],"picked":"Black Star"}],"items_purged_floors":[38,48],"is_endless":false,"potions_floor_spawned":[5,11,13,19,21,28,31,42],"ascension_level":13}