{"gold_per_floor":[114,64,64,64,87,87,123,123,174,213,238,261,281,456,456,581,581,602,145,145,145,176,176,207,226,303,316,347,347,367,407,407,527,527,548,616,630,18,33,66,66,66,121,161,36,36,50,50,50,50],"floor_reached":51,"playtime":2200,"items_purged":["Doubt","Clumsy","Doubt"],"score":1233,"play_id":"f1acfcbd-5977-4798-b786-9dfbe997bd02","local_time":"20190820065555","is_ascension_mode":true,"campfire_choices":[{"data":"Bash","floor":6,"key":"SMITH"},{"data":"Cleave","floor":8,"key":"SMITH"},{"data":"Bludgeon","floor":15,"key":"SMITH"},{"data":"Immolate","floor":23,"key":"SMITH"},{"data":"Corruption","floor":29,"key":"SMITH"},{"data":"Cleave","floor":32,"key":"SMITH"},{"data":"Rage","floor":46,"key":"SMITH"},{"data":"Disarm","floor":49,"key":"SMITH"}],"neow_cost":"NONE","seed_source_timestamp":97736511994537,"circlet_count":0,"master_deck":["Strike_R+1","Strike_R+1","Strike_R+1","Strike_R+1","Defend_R+1","Defend_R+1","Defend_R+1","Defend_R+1","Bash+1","Disarm+1","Twin Strike+1","Cleave+1","Rage+1","Dropkick","Disarm","Bludgeon+1","Immolate+1","Cleave+1","Master of Strategy","Dropkick","Clothesline","Shrug It Off+1","Thunderclap+1","Corruption+1","Iron Wave+1","Spot Weakness","Dropkick+1","Spot Weakness","Offering","Shrug It Off+1","Wild Strike+1","Dropkick+1","Impervious","Shrug It Off+1","Dark Shackles","Sentinel+1"],"special_seed":0,"relics":["Burning Blood","NeowsBlessing","Golden Idol","Nunchaku","Pen Nib","Whetstone","Cursed Key","Red Mask","FossilizedHelix","Kunai","Vajra","Lantern","Philosopher\u0027s Stone","Unceasing Top","Thread and Needle","Calipers","Boot","Champion Belt"],"potions_floor_usage":[24,37,40,50,50,50],"damage_taken":[{"damage":0.0,"enemies":"Small Slimes","floor":1.0,"turns":1.0},{"damage":0,"enemies":"2 Louse","floor":5,"turns":1},{"damage":0,"enemies":"Lagavulin","floor":7,"turns":1},{"damage":40,"enemies":"3 Sentries","floor":10,"turns":7},{"damage":0,"enemies":"Cultist","floor":11,"turns":3},{"damage":4,"enemies":"3 Louse","floor":12,"turns":3},{"damage":6,"enemies":"Looter","floor":13,"turns":2},{"damage":12,"enemies":"Hexaghost","floor":16,"turns":10},{"damage":12,"enemies":"Chosen","floor":18,"turns":3},{"damage":17,"enemies":"Masked Bandits","floor":22,"turns":4},{"damage":9,"enemies":"Book of Stabbing","floor":24,"turns":3},{"damage":0,"enemies":"Shell Parasite","floor":25,"turns":1},{"damage":0,"enemies":"Cultist and Chosen","floor":27,"turns":4},{"damage":0,"enemies":"Gremlin Leader","floor":28,"turns":3},{"damage":0,"enemies":"Centurion and Healer","floor":30,"turns":2},{"damage":16,"enemies":"Slavers","floor":31,"turns":4},{"damage":21,"enemies":"Collector","floor":33,"turns":7},{"damage":7,"enemies":"3 Darklings","floor":35,"turns":3},{"damage":26,"enemies":"2 Orb Walkers","floor":36,"turns":3},{"damage":0,"enemies":"3 Shapes","floor":37,"turns":2},{"damage":0,"enemies":"Spire Growth","floor":39,"turns":3},{"damage":0,"enemies":"Giant Head","floor":40,"turns":7},{"damage":0,"enemies":"Nemesis","floor":44,"turns":7},{"damage":0,"enemies":"Maw","floor":47,"turns":5},{"damage":22,"enemies":"Awakened One","floor":50,"turns":8}],"seed_played":"5743710572238693625","potions_obtained":[{"floor":1.0,"key":"BloodPotion"},{"floor":10,"key":"Ancient Potion"},{"floor":12,"key":"Swift Potion"},{"floor":16,"key":"Strength Potion"},{"floor":27,"key":"Energy Potion"},{"floor":36,"key":"Strength Potion"},{"floor":40,"key":"Ancient Potion"},{"floor":47,"key":"Dexterity Potion"}],"is_trial":false,"path_per_floor":["M","?","?","?","M","R","E","R","T","E","M","M","M","?","R","B",null,"M","$","?","?","?","R","E","M","T","M","E","R","M","E","R","B",null,"M","?","M","$","M","E","?","?","T","E","$","R","M","?","R","B",null],"character_chosen":"IRONCLAD","items_purchased":["Master of Strategy","Dropkick","Clothesline","Strength Potion","Thread and Needle","Impervious","Strength Potion"],"campfire_rested":0,"item_purchase_floors":[19,19,19,19,38,38,38],"current_hp_per_floor":[78,78,58,80,80,80,80,80,80,46,52,54,54,54,54,48,72,66,66,66,80,69,69,66,72,72,78,80,80,80,70,70,55,74,73,53,79,79,80,80,80,80,80,80,80,80,80,76,76,60],"gold":50,"neow_bonus":"THREE_ENEMY_KILL","is_prod":false,"is_daily":false,"chose_seed":false,"campfire_upgraded":8,"win_rate":1,"timestamp":1566248155,"path_taken":["M","?","?","?","M","R","E","R","T","E","M","M","?","?","R","BOSS","M","$","?","?","?","R","E","M","T","M","E","R","?","E","R","BOSS","M","?","M","$","M","E","?","?","T","E","$","R","M","?","R","BOSS"],"build_version":"2019-07-17","purchased_purges":3,"victory":true,"max_hp_per_floor":[80,80,80,80,80,80,80,80,80,80,80,80,80,80,80,80,80,80,80,80,80,80,80,80,80,80,80,80,80,80,80,80,80,80,80,80,80,80,80,80,80,80,80,80,80,80,80,76,76,76],"card_choices":[{"not_picked":["Burning Pact","Body Slam"],"picked":"Disarm","floor":1.0},{"not_picked":["Ghostly Armor","Sword Boomerang"],"picked":"Twin Strike","floor":5},{"not_picked":["Seeing Red","Pommel Strike"],"picked":"Cleave","floor":7},{"not_picked":["Hemokinesis","Cleave"],"picked":"Rage","floor":10},{"not_picked":["Iron Wave","Thunderclap"],"picked":"Dropkick","floor":11},{"not_picked":["Second Wind","Havoc"],"picked":"Disarm","floor":12},{"not_picked":["Flex","Anger"],"picked":"Bludgeon","floor":13},{"not_picked":["Brutality","Feed"],"picked":"Immolate","floor":16},{"not_picked":["Twin Strike","Flex"],"picked":"Cleave","floor":18},{"not_picked":["Carnage","Headbutt+1"],"picked":"Shrug It Off+1","floor":22},{"not_picked":["Wild Strike+1","Burning Pact"],"picked":"Thunderclap+1","floor":24},{"not_picked":["Double Tap","Ghostly Armor"],"picked":"Corruption","floor":25},{"not_picked":["Perfected Strike","Armaments+1"],"picked":"Iron Wave+1","floor":27},{"not_picked":["True Grit","Headbutt"],"picked":"Spot Weakness","floor":28},{"not_picked":["Feel No Pain","Carnage+1"],"picked":"Dropkick+1","floor":30},{"not_picked":["Carnage","Armaments"],"picked":"Spot Weakness","floor":31},{"not_picked":["Juggernaut","Feed"],"picked":"Offering","floor":33},{"not_picked":["Anger+1","Headbutt+1"],"picked":"Shrug It Off+1","floor":35},{"not_picked":["Infernal Blade+1","Reckless Charge"],"picked":"Wild Strike+1","floor":36},{"not_picked":["Seeing Red","Dual Wield"],"picked":"Dropkick+1","floor":37},{"not_picked":["Perfected Strike","Reckless Charge+1"],"picked":"Shrug It Off+1","floor":39},{"not_picked":["Havoc","Bloodletting+1"],"picked":"Iron Wave+1","floor":40},{"not_picked":["Bandage Up","PanicButton"],"picked":"Dark Shackles","floor":41},{"not_picked":["Warcry","Cleave","Perfected Strike+1"],"picked":"SKIP","floor":44},{"not_picked":["Cleave+1","Corruption+1"],"picked":"Sentinel+1","floor":47}],"player_experience":39548,"relics_obtained":[{"floor":7,"key":"Nunchaku"},{"floor":9,"key":"Pen Nib"},{"floor":10,"key":"Whetstone"},{"floor":22,"key":"Red Mask"},{"floor":24,"key":"FossilizedHelix"},{"floor":26,"key":"Kunai"},{"floor":28,"key":"Vajra"},{"floor":31,"key":"Lantern"},{"floor":36,"key":"Unceasing Top"},{"floor":40,"key":"Calipers"},{"floor":43,"key":"Boot"},{"floor":44,"key":"Champion Belt"}],"event_choices":[{"cards_removed":["Strike_R"],"damage_healed":0.0,"max_hp_gain":0.0,"max_hp_loss":0.0,"gold_gain":0.0,"event_name":"The Cleric","player_choice":"Card Removal","floor":2.0,"gold_loss":50.0,"damage_taken":0.0},{"damage_healed":0,"gold_gain":0,"player_choice":"Take Damage","damage_taken":20,"relics_obtained":["Golden Idol"],"max_hp_gain":0,"max_hp_loss":0,"event_name":"Golden Idol","floor":3,"gold_loss":0},{"damage_healed":22,"gold_gain":0,"player_choice":"Full Heal","damage_taken":0,"max_hp_gain":0,"max_hp_loss":0,"event_name":"Wheel of Change","floor":4,"gold_loss":0},{"damage_healed":0,"gold_gain":175,"player_choice":"AGREE","damage_taken":0,"max_hp_gain":0,"max_hp_loss":0,"event_name":"Liars Game","floor":14,"gold_loss":0,"cards_obtained":["Doubt"]},{"damage_healed":0,"gold_gain":0,"player_choice":"Simplicity","damage_taken":0,"max_hp_gain":0,"max_hp_loss":0,"event_name":"Back to Basics","floor":20,"gold_loss":0,"cards_upgraded":["Strike_R","Strike_R","Strike_R","Defend_R","Defend_R","Defend_R","Defend_R"]},{"damage_healed":26,"gold_gain":0,"player_choice":"Heal","damage_taken":0,"max_hp_gain":0,"max_hp_loss":0,"event_name":"The Library","floor":21,"gold_loss":0},{"damage_healed":0,"gold_gain":0,"player_choice":"Fought Bandits","damage_taken":0,"max_hp_gain":0,"max_hp_loss":0,"event_name":"Masked Bandits","floor":22,"gold_loss":0},{"damage_healed":0,"gold_gain":0,"player_choice":"Fight","damage_taken":0,"max_hp_gain":0,"max_hp_loss":0,"event_name":"Mysterious Sphere","floor":36,"gold_loss":0},{"damage_healed":0,"gold_gain":0,"player_choice":"Memory 1","damage_taken":0,"max_hp_gain":0,"max_hp_loss":0,"event_name":"SensoryStone","floor":41,"gold_loss":0},{"cards_removed":["Iron Wave"],"damage_healed":0,"gold_gain":0,"player_choice":"Removed Attack","damage_taken":0,"max_hp_gain":0,"max_hp_loss":0,"event_name":"Falling","floor":42,"gold_loss":0},{"damage_healed":0,"gold_gain":0,"player_choice":"Max HP","damage_taken":0,"max_hp_gain":0,"max_hp_loss":4,"event_name":"Winding Halls","floor":48,"gold_loss":0}],"is_beta":false,"boss_relics":[{"not_picked":["Runic Cube","Runic Pyramid"],"picked":"Cursed Key"},{"not_picked":["Velvet Choker","Pandora\u0027s Box"],"picked":"Philosopher\u0027s Stone"}],"items_purged_floors":[19,38,45],"is_endless":false,"potions_floor_spawned":[1,10,12,16,22,27,31,33,36,40,47],"ascension_level":7}