{"gold_per_floor":[112,128,142,142,92,92,123,123,149,164,164,184,184,222,222,352,352,370,370,385,385,385,429,429,445,445,461,461,461,496,496,496,624,624,643,643,377,440,454,454,493,618,618,618,653,0,21,52,52,52],"floor_reached":51,"playtime":2525,"items_purged":["Parasite","Injury"],"score":972,"play_id":"f79df044-69a2-4439-8ed6-b0e9a0b47c2d","local_time":"20190818013644","is_ascension_mode":true,"campfire_choices":[{"data":"Dash","floor":6.0,"key":"SMITH"},{"data":"Bouncing Flask","floor":8.0,"key":"SMITH"},{"data":"Bane","floor":11,"key":"SMITH"},{"data":"Neutralize","floor":13,"key":"SMITH"},{"data":"Noxious Fumes","floor":15,"key":"SMITH"},{"data":"After Image","floor":24,"key":"SMITH"},{"data":"Dagger Spray","floor":28,"key":"SMITH"},{"floor":32,"key":"REST"},{"floor":40,"key":"REST"},{"data":"Envenom","floor":44,"key":"SMITH"},{"floor":49,"key":"REST"}],"neow_cost":"NONE","seed_source_timestamp":336598821797881,"circlet_count":0,"master_deck":["Strike_G","Strike_G","Strike_G","Defend_G","Defend_G","Defend_G","Defend_G","Defend_G","Survivor","Neutralize+1","After Image+1","Dash+1","Bane+1","Predator","Bouncing Flask+1","Dagger Spray+1","Footwork","Noxious Fumes+1","Corpse Explosion","Well Laid Plans+1","Leg Sweep+1","Bouncing Flask+1","Footwork+1","PiercingWail","PiercingWail+1","Backflip","Envenom+1","Blur+1","Backstab","Calculated Gamble","Backflip+1","Dodge and Roll","Quick Slash+1","Catalyst+1","Deadly Poison+1","Doppelganger+1","Endless Agony","Quick Slash","Blur+1","Leg Sweep+1"],"special_seed":0,"relics":["Ring of the Snake","Golden Idol","Vajra","Bag of Marbles","PreservedInsect","Cursed Key","Bag of Preparation","Mango","Boot","Ginger","Black Star","Ancient Tea Set","Nunchaku","Snake Skull","Question Card","FossilizedHelix","Kunai","Regal Pillow","Toxic Egg 2","Torii","Thread and Needle","Shuriken"],"potions_floor_usage":[50,50,50,50,50],"damage_taken":[{"damage":0.0,"enemies":"Jaw Worm","floor":1.0,"turns":4.0},{"damage":0.0,"enemies":"Small Slimes","floor":2.0,"turns":5.0},{"damage":0.0,"enemies":"2 Louse","floor":3.0,"turns":3.0},{"damage":7.0,"enemies":"Lagavulin","floor":7.0,"turns":7.0},{"damage":0,"enemies":"Large Slime","floor":10,"turns":5},{"damage":0,"enemies":"Gremlin Gang","floor":12,"turns":1},{"damage":14,"enemies":"Gremlin Nob","floor":14,"turns":3},{"damage":14,"enemies":"Slime Boss","floor":16,"turns":8},{"damage":0,"enemies":"Spheric Guardian","floor":18,"turns":3},{"damage":0,"enemies":"Chosen","floor":20,"turns":4},{"damage":15,"enemies":"Slavers","floor":23,"turns":2},{"damage":12,"enemies":"Snake Plant","floor":25,"turns":4},{"damage":0,"enemies":"Snecko","floor":27,"turns":4},{"damage":0,"enemies":"Book of Stabbing","floor":30,"turns":4},{"damage":14,"enemies":"Collector","floor":33,"turns":8},{"damage":1,"enemies":"3 Darklings","floor":35,"turns":6},{"damage":25,"enemies":"2 Orb Walkers","floor":38,"turns":7},{"damage":6,"enemies":"3 Shapes","floor":39,"turns":3},{"damage":8,"enemies":"Nemesis","floor":41,"turns":5},{"damage":0,"enemies":"Mind Bloom Boss Battle","floor":42,"turns":6},{"damage":0,"enemies":"Reptomancer","floor":45,"turns":2},{"damage":0,"enemies":"Sphere and 2 Shapes","floor":47,"turns":4},{"damage":0,"enemies":"Nemesis","floor":48,"turns":3},{"damage":0,"enemies":"Time Eater","floor":50,"turns":12}],"seed_played":"-3547673630797234005","potions_obtained":[{"floor":2.0,"key":"SpeedPotion"},{"floor":3.0,"key":"Poison Potion"},{"floor":7.0,"key":"GamblersBrew"},{"floor":12,"key":"Ancient Potion"},{"floor":14,"key":"Regen Potion"},{"floor":30,"key":"EntropicBrew"}],"is_trial":false,"path_per_floor":["M","M","M","?","?","R","E","R","T","M","R","M","R","E","R","B",null,"M","?","M","?","?","E","R","M","T","M","R","?","E","?","R","B",null,"M","?","$","?","M","R","E","?","T","R","E","$","M","E","R","B",null],"character_chosen":"THE_SILENT","items_purchased":["Ancient Tea Set","Backstab","Deadly Poison+1","Torii","Doppelganger+1","Endless Agony","Quick Slash"],"campfire_rested":3,"item_purchase_floors":[37,37,46,46,46,46,46],"current_hp_per_floor":[70,70,70,65,65,65,58,58,58,58,58,58,58,44,44,30,65,65,54,54,70,70,55,55,43,57,57,57,57,57,57,82,68,84,83,83,81,56,50,74,66,66,66,66,66,66,66,66,81,81],"gold":52,"neow_bonus":"ONE_RANDOM_RARE_CARD","is_prod":false,"is_daily":false,"chose_seed":false,"campfire_upgraded":8,"win_rate":1,"timestamp":1566056204,"path_taken":["M","M","M","?","?","R","E","R","T","M","R","M","R","E","R","BOSS","M","?","M","?","?","E","R","?","T","M","R","?","E","?","R","BOSS","M","?","$","?","M","R","E","?","T","R","E","$","M","E","R","BOSS"],"build_version":"2019-07-17","purchased_purges":2,"victory":true,"max_hp_per_floor":[70,70,70,65,65,65,65,65,65,65,65,65,65,65,65,65,65,65,70,70,70,70,70,70,70,84,84,84,84,84,84,84,84,84,84,84,81,81,81,81,81,81,81,81,81,81,81,81,81,81],"card_choices":[{"not_picked":["Dagger Throw","Flying Knee"],"picked":"Dash","floor":1.0},{"not_picked":["Deflect","Slice"],"picked":"Bane","floor":2.0},{"not_picked":["Dagger Throw","PiercingWail"],"picked":"Predator","floor":3.0},{"not_picked":["Endless Agony","Bane"],"picked":"Bouncing Flask","floor":7.0},{"not_picked":["Distraction","Flechettes"],"picked":"Dagger Spray","floor":10},{"not_picked":["Deadly Poison","Wraith Form v2"],"picked":"Footwork","floor":12},{"not_picked":["Envenom","Outmaneuver"],"picked":"Noxious Fumes","floor":14},{"not_picked":["Glass Knife","Bullet Time"],"picked":"Corpse Explosion","floor":16},{"not_picked":["Blade Dance","Skewer"],"picked":"Well Laid Plans+1","floor":18},{"not_picked":["All Out Attack+1","Bane"],"picked":"Leg Sweep+1","floor":20},{"not_picked":["Die Die Die","All Out Attack"],"picked":"Footwork+1","floor":23},{"not_picked":["Poisoned Stab","Prepared+1"],"picked":"PiercingWail","floor":25},{"not_picked":["Calculated Gamble+1","Underhanded Strike"],"picked":"PiercingWail+1","floor":27},{"not_picked":["Choke","Flying Knee"],"picked":"Backflip","floor":30},{"not_picked":["Glass Knife","Tools of the Trade"],"picked":"Envenom","floor":33},{"not_picked":["PiercingWail+1","Deadly Poison"],"picked":"Blur+1","floor":35},{"not_picked":["Deadly Poison","Prepared"],"picked":"Calculated Gamble","floor":38},{"not_picked":["Bane+1","Blade Dance+1"],"picked":"Backflip+1","floor":39},{"not_picked":["Acrobatics","Dagger Spray"],"picked":"Dodge and Roll","floor":41},{"not_picked":["Flechettes+1","Outmaneuver","Well Laid Plans+1"],"picked":"Quick Slash+1","floor":42},{"not_picked":["Prepared+1","Flechettes+1","All Out Attack+1"],"picked":"Catalyst","floor":45},{"not_picked":["Wraith Form v2","Dagger Throw","Dagger Spray+1"],"picked":"Blur+1","floor":47},{"not_picked":["Quick Slash+1","Corpse Explosion+1","Deflect+1"],"picked":"Leg Sweep+1","floor":48}],"player_experience":6178,"relics_obtained":[{"floor":7.0,"key":"Vajra"},{"floor":9.0,"key":"Bag of Marbles"},{"floor":14,"key":"PreservedInsect"},{"floor":23,"key":"Bag of Preparation"},{"floor":26,"key":"Mango"},{"floor":30,"key":"Boot"},{"floor":38,"key":"Nunchaku"},{"floor":41,"key":"Snake Skull"},{"floor":41,"key":"Question Card"},{"floor":42,"key":"FossilizedHelix"},{"floor":43,"key":"Kunai"},{"floor":45,"key":"Regal Pillow"},{"floor":45,"key":"Toxic Egg 2"},{"floor":48,"key":"Thread and Needle"},{"floor":48,"key":"Shuriken"}],"event_choices":[{"damage_healed":0.0,"max_hp_gain":0.0,"max_hp_loss":5.0,"gold_gain":0.0,"event_name":"Golden Idol","player_choice":"Lose Max HP","floor":4.0,"gold_loss":0.0,"damage_taken":0.0,"relics_obtained":["Golden Idol"]},{"cards_removed":["Strike_G"],"damage_healed":0.0,"max_hp_gain":0.0,"max_hp_loss":0.0,"gold_gain":0.0,"event_name":"The Cleric","player_choice":"Card Removal","floor":5.0,"gold_loss":50.0,"damage_taken":0.0},{"damage_healed":0,"gold_gain":0,"player_choice":"Shed Blood","damage_taken":16,"max_hp_gain":5,"max_hp_loss":0,"event_name":"Forgotten Altar","floor":19,"gold_loss":0},{"damage_healed":23,"gold_gain":0,"player_choice":"Heal","damage_taken":0,"max_hp_gain":0,"max_hp_loss":0,"event_name":"The Library","floor":21,"gold_loss":0},{"damage_healed":0,"gold_gain":0,"player_choice":"Copied","damage_taken":0,"max_hp_gain":0,"max_hp_loss":0,"event_name":"Duplicator","floor":22,"gold_loss":0,"cards_obtained":["Bouncing Flask"]},{"damage_healed":0,"gold_gain":0,"player_choice":"Ignored","damage_taken":0,"max_hp_gain":0,"max_hp_loss":0,"event_name":"Ghosts","floor":29,"gold_loss":0},{"damage_healed":0,"gold_gain":0,"player_choice":"Opened","damage_taken":0,"relics_obtained":["Ginger"],"max_hp_gain":0,"max_hp_loss":0,"event_name":"The Mausoleum","floor":31,"gold_loss":0},{"cards_removed":["Strike_G"],"damage_healed":0,"gold_gain":0,"player_choice":"Removed Attack","damage_taken":0,"max_hp_gain":0,"max_hp_loss":0,"event_name":"Falling","floor":36,"gold_loss":0},{"damage_healed":0,"gold_gain":0,"player_choice":"Fight","damage_taken":0,"max_hp_gain":0,"max_hp_loss":0,"event_name":"Mysterious Sphere","floor":38,"gold_loss":0},{"damage_healed":0,"gold_gain":0,"player_choice":"Fight","damage_taken":0,"max_hp_gain":0,"max_hp_loss":0,"event_name":"MindBloom","floor":42,"gold_loss":0}],"is_beta":false,"boss_relics":[{"not_picked":["Ring of the Serpent","White Beast Statue"],"picked":"Cursed Key"},{"not_picked":["Coffee Dripper","Runic Pyramid"],"picked":"Black Star"}],"items_purged_floors":[37,46],"is_endless":false,"potions_floor_spawned":[2,3,7,12,14,18,23,25,27,30,35,39,41,45],"ascension_level":1}