{"gold_per_floor":[219,239,339,356,375,375,393,24,93,93,108,108,119,135,135,230,230,250,150,150,165,11,11,44,44,44,77,0,0,24,38,38,136,136,151,200,200,200,75,75,90,42,65,65,65,65,85,98,98,98],"floor_reached":51,"playtime":4012,"items_purged":["Strike_R","Strike_R","Writhe"],"score":963,"play_id":"8aa2e3e1-635e-4fc3-83c3-3b07c28a11f5","local_time":"20190602160136","is_ascension_mode":true,"campfire_choices":[{"data":"Shrug It Off","floor":6,"key":"SMITH"},{"data":"Juggernaut","floor":12,"key":"SMITH"},{"floor":15,"key":"REST"},{"data":"Bloodletting","floor":23,"key":"SMITH"},{"data":"Offering","floor":25,"key":"SMITH"},{"floor":29,"key":"REST"},{"data":"Feel No Pain","floor":32,"key":"SMITH"},{"data":"Body Slam","floor":40,"key":"SMITH"},{"data":"Entrench","floor":46,"key":"SMITH"},{"floor":49,"key":"REST"}],"neow_cost":"NONE","seed_source_timestamp":77300408209200,"circlet_count":0,"master_deck":["AscendersBane","Strike_R+1","Defend_R","Defend_R","Defend_R","Defend_R","Bash","Shrug It Off+1","Bloodletting+1","Juggernaut+1","Immolate","Body Slam+1","Offering+1","Shrug It Off+1","Flex+1","Feel No Pain+1","Fiend Fire","Entrench+1","Body Slam+1","Thinking Ahead"],"relics":["Burning Blood","Art of War","Pantograph","Busted Crown","Whetstone","Dead Branch","Red Skull","Happy Flower","Blood Vial","Runic Cube","Turnip","Boot"],"potions_floor_usage":[7,13,16,24,33],"damage_taken":[{"damage":2,"enemies":"Small Slimes","floor":1,"turns":4},{"damage":3,"enemies":"Cultist","floor":2,"turns":4},{"damage":10,"enemies":"2 Louse","floor":4,"turns":3},{"damage":27,"enemies":"Lots of Slimes","floor":5,"turns":12},{"damage":7,"enemies":"Red Slaver","floor":7,"turns":4},{"damage":12,"enemies":"Exordium Thugs","floor":11,"turns":6},{"damage":12,"enemies":"Lots of Slimes","floor":13,"turns":2},{"damage":30,"enemies":"Large Slime","floor":14,"turns":9},{"damage":56,"enemies":"The Guardian","floor":16,"turns":12},{"damage":17,"enemies":"3 Byrds","floor":18,"turns":4},{"damage":10,"enemies":"Shell Parasite","floor":21,"turns":4},{"damage":26,"enemies":"Book of Stabbing","floor":24,"turns":4},{"damage":15,"enemies":"Gremlin Leader","floor":27,"turns":5},{"damage":6,"enemies":"3 Cultists","floor":31,"turns":3},{"damage":24,"enemies":"Collector","floor":33,"turns":4},{"damage":30,"enemies":"3 Shapes","floor":35,"turns":3},{"damage":21,"enemies":"2 Orb Walkers","floor":36,"turns":3},{"damage":16,"enemies":"Orb Walker","floor":41,"turns":2},{"damage":34,"enemies":"Maw","floor":47,"turns":7},{"damage":11,"enemies":"Jaw Worm Horde","floor":48,"turns":3},{"damage":44,"enemies":"Donu and Deca","floor":50,"turns":7}],"seed_played":"-1570787224844565256","potions_obtained":[{"floor":1,"key":"FearPotion"},{"floor":5,"key":"BloodPotion"},{"floor":11,"key":"Energy Potion"},{"floor":16,"key":"GamblersBrew"},{"floor":31,"key":"FearPotion"},{"floor":33,"key":"FairyPotion"},{"floor":35,"key":"SteroidPotion"}],"is_trial":false,"path_per_floor":["M","M","?","M","M","R","M","$","T","?","M","R","M","M","R","B",null,"M","$","?","M","$","R","E","R","T","E","$","R","T","M","R","B",null,"M","?","?","?","$","R","M","$","T","$","?","R","M","M","R","B",null],"character_chosen":"IRONCLAD","items_purchased":["Juggernaut","Art of War","Whetstone","Feel No Pain","Fire Potion"],"campfire_rested":3,"item_purchase_floors":[8,8,22,28,42],"current_hp_per_floor":[76,79,79,75,54,54,53,53,53,53,47,47,41,17,41,24,66,55,55,55,51,51,51,31,31,31,22,22,46,46,48,48,57,74,52,39,59,59,59,59,51,51,51,51,51,51,25,22,46,35],"gold":98,"neow_bonus":"HUNDRED_GOLD","is_prod":false,"is_daily":false,"chose_seed":false,"campfire_upgraded":7,"win_rate":0,"timestamp":1559505696,"path_taken":["M","M","?","?","M","R","M","?","T","?","?","R","?","M","R","BOSS","M","$","?","?","$","R","E","R","T","E","?","R","?","?","R","BOSS","M","?","?","?","$","R","M","$","T","?","?","R","M","M","R","BOSS"],"build_version":"2019-01-23","purchased_purges":3,"victory":true,"max_hp_per_floor":[80,80,80,80,80,80,80,80,80,80,80,80,80,80,80,80,80,80,80,80,80,80,80,80,80,80,80,80,80,80,80,80,80,80,80,80,80,80,80,80,80,80,80,80,80,80,80,80,80,80],"card_choices":[{"not_picked":["Searing Blow","Pommel Strike"],"picked":"Shrug It Off","floor":1},{"not_picked":["Sword Boomerang","Rupture","Headbutt"],"picked":"SKIP","floor":2},{"not_picked":["Blood for Blood","True Grit","Headbutt"],"picked":"SKIP","floor":4},{"not_picked":["True Grit","Rage","Wild Strike"],"picked":"SKIP","floor":5},{"not_picked":["Anger","Flex"],"picked":"Bloodletting","floor":7},{"not_picked":["Reckless Charge","Metallicize"],"picked":"Immolate","floor":11},{"not_picked":["Fire Breathing","Heavy Blade","Armaments"],"picked":"SKIP","floor":13},{"not_picked":["Searing Blow","Cleave"],"picked":"Body Slam","floor":14},{"not_picked":["Impervious","Limit Break"],"picked":"Offering","floor":16},{"not_picked":["Uppercut+1"],"picked":"SKIP","floor":18},{"not_picked":["Shrug It Off"],"picked":"SKIP","floor":21},{"not_picked":["Rupture"],"picked":"SKIP","floor":24},{"not_picked":[],"picked":"Flex+1","floor":27},{"not_picked":["Iron Wave+1"],"picked":"SKIP","floor":31},{"not_picked":[],"picked":"Fiend Fire","floor":33},{"not_picked":[],"picked":"Entrench","floor":35},{"not_picked":[],"picked":"Body Slam","floor":36},{"not_picked":[],"picked":"Thinking Ahead","floor":38},{"not_picked":["Rampage"],"picked":"SKIP","floor":41},{"not_picked":["Fire Breathing+1"],"picked":"SKIP","floor":47},{"not_picked":["Twin Strike+1"],"picked":"SKIP","floor":48}],"player_experience":3829557,"relics_obtained":[{"floor":9,"key":"Pantograph"},{"floor":24,"key":"Dead Branch"},{"floor":26,"key":"Red Skull"},{"floor":27,"key":"Happy Flower"},{"floor":30,"key":"Blood Vial"},{"floor":36,"key":"Turnip"},{"floor":43,"key":"Boot"}],"event_choices":[{"damage_healed":0,"gold_gain":100,"player_choice":"Pray","damage_taken":0,"max_hp_gain":0,"max_hp_loss":0,"event_name":"Golden Shrine","floor":3,"gold_loss":0},{"cards_removed":["Strike_R"],"damage_healed":0,"gold_gain":0,"player_choice":"Purged","damage_taken":0,"max_hp_gain":0,"max_hp_loss":0,"event_name":"Purifier","floor":10,"gold_loss":0},{"damage_healed":0,"gold_gain":0,"player_choice":"Copied","damage_taken":0,"max_hp_gain":0,"max_hp_loss":0,"event_name":"Duplicator","floor":20,"gold_loss":0,"cards_obtained":["Shrug It Off"]},{"damage_healed":0,"gold_gain":0,"player_choice":"Fight","damage_taken":0,"max_hp_gain":0,"max_hp_loss":0,"event_name":"Mysterious Sphere","floor":36,"gold_loss":0},{"damage_healed":20,"gold_gain":0,"player_choice":"Writhe","damage_taken":0,"max_hp_gain":0,"max_hp_loss":0,"event_name":"Winding Halls","floor":37,"gold_loss":0,"cards_obtained":["Writhe"]},{"damage_healed":0,"gold_gain":0,"player_choice":"Memory 1","damage_taken":0,"max_hp_gain":0,"max_hp_loss":0,"event_name":"SensoryStone","floor":38,"gold_loss":0},{"cards_removed":["Strike_R"],"damage_healed":0,"gold_gain":0,"player_choice":"Offered Basic","damage_taken":0,"max_hp_gain":0,"max_hp_loss":0,"event_name":"Bonfire Elementals","floor":45,"gold_loss":0}],"is_beta":false,"boss_relics":[{"not_picked":["Cursed Key","Calling Bell"],"picked":"Busted Crown"},{"not_picked":["Lizard Tail","Black Star"],"picked":"Runic Cube"}],"items_purged_floors":[8,19,39],"is_endless":false,"potions_floor_spawned":[1,5,11,16,31,33,35,48],"ascension_level":10}