{"gold_per_floor":[112,126,126,126,91,119,119,136,136,156,172,184,194,209,209,312,312,323,422,422],"floor_reached":20,"playtime":730,"items_purged":[],"score":327,"play_id":"d1bf7fe5-cb55-4378-a0e9-9e8051224ebf","local_time":"20190602112623","is_ascension_mode":true,"campfire_choices":[{"data":"Rampage","floor":7,"key":"SMITH"},{"floor":15,"key":"REST"}],"neow_cost":"NONE","seed_source_timestamp":64089939071700,"circlet_count":0,"master_deck":["AscendersBane","Strike_R","Strike_R","Strike_R","Strike_R","Defend_R","Defend_R","Defend_R","Defend_R","Bash","Rampage+1","Dual Wield","Feed","Inflame","Berserk"],"relics":["Burning Blood","NeowsBlessing","Pantograph","The Courier","Pear","Odd Mushroom","Sozu"],"potions_floor_usage":[10,14,14,16],"damage_taken":[{"damage":0,"enemies":"2 Louse","floor":1,"turns":1},{"damage":0,"enemies":"Small Slimes","floor":2,"turns":1},{"damage":0,"enemies":"3 Sentries","floor":6,"turns":2},{"damage":7,"enemies":"Jaw Worm","floor":8,"turns":4},{"damage":35,"enemies":"The Mushroom Lair","floor":10,"turns":4},{"damage":19,"enemies":"Blue Slaver","floor":11,"turns":4},{"damage":3,"enemies":"2 Fungi Beasts","floor":12,"turns":4},{"damage":12,"enemies":"Looter","floor":13,"turns":4},{"damage":21,"enemies":"Exordium Thugs","floor":14,"turns":5},{"damage":58,"enemies":"Hexaghost","floor":16,"turns":8},{"damage":53,"enemies":"Shell Parasite","floor":18,"turns":6},{"damage":50,"enemies":"Masked Bandits","floor":20,"turns":3}],"seed_played":"9034351368585086752","potions_obtained":[{"floor":1,"key":"Explosive Potion"},{"floor":2,"key":"Weak Potion"},{"floor":11,"key":"LiquidBronze"},{"floor":12,"key":"Poison Potion"}],"is_trial":false,"path_per_floor":["M","M","?","?","?","E","R","M","T","?","M","M","M","M","R","B",null,"M","?","?"],"character_chosen":"IRONCLAD","items_purchased":[],"campfire_rested":1,"item_purchase_floors":[],"current_hp_per_floor":[78,80,28,21,41,47,47,46,56,30,20,26,23,11,42,18,86,39,39,0],"gold":422,"neow_bonus":"THREE_ENEMY_KILL","is_prod":false,"is_daily":false,"chose_seed":false,"campfire_upgraded":1,"win_rate":0,"timestamp":1559489183,"path_taken":["M","M","?","?","?","E","R","M","T","?","M","M","?","M","R","BOSS","M","?","?"],"build_version":"2019-01-23","purchased_purges":0,"victory":false,"max_hp_per_floor":[80,80,80,80,80,80,80,80,90,93,96,99,102,105,105,108,108,108,108,108],"card_choices":[{"not_picked":["Dropkick","Shrug It Off"],"picked":"Rampage","floor":1},{"not_picked":["Shrug It Off","Wild Strike"],"picked":"Dual Wield","floor":2},{"not_picked":["Shrug It Off","Cleave"],"picked":"Feed","floor":6},{"not_picked":["Perfected Strike","Bloodletting","Infernal Blade"],"picked":"SKIP","floor":8},{"not_picked":["Clothesline","Headbutt"],"picked":"Inflame","floor":11},{"not_picked":["Anger","Dark Embrace","Evolve"],"picked":"SKIP","floor":12},{"not_picked":["Iron Wave","Cleave","Infernal Blade"],"picked":"SKIP","floor":13},{"not_picked":["Intimidate","Power Through","Wild Strike"],"picked":"SKIP","floor":14},{"not_picked":["Exhume","Reaper"],"picked":"Berserk","floor":16},{"not_picked":["Heavy Blade","Shrug It Off","Headbutt+1"],"picked":"SKIP","floor":18}],"player_experience":3818053,"relics_obtained":[{"floor":6,"key":"The Courier"},{"floor":9,"key":"Pear"},{"floor":10,"key":"Odd Mushroom"}],"event_choices":[{"damage_healed":0,"gold_gain":0,"player_choice":"Success","damage_taken":52,"relics_obtained":["Pantograph"],"max_hp_gain":0,"max_hp_loss":0,"event_name":"Scrap Ooze","floor":3,"gold_loss":0},{"cards_removed":["Strike_R"],"damage_healed":0,"gold_gain":0,"player_choice":"Card Removal","damage_taken":7,"max_hp_gain":0,"max_hp_loss":0,"event_name":"Golden Wing","floor":4,"gold_loss":0},{"damage_healed":20,"gold_gain":0,"player_choice":"Healed","damage_taken":0,"max_hp_gain":0,"max_hp_loss":0,"event_name":"The Cleric","floor":5,"gold_loss":35},{"damage_healed":0,"gold_gain":0,"player_choice":"Fought Mushrooms","damage_taken":0,"max_hp_gain":0,"max_hp_loss":0,"event_name":"Mushrooms","floor":10,"gold_loss":0},{"damage_healed":0,"gold_gain":99,"player_choice":"Stole From Cult","damage_taken":0,"max_hp_gain":0,"max_hp_loss":0,"event_name":"Nest","floor":19,"gold_loss":0},{"damage_healed":0,"gold_gain":0,"player_choice":"Fought Bandits","damage_taken":0,"max_hp_gain":0,"max_hp_loss":0,"event_name":"Masked Bandits","floor":20,"gold_loss":0}],"is_beta":false,"boss_relics":[{"not_picked":["Runic Dome","White Beast Statue"],"picked":"Sozu"}],"items_purged_floors":[],"is_endless":false,"potions_floor_spawned":[1,2,11,12],"killed_by":"Masked Bandits","ascension_level":10}