{"gold_per_floor":[114,134,59,9,21,21,21,21,21,33,33,45,45,45,45,45],"floor_reached":16,"playtime":417,"items_purged":["Strike_R"],"score":90,"play_id":"7554a307-e51e-4454-891d-483f558a9d66","local_time":"20190827025252","is_ascension_mode":false,"campfire_choices":[{"data":"Cleave","floor":6,"key":"SMITH"},{"data":"Defend_R","floor":11,"key":"SMITH"},{"data":"Shrug It Off","floor":15,"key":"SMITH"}],"neow_cost":"TEN_PERCENT_HP_LOSS","seed_source_timestamp":276638658172799,"circlet_count":0,"master_deck":["Strike_R","Strike_R","Strike_R","Defend_R","Defend_R","Defend_R","Defend_R+1","Bash","Cleave+1","Shrug It Off+1"],"relics":["Burning Blood","Unceasing Top","Smiling Mask"],"potions_floor_usage":[16,16,16],"damage_taken":[{"damage":2,"enemies":"Small Slimes","floor":1,"turns":3},{"damage":6,"enemies":"2 Louse","floor":2,"turns":3},{"damage":10,"enemies":"Cultist","floor":5,"turns":4},{"damage":12,"enemies":"Exordium Thugs","floor":10,"turns":4},{"damage":16,"enemies":"Large Slime","floor":12,"turns":4},{"damage":54,"enemies":"Hexaghost","floor":16,"turns":15}],"seed_played":"6941231870398133248","potions_obtained":[{"floor":2,"key":"GamblersBrew"},{"floor":10,"key":"PowerPotion"},{"floor":12,"key":"EssenceOfSteel"}],"is_trial":false,"path_per_floor":["M","M","$","?","M","R","?","?","T","M","R","M","$","?","R","B"],"character_chosen":"IRONCLAD","items_purchased":[],"campfire_rested":0,"item_purchase_floors":[],"current_hp_per_floor":[72,72,72,72,68,68,72,65,65,59,59,49,49,54,54,0],"gold":45,"neow_bonus":"ONE_RARE_RELIC","is_prod":false,"is_daily":false,"chose_seed":false,"campfire_upgraded":3,"win_rate":0,"timestamp":1566838372,"path_taken":["M","M","$","?","M","R","?","?","T","M","R","M","$","?","R","BOSS"],"build_version":"2019-07-17","purchased_purges":1,"victory":false,"max_hp_per_floor":[72,72,72,72,72,72,72,69,69,69,69,69,69,74,74,74],"card_choices":[{"not_picked":["Havoc","Heavy Blade","Clothesline"],"picked":"SKIP","floor":1},{"not_picked":["Pommel Strike","Havoc","Thunderclap"],"picked":"SKIP","floor":2},{"not_picked":["Twin Strike","Clash"],"picked":"Cleave","floor":5},{"not_picked":["Perfected Strike","Battle Trance","Uppercut"],"picked":"SKIP","floor":10},{"not_picked":["Armaments","Reaper"],"picked":"Shrug It Off","floor":12}],"player_experience":97669,"relics_obtained":[{"floor":9,"key":"Smiling Mask"}],"event_choices":[{"cards_removed":["Strike_R"],"damage_healed":0,"gold_gain":0,"player_choice":"Card Removal","damage_taken":0,"max_hp_gain":0,"max_hp_loss":0,"event_name":"The Cleric","floor":4,"gold_loss":50},{"damage_healed":18,"gold_gain":0,"player_choice":"Healed and dodged fight","damage_taken":0,"max_hp_gain":0,"max_hp_loss":0,"event_name":"Mushrooms","floor":7,"gold_loss":0,"cards_obtained":["Parasite"]},{"cards_removed":["Parasite"],"damage_healed":0,"gold_gain":0,"player_choice":"Card Removal","damage_taken":7,"max_hp_gain":0,"max_hp_loss":0,"event_name":"Golden Wing","floor":8,"gold_loss":0},{"damage_healed":0,"gold_gain":0,"player_choice":"Donut","damage_taken":0,"max_hp_gain":5,"max_hp_loss":0,"event_name":"Big Fish","floor":14,"gold_loss":0}],"is_beta":false,"boss_relics":[],"items_purged_floors":[3],"is_endless":false,"potions_floor_spawned":[2,10,12],"killed_by":"Hexaghost","ascension_level":0}