{"gold_per_floor":[16,16,16,29,29,29,58,129,181,181,131,150,8,26,26,97,97,112,66,66,86,100,100,100,100],"floor_reached":25,"playtime":712,"items_purged":["Strike_R"],"score":328,"play_id":"884597dc-b64a-4cc7-86fe-6f417ddd0838","local_time":"20190823065118","is_ascension_mode":true,"campfire_choices":[{"data":"Juggernaut","floor":6,"key":"SMITH"},{"data":"Pommel Strike","floor":10,"key":"SMITH"},{"data":"Bash","floor":15,"key":"SMITH"},{"data":"Shrug It Off","floor":24,"key":"SMITH"}],"neow_cost":"NO_GOLD","seed_source_timestamp":94119204987200,"circlet_count":0,"master_deck":["AscendersBane","Defend_R","Defend_R","Defend_R","Defend_R","Bash+1","Juggernaut+1","Inflame","Pommel Strike+1","Iron Wave","Spot Weakness","Fire Breathing","Barricade","Shrug It Off+1","Shrug It Off","Writhe"],"relics":["Burning Blood","Unceasing Top","Gremlin Horn","Mummified Hand","Pen Nib","Empty Cage","Art of War"],"potions_floor_usage":[7,16,21],"damage_taken":[{"damage":9,"enemies":"Jaw Worm","floor":1,"turns":5},{"damage":9,"enemies":"2 Louse","floor":4,"turns":5},{"damage":20,"enemies":"Gremlin Nob","floor":7,"turns":4},{"damage":0,"enemies":"Small Slimes","floor":12,"turns":2},{"damage":1,"enemies":"Looter","floor":14,"turns":2},{"damage":24,"enemies":"Hexaghost","floor":16,"turns":7},{"damage":22,"enemies":"Shell Parasite","floor":18,"turns":4},{"damage":11,"enemies":"Spheric Guardian","floor":21,"turns":5},{"damage":24,"enemies":"Chosen and Byrds","floor":22,"turns":7},{"damage":29,"enemies":"Slavers","floor":25,"turns":1}],"seed_played":"-589580778669924067","potions_obtained":[{"floor":1,"key":"Explosive Potion"},{"floor":7,"key":"Energy Potion"},{"floor":12,"key":"PowerPotion"},{"floor":21,"key":"Fire Potion"}],"is_trial":false,"path_per_floor":["M","?","?","M","$","R","E","T","T","R","?","M","$","M","R","B",null,"M","$","?","M","M","?","R","E"],"character_chosen":"IRONCLAD","items_purchased":["Spot Weakness","Shrug It Off"],"campfire_rested":0,"item_purchase_floors":[13,19],"current_hp_per_floor":[69,69,57,54,54,54,40,40,40,40,40,46,46,51,51,33,68,52,52,52,47,29,29,29,0],"gold":100,"neow_bonus":"THREE_RARE_CARDS","is_prod":false,"is_daily":false,"chose_seed":false,"campfire_upgraded":4,"win_rate":0,"timestamp":1566510678,"path_taken":["M","?","?","M","$","R","E","?","T","R","?","?","?","M","R","BOSS","M","$","?","M","M","?","R","E"],"build_version":"2019-07-17","purchased_purges":1,"victory":false,"max_hp_per_floor":[80,80,80,80,80,80,80,80,80,80,80,80,80,80,80,80,80,80,80,80,80,80,80,80,80],"card_choices":[{"not_picked":["Double Tap","Bludgeon"],"picked":"Juggernaut","floor":0},{"not_picked":["Fire Breathing","Pummel"],"picked":"Inflame","floor":1},{"not_picked":["Heavy Blade","Clash"],"picked":"Pommel Strike","floor":4},{"not_picked":["Sword Boomerang","True Grit","Clash"],"picked":"SKIP","floor":7},{"not_picked":["Thunderclap","Sword Boomerang"],"picked":"Iron Wave","floor":12},{"not_picked":["Headbutt","True Grit"],"picked":"Fire Breathing","floor":14},{"not_picked":["Feed","Brutality"],"picked":"Barricade","floor":16},{"not_picked":["Wild Strike+1","Rupture","Havoc"],"picked":"SKIP","floor":18},{"not_picked":["Sever Soul","Havoc","Feel No Pain"],"picked":"SKIP","floor":21},{"not_picked":["Dual Wield","Rupture","Heavy Blade"],"picked":"SKIP","floor":22}],"player_experience":180782,"relics_obtained":[{"floor":7,"key":"Gremlin Horn"},{"floor":8,"key":"Mummified Hand"},{"floor":9,"key":"Pen Nib"}],"event_choices":[{"cards_removed":["Strike_R"],"damage_healed":0,"gold_gain":0,"player_choice":"Forget","damage_taken":0,"max_hp_gain":0,"max_hp_loss":0,"event_name":"Living Wall","floor":2,"gold_loss":0},{"damage_healed":0,"gold_gain":0,"player_choice":"Success","damage_taken":12,"relics_obtained":["Unceasing Top"],"max_hp_gain":0,"max_hp_loss":0,"event_name":"Scrap Ooze","floor":3,"gold_loss":0},{"cards_removed":["Strike_R"],"damage_healed":0,"gold_gain":0,"player_choice":"Card Removal","damage_taken":0,"max_hp_gain":0,"max_hp_loss":0,"event_name":"The Cleric","floor":11,"gold_loss":50},{"damage_healed":0,"gold_gain":0,"player_choice":"Read","damage_taken":0,"max_hp_gain":0,"max_hp_loss":0,"event_name":"The Library","floor":20,"gold_loss":0,"cards_obtained":["Shrug It Off"]},{"damage_healed":0,"gold_gain":0,"player_choice":"Opened","damage_taken":0,"relics_obtained":["Art of War"],"max_hp_gain":0,"max_hp_loss":0,"event_name":"The Mausoleum","floor":23,"gold_loss":0,"cards_obtained":["Writhe"]}],"is_beta":false,"boss_relics":[{"not_picked":["Black Blood","Fusion Hammer"],"picked":"Empty Cage"}],"items_purged_floors":[13],"is_endless":false,"potions_floor_spawned":[1,7,12,21],"killed_by":"Slavers","ascension_level":13}