{"gold_per_floor":[112,128,143,143,143,143,176,176,176,192,221,233,253,271,271,370,370,385,400,400,419,419],"floor_reached":22,"playtime":2158,"items_purged":[],"score":200,"play_id":"fb40906e-addd-4d25-a11f-6c52231c1a32","local_time":"20190818194610","is_ascension_mode":false,"campfire_choices":[{"data":"Armaments","floor":6,"key":"SMITH"},{"floor":8,"key":"REST"},{"floor":15,"key":"REST"}],"neow_cost":"NONE","seed_source_timestamp":402623704949600,"circlet_count":0,"master_deck":["Strike_R","Strike_R","Strike_R","Defend_R","Defend_R","Defend_R","Bash","Armaments+1","Whirlwind","Heavy Blade","Flame Barrier","Reaper","Double Tap+1","Entrench+1","Perfected Strike+1","Battle Trance+1","Madness"],"relics":["Burning Blood","Orichalcum","Ancient Tea Set","Girya","Astrolabe"],"potions_floor_usage":[7,10,10,11,16,19,21,22],"damage_taken":[{"damage":7,"enemies":"Small Slimes","floor":1,"turns":5},{"damage":1,"enemies":"2 Louse","floor":2,"turns":4},{"damage":10,"enemies":"Cultist","floor":3,"turns":4},{"damage":13,"enemies":"3 Sentries","floor":7,"turns":8},{"damage":5,"enemies":"Looter","floor":10,"turns":2},{"damage":29,"enemies":"Lagavulin","floor":11,"turns":10},{"damage":2,"enemies":"3 Louse","floor":12,"turns":2},{"damage":25,"enemies":"Gremlin Gang","floor":13,"turns":4},{"damage":8,"enemies":"Blue Slaver","floor":14,"turns":4},{"damage":33,"enemies":"The Guardian","floor":16,"turns":18},{"damage":4,"enemies":"3 Byrds","floor":18,"turns":6},{"damage":15,"enemies":"Shell Parasite","floor":19,"turns":6},{"damage":33,"enemies":"Snake Plant","floor":21,"turns":6},{"damage":66,"enemies":"Chosen and Byrds","floor":22,"turns":8}],"seed_played":"6968994849383698556","potions_obtained":[{"floor":1,"key":"Fire Potion"},{"floor":7,"key":"EntropicBrew"},{"floor":13,"key":"FairyPotion"},{"floor":14,"key":"Block Potion"},{"floor":16,"key":"FearPotion"},{"floor":18,"key":"SteroidPotion"}],"is_trial":false,"path_per_floor":["M","M","M","?","?","R","E","R","T","M","E","M","M","M","R","B",null,"M","M","?","M","M"],"character_chosen":"IRONCLAD","items_purchased":[],"campfire_rested":2,"item_purchase_floors":[],"current_hp_per_floor":[87,88,84,51,51,51,44,70,70,71,48,52,33,31,57,30,88,88,79,79,52,0],"gold":419,"neow_bonus":"TEN_PERCENT_HP_BONUS","is_prod":false,"is_daily":false,"chose_seed":false,"campfire_upgraded":1,"win_rate":0,"timestamp":1566168370,"path_taken":["M","M","M","?","?","R","E","R","T","M","E","M","M","M","R","BOSS","M","M","?","?","M"],"build_version":"2019-07-17","purchased_purges":0,"victory":false,"max_hp_per_floor":[88,88,88,88,88,88,88,88,88,88,88,88,88,88,88,88,88,88,88,88,88,88],"card_choices":[{"not_picked":["Power Through","Evolve","Warcry"],"picked":"SKIP","floor":1},{"not_picked":["Fire Breathing","Twin Strike","Thunderclap"],"picked":"SKIP","floor":2},{"not_picked":["Perfected Strike","Thunderclap"],"picked":"Armaments","floor":3},{"not_picked":["Sever Soul","Flex","Clash"],"picked":"SKIP","floor":7},{"not_picked":["Sever Soul","Dropkick"],"picked":"Whirlwind","floor":10},{"not_picked":["Thunderclap","Cleave","True Grit"],"picked":"SKIP","floor":11},{"not_picked":["Thunderclap","Bludgeon"],"picked":"Heavy Blade","floor":12},{"not_picked":["True Grit","Wild Strike","Flex"],"picked":"SKIP","floor":13},{"not_picked":["Thunderclap","Pommel Strike"],"picked":"Flame Barrier","floor":14},{"not_picked":["Immolate","Limit Break"],"picked":"Reaper","floor":16},{"not_picked":["Body Slam+1","Inflame","Fire Breathing"],"picked":"SKIP","floor":18},{"not_picked":["Sword Boomerang","Dropkick+1"],"picked":"Battle Trance+1","floor":19},{"not_picked":["True Grit","Rupture","Perfected Strike"],"picked":"SKIP","floor":21}],"player_experience":128504,"relics_obtained":[{"floor":7,"key":"Ancient Tea Set"},{"floor":11,"key":"Girya"}],"event_choices":[{"damage_healed":0,"gold_gain":0,"player_choice":"Success","damage_taken":33,"relics_obtained":["Orichalcum"],"max_hp_gain":0,"max_hp_loss":0,"event_name":"Scrap Ooze","floor":4,"gold_loss":0},{"damage_healed":0,"gold_gain":0,"player_choice":"Ignored","damage_taken":0,"max_hp_gain":0,"max_hp_loss":0,"event_name":"Liars Game","floor":5,"gold_loss":0},{"damage_healed":0,"gold_gain":0,"player_choice":"1 cards matched","damage_taken":0,"max_hp_gain":0,"max_hp_loss":0,"event_name":"Match and Keep!","floor":20,"gold_loss":0,"cards_obtained":["Madness"]}],"is_beta":false,"boss_relics":[{"not_picked":["Cursed Key","Runic Pyramid"],"picked":"Astrolabe"}],"items_purged_floors":[],"is_endless":false,"potions_floor_spawned":[1,7,13,14,16,18],"killed_by":"Chosen and Byrds","ascension_level":0}