{"gold_per_floor":[112,112,60,74,74,74,74,91,140,158,158,176,205,224,224,303,303,323,342,257,28,28,28,28],"floor_reached":24,"playtime":816,"items_purged":[],"score":363,"play_id":"f081a645-c1c6-4fff-a835-646de543ae24","local_time":"20190824115908","is_ascension_mode":true,"campfire_choices":[{"data":"Bash","floor":6,"key":"SMITH"},{"data":"Armaments","floor":15,"key":"SMITH"},{"floor":23,"key":"REST"}],"neow_cost":"NONE","seed_source_timestamp":198884265378100,"circlet_count":0,"master_deck":["AscendersBane","Strike_R","Strike_R","Strike_R","Strike_R","Defend_R","Defend_R","Defend_R","Defend_R","Bash+1","Shockwave","Pommel Strike","Cleave","Armaments+1","Metallicize","Evolve","Clothesline","Juggernaut","Carnage"],"relics":["Burning Blood","NeowsBlessing","Orichalcum","Question Card","Sozu","The Courier","Bottled Tornado","Enchiridion"],"potions_floor_usage":[16,16],"damage_taken":[{"damage":0,"enemies":"2 Louse","floor":1,"turns":1},{"damage":0,"enemies":"Cultist","floor":4,"turns":1},{"damage":0,"enemies":"Jaw Worm","floor":8,"turns":1},{"damage":1,"enemies":"3 Louse","floor":10,"turns":3},{"damage":14,"enemies":"Exordium Thugs","floor":12,"turns":4},{"damage":21,"enemies":"3 Sentries","floor":13,"turns":8},{"damage":6,"enemies":"Blue Slaver","floor":14,"turns":3},{"damage":39,"enemies":"The Guardian","floor":16,"turns":13},{"damage":30,"enemies":"2 Thieves","floor":18,"turns":4},{"damage":27,"enemies":"Shell Parasite","floor":19,"turns":5},{"damage":30,"enemies":"Book of Stabbing","floor":24,"turns":5}],"seed_played":"-3268163997152097156","potions_obtained":[{"floor":1,"key":"BloodPotion"},{"floor":8,"key":"Swift Potion"},{"floor":13,"key":"SkillPotion"}],"is_trial":false,"path_per_floor":["M","?","$","M","$","R","$","M","T","M","?","M","E","M","R","B",null,"M","M","?","$","?","R","E"],"character_chosen":"IRONCLAD","items_purchased":["Pommel Strike","Bottled Tornado"],"campfire_rested":1,"item_purchase_floors":[3,21],"current_hp_per_floor":[74,74,74,75,75,75,75,75,75,75,80,72,57,57,57,44,71,47,26,26,26,5,29,0],"gold":28,"neow_bonus":"THREE_ENEMY_KILL","is_prod":false,"is_daily":false,"chose_seed":false,"campfire_upgraded":2,"win_rate":0,"timestamp":1566615548,"path_taken":["M","?","?","M","?","R","$","M","T","M","?","?","E","M","R","BOSS","M","M","?","$","?","R","E"],"build_version":"2019-07-17","purchased_purges":0,"victory":false,"max_hp_per_floor":[75,75,75,75,75,75,75,75,75,75,80,80,80,80,80,80,80,80,80,80,80,80,80,80],"card_choices":[{"not_picked":["Sever Soul","Havoc"],"picked":"Shockwave","floor":1},{"not_picked":["Bloodletting","Anger"],"picked":"Cleave","floor":4},{"not_picked":["Headbutt","Clash"],"picked":"Armaments","floor":8},{"not_picked":["Wild Strike","Spot Weakness"],"picked":"Metallicize","floor":10},{"not_picked":["Wild Strike","Feel No Pain"],"picked":"Evolve","floor":12},{"not_picked":["Heavy Blade","Warcry","Twin Strike"],"picked":"SKIP","floor":13},{"not_picked":["Thunderclap","Twin Strike","Inflame"],"picked":"Clothesline","floor":14},{"not_picked":["Impervious","Offering","Demon Form"],"picked":"Juggernaut","floor":16},{"not_picked":["Anger","True Grit","Headbutt","Iron Wave"],"picked":"SKIP","floor":18},{"not_picked":["True Grit","Entrench","Perfected Strike"],"picked":"Carnage","floor":19}],"player_experience":196954,"relics_obtained":[{"floor":9,"key":"Orichalcum"},{"floor":13,"key":"Question Card"},{"floor":22,"key":"Enchiridion"}],"event_choices":[{"cards_removed":["Strike_R"],"damage_healed":0,"gold_gain":0,"player_choice":"Purged","damage_taken":0,"max_hp_gain":0,"max_hp_loss":0,"event_name":"Purifier","floor":2,"gold_loss":0},{"damage_healed":0,"gold_gain":0,"player_choice":"Donut","damage_taken":0,"max_hp_gain":5,"max_hp_loss":0,"event_name":"Big Fish","floor":11,"gold_loss":0},{"damage_healed":0,"gold_gain":0,"player_choice":"Obtained Relic","damage_taken":0,"relics_obtained":["The Courier"],"max_hp_gain":0,"max_hp_loss":0,"event_name":"Addict","floor":20,"gold_loss":85},{"damage_healed":0,"gold_gain":0,"player_choice":"Obtained Book","damage_taken":21,"max_hp_gain":0,"max_hp_loss":0,"event_name":"Cursed Tome","floor":22,"gold_loss":0}],"is_beta":false,"boss_relics":[{"not_picked":["White Beast Statue","Tiny House"],"picked":"Sozu"}],"items_purged_floors":[],"is_endless":false,"potions_floor_spawned":[1,8,10,13,14,18],"killed_by":"Book of Stabbing","ascension_level":17}