{"gold_per_floor":[113,126,136,136,148,179,179,206,206,206,216,235,10,27,27,104,104,122,122,136,153,165,199,199,227,227,254,268,281,281,292,292,365,365,383,483,32,81,81,114,133,133,133,151,171,185,216,234,234,234],"floor_reached":51,"playtime":3549,"items_purged":["Strike_G"],"score":1452,"play_id":"8812729d-1512-477d-9b88-9628d5d54491","local_time":"20190826150918","is_ascension_mode":true,"campfire_choices":[{"floor":7.0,"key":"REST"},{"data":"Burst","floor":10.0,"key":"SMITH"},{"data":"Neutralize","floor":15.0,"key":"SMITH"},{"floor":24.0,"key":"REST"},{"floor":32.0,"key":"REST"},{"floor":42.0,"key":"REST"},{"floor":49.0,"key":"REST"}],"neow_cost":"PERCENT_DAMAGE","seed_source_timestamp":0,"circlet_count":0,"master_deck":["AscendersBane","Strike_G+1","Strike_G+1","Strike_G","Defend_G","Defend_G","Defend_G","Defend_G","Defend_G","Survivor","Neutralize+1","Escape Plan","Well Laid Plans","Deadly Poison","Dodge and Roll","Poisoned Stab","Burst+1","Dash+1","Dagger Throw+1","Bane+1","Bane+1","Corpse Explosion","Backflip","All Out Attack+1","Masterful Stab+1","Bouncing Flask","Glass Knife+1","Quick Slash+1","Sucker Punch+1","Backflip+1","Blur+1","PiercingWail+1","Adrenaline+1","Burst+1","Deadly Poison+1","Backflip+1","Dagger Spray+1","Dodge and Roll+1","Die Die Die+1","Bane+1","Poisoned Stab+1","Quick Slash+1","Leg Sweep+1","Catalyst+1","Noxious Fumes","PiercingWail+1","Bane+1"],"special_seed":0,"relics":["Ring of the Snake","Mercury Hourglass","Oddly Smooth Stone","Molten Egg 2","Potion Belt","Sozu","Toxic Egg 2","Lantern","Whetstone","Regal Pillow","Fusion Hammer","Prayer Wheel","TwistedFunnel","Blood Vial","Calipers","FossilizedHelix","Bottled Tornado","Bag of Marbles"],"potions_floor_usage":[50],"damage_taken":[{"damage":1.0,"enemies":"Cultist","floor":1.0,"turns":6.0},{"damage":0.0,"enemies":"Small Slimes","floor":2.0,"turns":5.0},{"damage":0.0,"enemies":"Jaw Worm","floor":3.0,"turns":5.0},{"damage":0.0,"enemies":"2 Fungi Beasts","floor":5.0,"turns":5.0},{"damage":28.0,"enemies":"Lagavulin","floor":6.0,"turns":9.0},{"damage":13.0,"enemies":"3 Sentries","floor":8.0,"turns":9.0},{"damage":4.0,"enemies":"Exordium Thugs","floor":11.0,"turns":4.0},{"damage":0.0,"enemies":"Large Slime","floor":12.0,"turns":5.0},{"damage":0.0,"enemies":"Blue Slaver","floor":14.0,"turns":2.0},{"damage":3.0,"enemies":"The Guardian","floor":16.0,"turns":9.0},{"damage":0.0,"enemies":"Chosen","floor":18.0,"turns":4.0},{"damage":0.0,"enemies":"Spheric Guardian","floor":20.0,"turns":5.0},{"damage":10.0,"enemies":"Centurion and Healer","floor":21.0,"turns":4.0},{"damage":0.0,"enemies":"Snake Plant","floor":22.0,"turns":3.0},{"damage":9.0,"enemies":"Book of Stabbing","floor":23.0,"turns":4.0},{"damage":30.0,"enemies":"Gremlin Leader","floor":25.0,"turns":5.0},{"damage":0.0,"enemies":"Slavers","floor":27.0,"turns":4.0},{"damage":0.0,"enemies":"Cultist and Chosen","floor":28.0,"turns":4.0},{"damage":4.0,"enemies":"Shelled Parasite and Fungi","floor":29.0,"turns":3.0},{"damage":6.0,"enemies":"Snake Plant","floor":31.0,"turns":2.0},{"damage":54.0,"enemies":"Collector","floor":33.0,"turns":7.0},{"damage":0.0,"enemies":"3 Darklings","floor":35.0,"turns":3.0},{"damage":6.0,"enemies":"Mind Bloom Boss Battle","floor":36.0,"turns":6.0},{"damage":9.0,"enemies":"2 Orb Walkers","floor":38.0,"turns":5.0},{"damage":30.0,"enemies":"Nemesis","floor":40.0,"turns":7.0},{"damage":0.0,"enemies":"3 Shapes","floor":41.0,"turns":2.0},{"damage":0.0,"enemies":"Sphere and 2 Shapes","floor":44.0,"turns":4.0},{"damage":0.0,"enemies":"Writhing Mass","floor":45.0,"turns":4.0},{"damage":0.0,"enemies":"Maw","floor":46.0,"turns":5.0},{"damage":0.0,"enemies":"Reptomancer","floor":47.0,"turns":5.0},{"damage":0.0,"enemies":"Jaw Worm Horde","floor":48.0,"turns":2.0},{"damage":12,"enemies":"Time Eater","floor":50,"turns":6}],"seed_played":"-8928628793198600301","potions_obtained":[{"floor":6.0,"key":"LiquidBronze"},{"floor":8.0,"key":"SkillPotion"},{"floor":11.0,"key":"SneckoOil"},{"floor":14.0,"key":"PowerPotion"},{"floor":16.0,"key":"Energy Potion"}],"is_trial":false,"path_per_floor":["M","M","M","?","M","E","R","E","T","R","M","M","$","M","R","B",null,"M","?","M","M","M","E","R","E","T","E","M","M","?","M","R","B",null,"M","?","$","?","?","E","M","R","T","M","M","M","E","M","R","B",null],"character_chosen":"THE_SILENT","items_purchased":["Potion Belt","Bane+1","Block Potion","TwistedFunnel","Blood Vial","Dagger Spray+1"],"campfire_rested":5,"item_purchase_floors":[13,13,13,37,37,37],"current_hp_per_floor":[55,55,55,55,55,27,50,37,37,37,33,33,33,33,33,30,66,66,66,66,56,56,47,70,40,40,40,40,36,36,30,68,14,62,62,56,56,49,49,21,23,60,60,62,64,66,68,70,74,62],"gold":234,"neow_bonus":"TWENTY_PERCENT_HP_BONUS","is_prod":false,"is_daily":false,"chose_seed":false,"campfire_upgraded":2,"win_rate":1,"timestamp":1566796158,"path_taken":["M","M","M","?","M","E","R","E","T","R","?","M","$","M","R","BOSS","M","?","M","?","M","E","R","E","T","E","M","M","?","M","R","BOSS","M","?","$","?","?","E","M","R","T","?","M","M","E","M","R","BOSS"],"build_version":"2019-07-17","purchased_purges":1,"victory":true,"max_hp_per_floor":[78,78,78,78,78,78,78,78,78,78,78,78,78,78,78,78,78,78,78,78,78,78,78,78,78,78,78,78,78,78,78,78,78,78,78,78,78,78,74,74,74,74,74,74,74,74,74,74,74,74],"card_choices":[{"not_picked":["Dodge and Roll","Flying Knee"],"picked":"Escape Plan","floor":1.0},{"not_picked":["Footwork","Deadly Poison"],"picked":"Well Laid Plans","floor":2.0},{"not_picked":["Cloak And Dagger","Prepared"],"picked":"Deadly Poison","floor":3.0},{"not_picked":["Outmaneuver","Distraction"],"picked":"Dodge and Roll","floor":5.0},{"not_picked":["Expertise","Flying Knee"],"picked":"Poisoned Stab","floor":6.0},{"not_picked":["Flying Knee","Poisoned Stab"],"picked":"Burst","floor":8.0},{"not_picked":["Dodge and Roll","Flechettes+1"],"picked":"Dash+1","floor":11.0},{"not_picked":["Flying Knee+1","Skewer+1"],"picked":"Dagger Throw+1","floor":12.0},{"not_picked":["Acrobatics","Prepared"],"picked":"Bane+1","floor":14.0},{"not_picked":["Grand Finale+1","After Image"],"picked":"Corpse Explosion","floor":16.0},{"not_picked":["Bane+1","Dagger Throw+1"],"picked":"Backflip","floor":18.0},{"not_picked":["Deflect+1","Slice+1"],"picked":"All Out Attack+1","floor":20.0},{"not_picked":["Dodge and Roll","Prepared"],"picked":"Masterful Stab+1","floor":21.0},{"not_picked":["Bane+1","Underhanded Strike+1"],"picked":"Bouncing Flask","floor":22.0},{"not_picked":["Setup","Flechettes+1"],"picked":"Glass Knife+1","floor":23.0},{"not_picked":["Outmaneuver+1","Slice+1"],"picked":"Quick Slash+1","floor":25.0},{"not_picked":["Distraction+1","Quick Slash+1"],"picked":"Sucker Punch+1","floor":27.0},{"not_picked":["Predator+1","Distraction+1"],"picked":"Backflip+1","floor":28.0},{"not_picked":["Sucker Punch+1","Terror+1"],"picked":"Blur+1","floor":29.0},{"not_picked":["Flying Knee+1","Blade Dance+1"],"picked":"Adrenaline+1","floor":31.0},{"not_picked":["Night Terror+1","Corpse Explosion+1"],"picked":"Burst+1","floor":33.0},{"not_picked":["Outmaneuver+1","Underhanded Strike+1"],"picked":"Deadly Poison+1","floor":35.0},{"not_picked":["Skewer+1","Tactician+1"],"picked":"Backflip+1","floor":36.0},{"not_picked":["Noxious Fumes","Footwork"],"picked":"Dodge and Roll+1","floor":38.0},{"not_picked":["Escape Plan+1","Skewer+1"],"picked":"Die Die Die+1","floor":40.0},{"not_picked":["Predator+1","Tactician+1"],"picked":"Bane+1","floor":41.0},{"not_picked":["Eviscerate+1","Flying Knee+1"],"picked":"Poisoned Stab+1","floor":41.0},{"not_picked":["Deflect+1","Infinite Blades"],"picked":"Quick Slash+1","floor":44.0},{"not_picked":["Flying Knee+1","Reflex+1","Prepared+1"],"picked":"SKIP","floor":44.0},{"not_picked":["Prepared+1","Acrobatics+1"],"picked":"Leg Sweep+1","floor":45.0},{"not_picked":["Endless Agony+1","Sucker Punch+1"],"picked":"Catalyst+1","floor":45.0},{"not_picked":["Outmaneuver+1","Dagger Spray+1"],"picked":"Noxious Fumes","floor":46.0},{"not_picked":["Underhanded Strike+1","Deadly Poison+1"],"picked":"PiercingWail+1","floor":46.0},{"not_picked":["Finisher+1","Infinite Blades+1","Acrobatics+1"],"picked":"SKIP","floor":47.0},{"not_picked":["Sucker Punch+1","Noxious Fumes"],"picked":"Bane+1","floor":48.0},{"not_picked":["Storm of Steel+1","Acrobatics+1","Underhanded Strike+1"],"picked":"SKIP","floor":48.0}],"player_experience":76431,"relics_obtained":[{"floor":6.0,"key":"Mercury Hourglass"},{"floor":8.0,"key":"Oddly Smooth Stone"},{"floor":9.0,"key":"Molten Egg 2"},{"floor":23.0,"key":"Toxic Egg 2"},{"floor":25.0,"key":"Lantern"},{"floor":26.0,"key":"Whetstone"},{"floor":27.0,"key":"Regal Pillow"},{"floor":36.0,"key":"Prayer Wheel"},{"floor":38.0,"key":"Calipers"},{"floor":40.0,"key":"FossilizedHelix"},{"floor":43.0,"key":"Bottled Tornado"},{"floor":47.0,"key":"Bag of Marbles"}],"event_choices":[{"cards_removed":["Strike_G"],"damage_healed":0.0,"max_hp_gain":0.0,"max_hp_loss":0.0,"gold_gain":0.0,"event_name":"Bonfire Elementals","player_choice":"Offered Basic","floor":4.0,"gold_loss":0.0,"damage_taken":0.0},{"damage_healed":0.0,"max_hp_gain":0.0,"max_hp_loss":0.0,"gold_gain":0.0,"event_name":"The Woman in Blue","player_choice":"Bought 0 Potions","floor":19.0,"gold_loss":0.0,"damage_taken":0.0},{"damage_healed":0.0,"max_hp_gain":0.0,"max_hp_loss":0.0,"gold_gain":0.0,"event_name":"The Library","player_choice":"Read","floor":30.0,"gold_loss":0.0,"damage_taken":0.0,"cards_obtained":["PiercingWail"]},{"damage_healed":0.0,"max_hp_gain":0.0,"max_hp_loss":0.0,"gold_gain":0.0,"event_name":"MindBloom","player_choice":"Fight","floor":36.0,"gold_loss":0.0,"damage_taken":0.0},{"damage_healed":0.0,"max_hp_gain":0.0,"max_hp_loss":0.0,"gold_gain":0.0,"event_name":"Mysterious Sphere","player_choice":"Fight","floor":38.0,"gold_loss":0.0,"damage_taken":0.0},{"damage_healed":0.0,"max_hp_gain":0.0,"max_hp_loss":4.0,"gold_gain":0.0,"event_name":"Winding Halls","player_choice":"Max HP","floor":39.0,"gold_loss":0.0,"damage_taken":0.0}],"is_beta":false,"boss_relics":[{"not_picked":["Astrolabe","Busted Crown"],"picked":"Sozu"},{"not_picked":["WristBlade","Philosopher\u0027s Stone"],"picked":"Fusion Hammer"}],"items_purged_floors":[37],"is_endless":false,"potions_floor_spawned":[6,8,11,14,16,20,25,29,31,33,36,41,44,45,48],"ascension_level":14}