{"gold_per_floor":[109,9,24,100,0,0,16,16,16,16,16,16,16,26,26,130,130,141,63,75,94,94,94,114,114,164,164,39,39,53,69,69,173,173,184,196,42,57,157,188,188,205,230,7,19,19,35,51,51,51],"floor_reached":50,"playtime":2714,"items_purged":["Strike_R","Strike_R","Pain","Bash+1"],"score":514,"play_id":"1eebeabe-26fb-4d25-bd90-f6f88488e13d","local_time":"20190821231611","is_ascension_mode":false,"campfire_choices":[{"data":"Rage","floor":6,"key":"SMITH"},{"data":"Flex","floor":8,"key":"SMITH"},{"data":"Strike_R","floor":13,"key":"SMITH"},{"data":"Defend_R","floor":15,"key":"SMITH"},{"data":"Defend_R","floor":23,"key":"SMITH"},{"data":"Defend_R","floor":29,"key":"SMITH"},{"floor":32,"key":"REST"},{"data":"Corruption","floor":41,"key":"SMITH"},{"data":"Dual Wield","floor":49,"key":"SMITH"}],"neow_cost":"NONE","seed_source_timestamp":544556350129300,"circlet_count":0,"master_deck":["Defend_R+1","Defend_R+1","Defend_R+1","Battle Trance+1","Rage+1","Flex+1","Bludgeon+1","Whirlwind+1","Corruption+1","Flex+1","Shrug It Off","Armaments","Shrug It Off","Dual Wield+1"],"relics":["Burning Blood","Molten Egg 2","Whetstone","Runic Pyramid","WarpedTongs","Kunai","Pen Nib","Nilry\u0027s Codex","Empty Cage","Bag of Preparation","Dead Branch","Art of War","Red Skull"],"potions_floor_usage":[21,24,30,31,48,50,50],"damage_taken":[{"damage":6,"enemies":"Cultist","floor":1,"turns":3},{"damage":4,"enemies":"2 Louse","floor":3,"turns":3},{"damage":11,"enemies":"Jaw Worm","floor":7,"turns":3},{"damage":0,"enemies":"Looter","floor":14,"turns":2},{"damage":25,"enemies":"The Guardian","floor":16,"turns":8},{"damage":0,"enemies":"3 Byrds","floor":18,"turns":5},{"damage":7,"enemies":"Shell Parasite","floor":20,"turns":3},{"damage":3,"enemies":"Snecko","floor":21,"turns":3},{"damage":13,"enemies":"Centurion and Healer","floor":24,"turns":3},{"damage":3,"enemies":"Shelled Parasite and Fungi","floor":30,"turns":5},{"damage":10,"enemies":"Cultist and Chosen","floor":31,"turns":3},{"damage":17,"enemies":"Collector","floor":33,"turns":6},{"damage":2,"enemies":"3 Darklings","floor":35,"turns":2},{"damage":2,"enemies":"Orb Walker","floor":36,"turns":3},{"damage":0,"enemies":"Transient","floor":38,"turns":5},{"damage":22,"enemies":"Mind Bloom Boss Battle","floor":39,"turns":4},{"damage":3,"enemies":"Giant Head","floor":40,"turns":4},{"damage":19,"enemies":"Writhing Mass","floor":42,"turns":5},{"damage":6,"enemies":"4 Shapes","floor":45,"turns":1},{"damage":0,"enemies":"Sphere and 2 Shapes","floor":47,"turns":2},{"damage":6,"enemies":"3 Darklings","floor":48,"turns":2},{"damage":69,"enemies":"Time Eater","floor":50,"turns":7}],"seed_played":"8139013802555797213","potions_obtained":[{"floor":1,"key":"BloodPotion"},{"floor":12,"key":"AttackPotion"},{"floor":12,"key":"Block Potion"},{"floor":12,"key":"Strength Potion"},{"floor":21,"key":"FearPotion"},{"floor":31,"key":"Swift Potion"},{"floor":39,"key":"SteroidPotion"},{"floor":40,"key":"Poison Potion"},{"floor":47,"key":"Fruit Juice"}],"is_trial":false,"path_per_floor":["M","$","M","T","$","R","M","R","T","?","?","?","R","M","R","B",null,"M","$","M","M","?","R","M","?","T","?","$","R","M","M","R","B",null,"M","M","$","M","?","E","R","M","T","$","M","$","M","M","R","B"],"character_chosen":"IRONCLAD","items_purchased":["Flex","Whirlwind+1","Bag of Preparation","Shrug It Off","Armaments"],"campfire_rested":1,"item_purchase_floors":[2,19,37,44,44],"current_hp_per_floor":[80,80,80,80,80,80,75,75,75,75,68,68,68,74,74,55,80,80,80,79,80,80,80,73,73,73,57,57,57,60,56,80,69,80,80,80,80,80,64,67,67,54,54,54,54,54,60,65,65,0],"gold":51,"neow_bonus":"TRANSFORM_CARD","is_prod":false,"is_daily":false,"chose_seed":false,"campfire_upgraded":8,"win_rate":0,"timestamp":1566393371,"path_taken":["M","$","M","?","$","R","?","R","T","?","?","?","R","M","R","BOSS","M","$","M","?","?","R","?","?","T","?","?","R","M","M","R","BOSS","M","M","$","?","?","E","R","M","T","$","M","$","M","M","R","BOSS"],"build_version":"2019-07-17","purchased_purges":4,"victory":false,"max_hp_per_floor":[80,80,80,80,80,80,80,80,80,80,80,80,80,80,80,80,80,80,80,80,80,80,80,80,80,80,80,80,80,80,80,80,80,80,80,80,80,80,80,80,80,80,80,80,80,80,80,85,85,85],"card_choices":[{"not_picked":["Warcry","True Grit"],"picked":"Rage","floor":1},{"not_picked":["Twin Strike","Ghostly Armor","Wild Strike"],"picked":"SKIP","floor":3},{"not_picked":["Headbutt+1","Evolve","Exhume"],"picked":"SKIP","floor":7},{"not_picked":["Armaments","Warcry","Cleave+1"],"picked":"SKIP","floor":14},{"not_picked":["Juggernaut","Dark Embrace"],"picked":"Bludgeon+1","floor":16},{"not_picked":["Disarm","Bloodletting","Wild Strike+1"],"picked":"SKIP","floor":18},{"not_picked":["Heavy Blade+1","Thunderclap+1","Reaper+1"],"picked":"SKIP","floor":20},{"not_picked":["Clash+1","Armaments+1","Anger+1"],"picked":"SKIP","floor":21},{"not_picked":["Ghostly Armor","Warcry+1","Disarm+1"],"picked":"SKIP","floor":24},{"not_picked":["Heavy Blade+1","Clash+1","Iron Wave+1"],"picked":"SKIP","floor":30},{"not_picked":["Twin Strike+1","Ghostly Armor+1","True Grit"],"picked":"SKIP","floor":31},{"not_picked":["Blood for Blood+1","Iron Wave+1","Pommel Strike+1"],"picked":"SKIP","floor":35},{"not_picked":["Clash+1","Armaments+1","True Grit+1"],"picked":"SKIP","floor":36},{"not_picked":["Cleave+1","Twin Strike+1","Battle Trance+1"],"picked":"SKIP","floor":38},{"not_picked":["Cleave+1","Twin Strike+1","Battle Trance+1"],"picked":"SKIP","floor":38},{"not_picked":["True Grit","Body Slam+1"],"picked":"Corruption","floor":40},{"not_picked":["Rupture+1","Second Wind"],"picked":"Flex+1","floor":42},{"not_picked":["Reckless Charge+1","Searing Blow+1","Berserk"],"picked":"SKIP","floor":45},{"not_picked":["Anger+1","Sword Boomerang+1"],"picked":"Shrug It Off","floor":47},{"not_picked":["Hemokinesis+1","Fire Breathing+1"],"picked":"Dual Wield","floor":48}],"player_experience":79078,"relics_obtained":[{"floor":4,"key":"Molten Egg 2"},{"floor":9,"key":"Whetstone"},{"floor":26,"key":"Pen Nib"},{"floor":27,"key":"Nilry\u0027s Codex"},{"floor":39,"key":"Dead Branch"},{"floor":40,"key":"Art of War"},{"floor":43,"key":"Red Skull"}],"event_choices":[{"damage_healed":0,"gold_gain":0,"player_choice":"Grow","damage_taken":0,"max_hp_gain":0,"max_hp_loss":0,"event_name":"Living Wall","floor":10,"gold_loss":0,"cards_upgraded":["Battle Trance"]},{"cards_removed":["Defend_R"],"damage_healed":0,"gold_gain":0,"player_choice":"Card Removal","damage_taken":7,"max_hp_gain":0,"max_hp_loss":0,"event_name":"Golden Wing","floor":11,"gold_loss":0},{"damage_healed":0,"gold_gain":0,"player_choice":"Got Potions","damage_taken":0,"max_hp_gain":0,"max_hp_loss":0,"event_name":"Lab","floor":12,"gold_loss":0},{"damage_healed":0,"gold_gain":0,"player_choice":"Rummage","damage_taken":0,"relics_obtained":["WarpedTongs"],"max_hp_gain":0,"max_hp_loss":0,"event_name":"Accursed Blacksmith","floor":22,"gold_loss":0,"cards_obtained":["Pain"]},{"damage_healed":0,"gold_gain":0,"player_choice":"Opened","damage_taken":0,"relics_obtained":["Kunai"],"max_hp_gain":0,"max_hp_loss":0,"event_name":"The Mausoleum","floor":25,"gold_loss":0},{"damage_healed":0,"gold_gain":0,"player_choice":"Obtained Book","damage_taken":16,"max_hp_gain":0,"max_hp_loss":0,"event_name":"Cursed Tome","floor":27,"gold_loss":0},{"damage_healed":0,"gold_gain":0,"player_choice":"Fight","damage_taken":0,"max_hp_gain":0,"max_hp_loss":0,"event_name":"MindBloom","floor":39,"gold_loss":0}],"is_beta":false,"boss_relics":[{"not_picked":["Philosopher\u0027s Stone","Calling Bell"],"picked":"Runic Pyramid"},{"not_picked":["Busted Crown","Sozu"],"picked":"Empty Cage"}],"items_purged_floors":[2,5,28,44],"is_endless":false,"potions_floor_spawned":[1,14,16,21,31,39,40,42,47],"killed_by":"Time Eater","ascension_level":0}