{"gold_per_floor":[118,39,39,39,39,67,67,77,101,101,131,131,131,142,142,246,246,260,274,289,204,129,129,129,139,163,12,12,27,37,51,51,148,148,163,0,16,33,33,33,45,57,57,73,88,99,116,135,135,135],"floor_reached":51,"playtime":2761,"items_purged":["Strike_B+1"],"score":740,"play_id":"1934ef9b-a4bf-4e19-a8ba-4ed19adcf693","local_time":"20190818183151","is_ascension_mode":false,"campfire_choices":[{"data":"Zap","floor":7,"key":"SMITH"},{"data":"Auto Shields","floor":12,"key":"SMITH"},{"data":"Beam Cell","floor":15,"key":"SMITH"},{"data":"Dualcast","floor":23,"key":"SMITH"},{"data":"Defragment","floor":28,"key":"SMITH"},{"data":"All For One","floor":32,"key":"SMITH"},{"data":"Sunder","floor":40,"key":"SMITH"},{"floor":49,"key":"REST"}],"neow_cost":"NONE","seed_source_timestamp":268241683965999,"circlet_count":0,"master_deck":["Strike_B+1","Strike_B+1","Defend_B+1","Defend_B+1","Defend_B+1","Defend_B+1","Zap+1","Dualcast+1","Capacitor","Auto Shields+1","Rebound+1","Beam Cell+1","Gash","Doom and Gloom+1","Gash","All For One+1","Defragment+1","Gash+1","Cold Snap+1","White Noise+1","Sunder+1","Conserve Battery+1","Gash+1"],"relics":["Cracked Core","NeowsBlessing","Gremlin Horn","Bag of Preparation","Potion Belt","Orichalcum","Runic Pyramid","Lantern","Pen Nib","Busted Crown","Red Mask","War Paint"],"potions_floor_usage":[11,25,33,33,33,33,33,46,50,50,50,50],"damage_taken":[{"damage":0,"enemies":"Cultist","floor":1,"turns":1},{"damage":0,"enemies":"Gremlin Nob","floor":6,"turns":1},{"damage":0,"enemies":"2 Louse","floor":8,"turns":1},{"damage":22,"enemies":"3 Sentries","floor":11,"turns":8},{"damage":0,"enemies":"Small Slimes","floor":14,"turns":4},{"damage":26,"enemies":"The Guardian","floor":16,"turns":11},{"damage":0,"enemies":"Shell Parasite","floor":18,"turns":5},{"damage":21,"enemies":"2 Thieves","floor":19,"turns":5},{"damage":12,"enemies":"Snake Plant","floor":20,"turns":4},{"damage":20,"enemies":"Snecko","floor":25,"turns":7},{"damage":2,"enemies":"3 Cultists","floor":29,"turns":4},{"damage":1,"enemies":"Centurion and Healer","floor":30,"turns":4},{"damage":0,"enemies":"Sentry and Sphere","floor":31,"turns":3},{"damage":0,"enemies":"Automaton","floor":33,"turns":5},{"damage":0,"enemies":"Orb Walker","floor":35,"turns":2},{"damage":6,"enemies":"3 Shapes","floor":37,"turns":2},{"damage":0,"enemies":"Jaw Worm Horde","floor":38,"turns":3},{"damage":5,"enemies":"Writhing Mass","floor":41,"turns":4},{"damage":0,"enemies":"Transient","floor":42,"turns":5},{"damage":11,"enemies":"Maw","floor":44,"turns":5},{"damage":1,"enemies":"4 Shapes","floor":45,"turns":4},{"damage":0,"enemies":"Sphere and 2 Shapes","floor":46,"turns":4},{"damage":0,"enemies":"Transient","floor":47,"turns":5},{"damage":0,"enemies":"3 Darklings","floor":48,"turns":3},{"damage":41,"enemies":"Time Eater","floor":50,"turns":7}],"seed_played":"-2143567372392010670","potions_obtained":[{"floor":6,"key":"Block Potion"},{"floor":8,"key":"FocusPotion"},{"floor":16,"key":"FocusPotion"},{"floor":19,"key":"LiquidBronze"},{"floor":29,"key":"Strength Potion"},{"floor":30,"key":"FocusPotion"},{"floor":31,"key":"AttackPotion"},{"floor":33,"key":"Regen Potion"},{"floor":35,"key":"FearPotion"},{"floor":41,"key":"SkillPotion"},{"floor":45,"key":"SkillPotion"},{"floor":48,"key":"SpeedPotion"}],"is_trial":false,"path_per_floor":["M","$","?","?","$","E","R","M","T","?","E","R","?","M","R","B",null,"M","M","M","?","?","R","?","M","T","$","R","M","M","M","R","B",null,"M","?","M","M","?","R","M","M","T","M","M","M","M","M","R","B",null],"character_chosen":"DEFECT","items_purchased":["Auto Shields","Defragment"],"campfire_rested":1,"item_purchase_floors":[2,27],"current_hp_per_floor":[75,75,75,68,68,68,68,68,68,73,51,51,51,51,51,25,80,80,59,47,47,47,47,47,27,27,27,27,25,24,24,24,24,80,80,80,74,74,74,74,69,69,69,58,57,57,57,57,80,53],"gold":135,"neow_bonus":"THREE_ENEMY_KILL","is_prod":false,"is_daily":false,"chose_seed":false,"campfire_upgraded":7,"win_rate":0.0,"timestamp":1566117111,"path_taken":["M","$","?","?","$","E","R","M","T","?","E","R","?","M","R","BOSS","M","M","M","?","?","R","?","M","T","$","R","M","M","M","R","BOSS","M","?","M","M","?","R","M","M","T","M","M","M","M","M","R","BOSS"],"build_version":"2019-07-17","purchased_purges":1,"victory":true,"max_hp_per_floor":[75,75,75,75,75,75,75,75,75,80,80,80,80,80,80,80,80,80,80,80,80,80,80,80,80,80,80,80,80,80,80,80,80,80,80,80,80,80,80,80,80,80,80,80,80,80,80,80,80,80],"card_choices":[{"not_picked":["Ball Lightning","Heatsinks"],"picked":"Capacitor","floor":1},{"not_picked":["Beam Cell","Hologram"],"picked":"Rebound","floor":6},{"not_picked":["Static Discharge","Hologram","Ball Lightning"],"picked":"SKIP","floor":8},{"not_picked":["Ball Lightning","Turbo"],"picked":"Beam Cell","floor":11},{"not_picked":["Reprogram","Hologram","Biased Cognition"],"picked":"SKIP","floor":14},{"not_picked":["Fusion+1","Steam"],"picked":"Gash","floor":18},{"not_picked":["Steam+1","Beam Cell"],"picked":"Doom and Gloom+1","floor":19},{"not_picked":["Steam","Barrage"],"picked":"Gash","floor":20},{"not_picked":["Turbo+1","Go for the Eyes"],"picked":"All For One","floor":25},{"not_picked":["Turbo","Cold Snap"],"picked":"Gash+1","floor":29},{"not_picked":["Ball Lightning","Redo"],"picked":"Cold Snap+1","floor":30},{"not_picked":["Undo","Ball Lightning","Fusion"],"picked":"SKIP","floor":31},{"not_picked":["Undo+1"],"picked":"SKIP","floor":35},{"not_picked":[],"picked":"White Noise+1","floor":37},{"not_picked":[],"picked":"Sunder","floor":38},{"not_picked":[],"picked":"Conserve Battery+1","floor":41},{"not_picked":["Stack"],"picked":"SKIP","floor":42},{"not_picked":["Beam Cell"],"picked":"SKIP","floor":44},{"not_picked":["Melter"],"picked":"SKIP","floor":45},{"not_picked":[],"picked":"Gash+1","floor":46},{"not_picked":["Self Repair+1"],"picked":"SKIP","floor":47},{"not_picked":["Genetic Algorithm+1"],"picked":"SKIP","floor":48}],"player_experience":58051,"relics_obtained":[{"floor":6,"key":"Bag of Preparation"},{"floor":9,"key":"Potion Belt"},{"floor":11,"key":"Orichalcum"},{"floor":26,"key":"Pen Nib"},{"floor":43,"key":"War Paint"}],"event_choices":[{"damage_healed":0,"gold_gain":0,"player_choice":"Leave","damage_taken":0,"max_hp_gain":0,"max_hp_loss":0,"event_name":"The Cleric","floor":3,"gold_loss":0},{"damage_healed":0,"gold_gain":0,"player_choice":"Success","damage_taken":7,"relics_obtained":["Gremlin Horn"],"max_hp_gain":0,"max_hp_loss":0,"event_name":"Scrap Ooze","floor":4,"gold_loss":0},{"damage_healed":0,"gold_gain":0,"player_choice":"Donut","damage_taken":0,"max_hp_gain":5,"max_hp_loss":0,"event_name":"Big Fish","floor":10,"gold_loss":0},{"damage_healed":0,"gold_gain":0,"player_choice":"Grow","damage_taken":0,"max_hp_gain":0,"max_hp_loss":0,"event_name":"Living Wall","floor":13,"gold_loss":0,"cards_upgraded":["Rebound"]},{"damage_healed":0,"gold_gain":0,"player_choice":"Obtained Relic","damage_taken":0,"relics_obtained":["Lantern"],"max_hp_gain":0,"max_hp_loss":0,"event_name":"Addict","floor":21,"gold_loss":85},{"cards_removed":["Strike_B"],"damage_healed":0,"gold_gain":0,"player_choice":"Gave Gold","damage_taken":0,"max_hp_gain":0,"max_hp_loss":0,"event_name":"Beggar","floor":22,"gold_loss":75},{"damage_healed":0,"gold_gain":0,"player_choice":"Simplicity","damage_taken":0,"max_hp_gain":0,"max_hp_loss":0,"event_name":"Back to Basics","floor":24,"gold_loss":0,"cards_upgraded":["Strike_B","Strike_B","Strike_B","Defend_B","Defend_B","Defend_B","Defend_B"]},{"damage_healed":0,"gold_gain":0,"player_choice":"Paid","damage_taken":0,"relics_obtained":["Red Mask"],"max_hp_gain":0,"max_hp_loss":0,"event_name":"Tomb of Lord Red Mask","floor":36,"gold_loss":163},{"damage_healed":0,"gold_gain":0,"player_choice":"Ignored","damage_taken":0,"max_hp_gain":0,"max_hp_loss":0,"event_name":"Mysterious Sphere","floor":39,"gold_loss":0}],"is_beta":false,"boss_relics":[{"not_picked":["Snecko Eye","Tiny House"],"picked":"Runic Pyramid"},{"not_picked":["Orrery","Eternal Feather"],"picked":"Busted Crown"}],"items_purged_floors":[27],"is_endless":false,"potions_floor_spawned":[6,8,16,19,29,30,31,33,35,41,45,48],"ascension_level":0}