{"gold_per_floor":[117,117,192,192,210,254,254,279,279,304,304,318,226,226,226,322,322,345,60,60,110,110,110],"floor_reached":23,"playtime":620,"items_purged":[],"score":346,"play_id":"ff861058-b375-465e-b269-614a154c6bae","local_time":"20190824135644","is_ascension_mode":true,"campfire_choices":[{"floor":7,"key":"REST"},{"floor":15,"key":"REST"}],"neow_cost":"NONE","seed_source_timestamp":206137645715000,"circlet_count":0,"master_deck":["AscendersBane","Strike_R+1","Strike_R+1","Strike_R+1","Strike_R+1","Defend_R+1","Defend_R+1","Defend_R+1","Defend_R+1","Bash","Hemokinesis","Shrug It Off","Infernal Blade","Armaments","Spot Weakness","Dark Shackles","Fiend Fire"],"relics":["Burning Blood","Bag of Marbles","Golden Idol","Singing Bowl","Pantograph","Mango","Sozu","Mummified Hand"],"potions_floor_usage":[12,16,23],"damage_taken":[{"damage":4,"enemies":"Small Slimes","floor":1,"turns":3},{"damage":5,"enemies":"Jaw Worm","floor":5,"turns":3},{"damage":50,"enemies":"3 Sentries","floor":6,"turns":10},{"damage":1,"enemies":"2 Louse","floor":8,"turns":2},{"damage":11,"enemies":"Blue Slaver","floor":10,"turns":4},{"damage":12,"enemies":"Exordium Thugs","floor":12,"turns":4},{"damage":64,"enemies":"Hexaghost","floor":16,"turns":9},{"damage":23,"enemies":"2 Thieves","floor":18,"turns":4},{"damage":55,"enemies":"Gremlin Leader","floor":23,"turns":7}],"seed_played":"1980747038846125463","potions_obtained":[{"floor":1,"key":"Energy Potion"},{"floor":8,"key":"Strength Potion"},{"floor":16,"key":"Strength Potion"}],"is_trial":false,"path_per_floor":["M","?","?","?","M","E","R","M","T","M","T","M","$","?","R","B",null,"M","$","?","?","$","E"],"character_chosen":"IRONCLAD","items_purchased":["Dark Shackles","Mummified Hand"],"campfire_rested":2,"item_purchase_floors":[13,19],"current_hp_per_floor":[70,63,52,52,53,9,29,34,34,31,45,39,39,27,52,19,68,53,53,53,53,53,0],"gold":110,"neow_bonus":"RANDOM_COMMON_RELIC","is_prod":false,"is_daily":false,"chose_seed":false,"campfire_upgraded":0,"win_rate":0,"timestamp":1566622604,"path_taken":["M","?","?","?","M","E","R","M","T","M","?","?","$","?","R","BOSS","M","?","?","?","?","E"],"build_version":"2019-07-17","purchased_purges":0,"victory":false,"max_hp_per_floor":[75,75,75,68,68,68,68,68,68,70,84,84,84,84,84,84,84,86,86,86,86,86,86],"card_choices":[{"not_picked":["Sword Boomerang","Warcry"],"picked":"Hemokinesis","floor":1},{"not_picked":["Wild Strike","Body Slam"],"picked":"Shrug It Off","floor":5},{"not_picked":["Pommel Strike","Intimidate"],"picked":"Infernal Blade","floor":6},{"not_picked":["Pommel Strike","Reckless Charge"],"picked":"Armaments","floor":8},{"not_picked":["True Grit","Burning Pact","Anger"],"picked":"Singing Bowl","floor":10},{"not_picked":["Heavy Blade","Rupture"],"picked":"Spot Weakness","floor":12},{"not_picked":["Berserk","Dark Embrace"],"picked":"Fiend Fire","floor":16},{"not_picked":["Cleave","Spot Weakness","Sword Boomerang"],"picked":"Singing Bowl","floor":18}],"player_experience":204120,"relics_obtained":[{"floor":6,"key":"Singing Bowl"},{"floor":9,"key":"Pantograph"},{"floor":11,"key":"Mango"}],"event_choices":[{"cards_removed":["Strike_R"],"damage_healed":0,"gold_gain":0,"player_choice":"Card Removal","damage_taken":7,"max_hp_gain":0,"max_hp_loss":0,"event_name":"Golden Wing","floor":2,"gold_loss":0},{"damage_healed":0,"gold_gain":75,"player_choice":"Gather Gold","damage_taken":11,"max_hp_gain":0,"max_hp_loss":0,"event_name":"World of Goop","floor":3,"gold_loss":0},{"damage_healed":0,"gold_gain":0,"player_choice":"Lose Max HP","damage_taken":0,"relics_obtained":["Golden Idol"],"max_hp_gain":0,"max_hp_loss":7,"event_name":"Golden Idol","floor":4,"gold_loss":0},{"damage_healed":0,"gold_gain":0,"player_choice":"Damaged","damage_taken":12,"max_hp_gain":0,"max_hp_loss":0,"event_name":"Wheel of Change","floor":14,"gold_loss":0},{"damage_healed":0,"gold_gain":0,"player_choice":"Simplicity","damage_taken":0,"max_hp_gain":0,"max_hp_loss":0,"event_name":"Back to Basics","floor":20,"gold_loss":0,"cards_upgraded":["Strike_R","Strike_R","Strike_R","Strike_R","Defend_R","Defend_R","Defend_R","Defend_R"]},{"damage_healed":0,"gold_gain":50,"player_choice":"Stole From Cult","damage_taken":0,"max_hp_gain":0,"max_hp_loss":0,"event_name":"Nest","floor":21,"gold_loss":0}],"is_beta":false,"boss_relics":[{"not_picked":["Snecko Eye","Black Blood"],"picked":"Sozu"}],"items_purged_floors":[],"is_endless":false,"potions_floor_spawned":[1,8,16],"killed_by":"Gremlin Leader","ascension_level":17}