{"gold_per_floor":[118,138,6,6,6,26,54,70,100,100,100,115,115,146,146,223,223,241,241,255,275,175,206,218,246,282,294,87,87,105,117,117,117],"floor_reached":33,"playtime":1774,"items_purged":["Doubt","Barricade"],"score":537,"play_id":"8d381287-5a4c-4e78-94cd-19426e1cb911","local_time":"20190824122851","is_ascension_mode":true,"campfire_choices":[{"data":"Discovery","floor":13,"key":"SMITH"},{"data":"Uppercut","floor":15,"key":"SMITH"},{"floor":24,"key":"REST"},{"data":"Bash","floor":27,"key":"SMITH"},{"floor":32,"key":"REST"}],"neow_cost":"CURSE","seed_source_timestamp":199711205636900,"circlet_count":0,"master_deck":["AscendersBane","Strike_R","Defend_R","Defend_R","Defend_R","Defend_R","Bash+1","Flash of Steel","Discovery+1","Uppercut+1","Pummel","Armaments+1","Flame Barrier","Limit Break","Entrench","Barricade+1","Hemokinesis+1","Corruption+1","Evolve","Pommel Strike+1","Infernal Blade+1"],"relics":["Burning Blood","Orichalcum","Tiny Chest","Singing Bowl","Pear","Astrolabe","Charon\u0027s Ashes","MawBank","Bag of Marbles","Membership Card"],"potions_floor_usage":[7,12,14,18,31,33],"damage_taken":[{"damage":10,"enemies":"Small Slimes","floor":1,"turns":6},{"damage":6,"enemies":"Jaw Worm","floor":2,"turns":4},{"damage":1,"enemies":"Cultist","floor":6,"turns":3},{"damage":14,"enemies":"3 Sentries","floor":7,"turns":8},{"damage":15,"enemies":"3 Louse","floor":8,"turns":3},{"damage":0,"enemies":"Lots of Slimes","floor":12,"turns":4},{"damage":13,"enemies":"Gremlin Nob","floor":14,"turns":4},{"damage":42,"enemies":"Hexaghost","floor":16,"turns":10},{"damage":14,"enemies":"Shell Parasite","floor":18,"turns":4},{"damage":41,"enemies":"Spheric Guardian","floor":20,"turns":8},{"damage":0,"enemies":"Snecko","floor":21,"turns":6},{"damage":23,"enemies":"Slavers","floor":23,"turns":5},{"damage":4,"enemies":"Centurion and Healer","floor":25,"turns":6},{"damage":21,"enemies":"Cultist and Chosen","floor":30,"turns":5},{"damage":5,"enemies":"Snecko","floor":31,"turns":3},{"damage":73,"enemies":"Collector","floor":33,"turns":7}],"seed_played":"-5024991676792235205","potions_obtained":[{"floor":1,"key":"Poison Potion"},{"floor":2,"key":"Explosive Potion"},{"floor":8,"key":"SteroidPotion"},{"floor":16,"key":"Energy Potion"},{"floor":18,"key":"FairyPotion"},{"floor":23,"key":"SteroidPotion"},{"floor":30,"key":"Strength Potion"}],"is_trial":false,"path_per_floor":["M","M","$","?","?","M","E","M","T","?","$","M","R","E","R","B",null,"M","?","M","M","$","E","R","M","T","R","$","$","M","M","R","B"],"character_chosen":"IRONCLAD","items_purchased":["Armaments","Membership Card"],"campfire_rested":2,"item_purchase_floors":[3,28],"current_hp_per_floor":[64,64,64,57,57,62,54,45,45,40,40,48,48,51,51,15,69,61,61,26,34,34,17,43,47,47,47,47,47,34,37,65,0],"gold":117,"neow_bonus":"RANDOM_COLORLESS_2","is_prod":false,"is_daily":false,"chose_seed":false,"campfire_upgraded":3,"win_rate":0,"timestamp":1566617331,"path_taken":["M","M","$","?","?","M","E","M","T","?","?","?","R","E","R","BOSS","M","?","?","M","?","E","R","M","T","R","?","$","?","M","R","BOSS"],"build_version":"2019-07-17","purchased_purges":2,"victory":false,"max_hp_per_floor":[75,75,75,75,75,75,75,75,75,75,75,77,77,87,87,87,87,87,87,87,89,89,89,89,91,91,91,91,91,93,95,95,95],"card_choices":[{"not_picked":["Clothesline","Flame Barrier"],"picked":"Uppercut","floor":1},{"not_picked":["Heavy Blade","Carnage"],"picked":"Pummel","floor":2},{"not_picked":["Battle Trance","Combust"],"picked":"Flame Barrier","floor":6},{"not_picked":["Headbutt","Seeing Red"],"picked":"Limit Break","floor":7},{"not_picked":["Headbutt","Body Slam","Warcry"],"picked":"SKIP","floor":8},{"not_picked":["Sword Boomerang","Havoc","Offering"],"picked":"Singing Bowl","floor":12},{"not_picked":["Hemokinesis","Armaments"],"picked":"Entrench","floor":14},{"not_picked":["Bludgeon","Impervious"],"picked":"Barricade","floor":16},{"not_picked":["Entrench","Infernal Blade"],"picked":"Evolve","floor":18},{"not_picked":["Havoc+1","Rage+1"],"picked":"Pommel Strike+1","floor":20},{"not_picked":["Intimidate","Ghostly Armor","Armaments"],"picked":"Singing Bowl","floor":21},{"not_picked":["Double Tap","Rampage"],"picked":"Infernal Blade+1","floor":23},{"not_picked":["Sword Boomerang","Cleave","Pommel Strike"],"picked":"Singing Bowl","floor":25},{"not_picked":["Clash","Clothesline","Perfected Strike"],"picked":"Singing Bowl","floor":30},{"not_picked":["Perfected Strike","Rampage+1","Clash"],"picked":"Singing Bowl","floor":31}],"player_experience":197770,"relics_obtained":[{"floor":7,"key":"Orichalcum"},{"floor":9,"key":"Tiny Chest"},{"floor":14,"key":"Pear"},{"floor":23,"key":"MawBank"},{"floor":26,"key":"Bag of Marbles"}],"event_choices":[{"cards_removed":["Strike_R"],"damage_healed":0,"gold_gain":0,"player_choice":"Card Removal","damage_taken":7,"max_hp_gain":0,"max_hp_loss":0,"event_name":"Golden Wing","floor":4,"gold_loss":0},{"damage_healed":0,"gold_gain":0,"player_choice":"Grow","damage_taken":0,"max_hp_gain":0,"max_hp_loss":0,"event_name":"Living Wall","floor":5,"gold_loss":0,"cards_upgraded":["Armaments"]},{"damage_healed":0,"gold_gain":0,"player_choice":"Success","damage_taken":5,"relics_obtained":["Singing Bowl"],"max_hp_gain":0,"max_hp_loss":0,"event_name":"Scrap Ooze","floor":10,"gold_loss":0},{"damage_healed":0,"gold_gain":0,"player_choice":"Gave Potion","damage_taken":0,"relics_obtained":["Charon\u0027s Ashes"],"max_hp_gain":0,"max_hp_loss":0,"event_name":"WeMeetAgain","floor":19,"gold_loss":0}],"is_beta":false,"boss_relics":[{"not_picked":["Ectoplasm","Orrery"],"picked":"Astrolabe"}],"items_purged_floors":[3,22],"is_endless":false,"potions_floor_spawned":[1,2,8,16,18,23,30],"killed_by":"Collector","ascension_level":17}