{"gold_per_floor":[113,131,151,70,80,109,109,134,134,134,150,150,176,193,193,291,291,302,318,328,27,27,27,52,52,52,62,62,62,72,92,92,92],"floor_reached":33,"playtime":9885,"items_purged":["Strike_R"],"score":318,"play_id":"ac221a08-2145-4aa7-9f3d-d7482d87f318","local_time":"20190819195143","is_ascension_mode":true,"campfire_choices":[{"data":"Shrug It Off","floor":7,"key":"SMITH"},{"data":"Bash","floor":10,"key":"SMITH"},{"data":"Iron Wave","floor":15,"key":"SMITH"},{"data":"Armaments","floor":23,"key":"SMITH"},{"floor":25,"key":"REST"},{"floor":29,"key":"REST"},{"floor":32,"key":"REST"}],"neow_cost":"NONE","seed_source_timestamp":481536520342900,"circlet_count":0,"master_deck":["Strike_R+1","Strike_R+1","Strike_R","Defend_R","Defend_R","Defend_R","Defend_R","Bash+1","Perfected Strike","Shrug It Off+1","Iron Wave+1","Flame Barrier","Demon Form","Heavy Blade","Iron Wave","Juggernaut","Shrug It Off","Armaments+1","Iron Wave+1","Pummel"],"relics":["Burning Blood","Whetstone","Pantograph","Gremlin Horn","Velvet Choker","Orichalcum","Question Card","Matryoshka"],"potions_floor_usage":[3,13,13,16,16,20,24,24,27],"damage_taken":[{"damage":10,"enemies":"Cultist","floor":1,"turns":5},{"damage":9,"enemies":"Jaw Worm","floor":2,"turns":5},{"damage":0,"enemies":"Small Slimes","floor":3,"turns":2},{"damage":2,"enemies":"2 Fungi Beasts","floor":5,"turns":4},{"damage":17,"enemies":"3 Sentries","floor":6,"turns":10},{"damage":15,"enemies":"Lagavulin","floor":8,"turns":7},{"damage":6,"enemies":"Looter","floor":11,"turns":4},{"damage":15,"enemies":"Gremlin Nob","floor":13,"turns":4},{"damage":0,"enemies":"Lots of Slimes","floor":14,"turns":4},{"damage":27,"enemies":"The Guardian","floor":16,"turns":12},{"damage":17,"enemies":"Shell Parasite","floor":18,"turns":6},{"damage":5,"enemies":"Chosen","floor":19,"turns":4},{"damage":31,"enemies":"Sentry and Sphere","floor":20,"turns":6},{"damage":48,"enemies":"Slavers","floor":24,"turns":7},{"damage":23,"enemies":"Snake Plant","floor":27,"turns":4},{"damage":6,"enemies":"Snecko","floor":30,"turns":4},{"damage":21,"enemies":"Chosen and Byrds","floor":31,"turns":6},{"damage":89,"enemies":"Collector","floor":33,"turns":6}],"seed_played":"-3332994596748816943","potions_obtained":[{"floor":2,"key":"Explosive Potion"},{"floor":5,"key":"BloodPotion"},{"floor":8,"key":"AttackPotion"},{"floor":11,"key":"PowerPotion"},{"floor":14,"key":"Fire Potion"},{"floor":18,"key":"SkillPotion"},{"floor":19,"key":"FearPotion"},{"floor":24,"key":"SteroidPotion"}],"is_trial":false,"path_per_floor":["M","M","M","$","M","E","R","E","T","R","M","?","E","M","R","B",null,"M","M","M","$","?","R","E","R","T","M","?","R","M","M","R","B"],"character_chosen":"IRONCLAD","items_purchased":["Flame Barrier","Orichalcum","BloodPotion"],"campfire_rested":3,"item_purchase_floors":[4,21,21],"current_hp_per_floor":[76,73,79,79,80,69,69,60,60,60,60,65,77,83,83,64,85,74,75,50,50,34,34,14,41,41,24,24,51,51,36,63,0],"gold":92,"neow_bonus":"REMOVE_CARD","is_prod":false,"is_daily":false,"chose_seed":false,"campfire_upgraded":4,"win_rate":0,"timestamp":1566255103,"path_taken":["M","M","?","$","M","E","R","E","T","R","M","?","E","M","R","BOSS","M","M","M","$","?","R","E","R","T","M","?","R","M","M","R","BOSS"],"build_version":"2019-07-17","purchased_purges":1,"victory":false,"max_hp_per_floor":[80,80,80,80,80,80,80,80,80,80,80,85,85,85,85,85,85,85,85,85,85,90,90,90,90,90,90,90,90,90,90,90,90],"card_choices":[{"not_picked":["Clothesline","Power Through"],"picked":"Perfected Strike","floor":1},{"not_picked":["True Grit","Power Through"],"picked":"Shrug It Off","floor":2},{"not_picked":["Twin Strike","Body Slam"],"picked":"Iron Wave","floor":3},{"not_picked":["Perfected Strike","Warcry","Dark Embrace"],"picked":"SKIP","floor":5},{"not_picked":["Perfected Strike","Headbutt"],"picked":"Demon Form","floor":6},{"not_picked":["Sentinel","Rupture"],"picked":"Heavy Blade","floor":8},{"not_picked":["Warcry","Feel No Pain","Uppercut"],"picked":"SKIP","floor":11},{"not_picked":["Heavy Blade","Flame Barrier"],"picked":"Iron Wave","floor":13},{"not_picked":["Headbutt","Sword Boomerang","Havoc"],"picked":"SKIP","floor":14},{"not_picked":["Immolate","Fiend Fire"],"picked":"Juggernaut","floor":16},{"not_picked":["Anger","Cleave"],"picked":"Shrug It Off","floor":18},{"not_picked":["Thunderclap","Feel No Pain+1"],"picked":"Armaments","floor":19},{"not_picked":["Twin Strike+1","Combust","Exhume"],"picked":"SKIP","floor":20},{"not_picked":["Havoc","Ghostly Armor+1","Cleave"],"picked":"SKIP","floor":24},{"not_picked":["Sword Boomerang","Reckless Charge","Twin Strike","Heavy Blade"],"picked":"SKIP","floor":27},{"not_picked":["Clash","Sword Boomerang","Pommel Strike"],"picked":"Iron Wave+1","floor":30},{"not_picked":["Dual Wield","Wild Strike","Twin Strike"],"picked":"Pummel","floor":31}],"player_experience":146021,"relics_obtained":[{"floor":6,"key":"Whetstone"},{"floor":8,"key":"Pantograph"},{"floor":13,"key":"Gremlin Horn"},{"floor":24,"key":"Question Card"},{"floor":26,"key":"Matryoshka"}],"event_choices":[{"damage_healed":0,"gold_gain":0,"player_choice":"Donut","damage_taken":0,"max_hp_gain":5,"max_hp_loss":0,"event_name":"Big Fish","floor":12,"gold_loss":0},{"damage_healed":0,"gold_gain":0,"player_choice":"Shed Blood","damage_taken":21,"max_hp_gain":5,"max_hp_loss":0,"event_name":"Forgotten Altar","floor":22,"gold_loss":0}],"is_beta":false,"boss_relics":[{"not_picked":["Orrery","Eternal Feather"],"picked":"Velvet Choker"}],"items_purged_floors":[21],"is_endless":false,"potions_floor_spawned":[2,5,8,11,14,18,19,24],"killed_by":"Collector","ascension_level":2}