{"gold_per_floor":[115,127,147,167,180,180,205,219,219,11,30,30,30,78,78,177,177,191,209,223,33,59,59,77,77,77,77,87,118,48,48,48,152,152,167,177,196,196,196],"floor_reached":39,"playtime":4112,"items_purged":["Strike_G","Defend_G"],"score":450,"play_id":"16af7105-f955-4c17-be64-ad2c89b4b360","local_time":"20190826071123","is_ascension_mode":true,"campfire_choices":[{"data":"Infinite Blades","floor":6,"key":"SMITH"},{"floor":12,"key":"REST"},{"floor":15,"key":"REST"},{"floor":23,"key":"REST"},{"floor":25,"key":"REST"},{"floor":27,"key":"REST"},{"floor":32,"key":"REST"}],"neow_cost":"NONE","seed_source_timestamp":1046580310441000,"circlet_count":0,"master_deck":["Strike_G","Strike_G","Strike_G+1","Defend_G","Defend_G","Survivor","Neutralize","Cloak And Dagger","Cloak And Dagger","Infinite Blades+1","Dash+1","Noxious Fumes","Well Laid Plans","A Thousand Cuts","Blade Dance","Dramatic Entrance","Infinite Blades","Calculated Gamble","Noxious Fumes","Envenom","Terror+1","Catalyst"],"relics":["Ring of the Snake","Vajra","Pantograph","Whetstone","White Beast Statue","Tingsha","Mango","Empty Cage"],"potions_floor_usage":[2,16,16,19,20,24,28,28,29,36,36,37,39],"damage_taken":[{"damage":0,"enemies":"Jaw Worm","floor":1,"turns":4},{"damage":0,"enemies":"Cultist","floor":2,"turns":2},{"damage":0,"enemies":"2 Louse","floor":3,"turns":3},{"damage":4,"enemies":"2 Fungi Beasts","floor":4,"turns":4},{"damage":2,"enemies":"Looter","floor":5,"turns":4},{"damage":46,"enemies":"Lagavulin","floor":7,"turns":12},{"damage":0,"enemies":"3 Louse","floor":8,"turns":4},{"damage":0,"enemies":"Large Slime","floor":11,"turns":5},{"damage":9,"enemies":"Slime Boss","floor":16,"turns":11},{"damage":16,"enemies":"Spheric Guardian","floor":18,"turns":5},{"damage":14,"enemies":"Shell Parasite","floor":19,"turns":6},{"damage":28,"enemies":"Centurion and Healer","floor":20,"turns":7},{"damage":33,"enemies":"Snake Plant","floor":24,"turns":6},{"damage":2,"enemies":"Snecko","floor":28,"turns":4},{"damage":33,"enemies":"Gremlin Leader","floor":29,"turns":7},{"damage":80,"enemies":"Champ","floor":33,"turns":12},{"damage":14,"enemies":"3 Shapes","floor":35,"turns":6},{"damage":29,"enemies":"Orb Walker","floor":36,"turns":4},{"damage":41,"enemies":"Jaw Worm Horde","floor":37,"turns":4},{"damage":12,"enemies":"3 Darklings","floor":39,"turns":3}],"seed_played":"-3645980414247449199","potions_obtained":[{"floor":1,"key":"SteroidPotion"},{"floor":11,"key":"Fruit Juice"},{"floor":16,"key":"Swift Potion"},{"floor":18,"key":"Poison Potion"},{"floor":19,"key":"Poison Potion"},{"floor":20,"key":"GamblersBrew"},{"floor":24,"key":"Fruit Juice"},{"floor":28,"key":"PowerPotion"},{"floor":29,"key":"SneckoOil"},{"floor":33,"key":"Ancient Potion"},{"floor":35,"key":"GamblersBrew"},{"floor":36,"key":"Explosive Potion"},{"floor":37,"key":"Energy Potion"}],"is_trial":false,"path_per_floor":["M","M","M","M","M","R","E","M","T","$","M","R","?","T","R","B",null,"M","M","M","$","T","R","M","R","T","R","M","E","$","?","R","B",null,"M","M","M","?","M"],"character_chosen":"THE_SILENT","items_purchased":["Noxious Fumes","Energy Potion","Dramatic Entrance","Noxious Fumes"],"campfire_rested":6,"item_purchase_floors":[10,10,21,30],"current_hp_per_floor":[70,70,70,66,64,64,18,18,18,18,18,39,39,39,60,66,75,59,45,17,17,17,39,11,35,35,59,57,38,38,38,66,11,94,80,51,10,10,0],"gold":196,"neow_bonus":"REMOVE_CARD","is_prod":false,"is_daily":false,"chose_seed":false,"campfire_upgraded":1,"win_rate":0,"timestamp":1566814283,"path_taken":["M","M","M","M","M","R","E","M","T","$","M","R","?","?","R","BOSS","M","M","M","$","?","R","M","R","T","R","M","E","$","?","R","BOSS","M","M","M","?","M"],"build_version":"2019-07-17","purchased_purges":2,"victory":false,"max_hp_per_floor":[70,70,70,70,70,70,70,70,70,70,70,70,70,70,70,75,75,75,75,75,75,75,75,80,80,80,80,80,94,94,94,94,94,94,94,94,94,94,94],"card_choices":[{"not_picked":["Calculated Gamble","Deflect"],"picked":"Cloak And Dagger","floor":1},{"not_picked":["Underhanded Strike","Expertise"],"picked":"Cloak And Dagger","floor":2},{"not_picked":["Storm of Steel","Bane"],"picked":"Infinite Blades","floor":3},{"not_picked":["Choke","Accuracy"],"picked":"Dash","floor":4},{"not_picked":["Deadly Poison","Poisoned Stab","Outmaneuver"],"picked":"SKIP","floor":5},{"not_picked":["Expertise","Reflex","Dodge and Roll"],"picked":"SKIP","floor":7},{"not_picked":["Poisoned Stab","Sucker Punch","Tools of the Trade"],"picked":"SKIP","floor":8},{"not_picked":["Masterful Stab","Flechettes"],"picked":"Well Laid Plans","floor":11},{"not_picked":["Glass Knife","Unload"],"picked":"A Thousand Cuts","floor":16},{"not_picked":["Acrobatics+1","Deadly Poison"],"picked":"Blade Dance","floor":18},{"not_picked":["Sucker Punch","Masterful Stab","Dagger Throw+1"],"picked":"SKIP","floor":19},{"not_picked":["Finisher+1","Slice","Flying Knee"],"picked":"SKIP","floor":20},{"not_picked":["Expertise","Masterful Stab+1"],"picked":"Infinite Blades","floor":24},{"not_picked":["Sucker Punch","Underhanded Strike","Escape Plan"],"picked":"SKIP","floor":28},{"not_picked":["Adrenaline","Sucker Punch"],"picked":"Calculated Gamble","floor":29},{"not_picked":["Adrenaline","Corpse Explosion"],"picked":"Envenom","floor":33},{"not_picked":["Deflect+1","PiercingWail+1","Flying Knee+1"],"picked":"SKIP","floor":35},{"not_picked":["Riddle With Holes+1","PiercingWail+1"],"picked":"Terror+1","floor":36},{"not_picked":["Skewer+1","Backflip+1"],"picked":"Catalyst","floor":37}],"player_experience":199505,"relics_obtained":[{"floor":7,"key":"Vajra"},{"floor":9,"key":"Pantograph"},{"floor":14,"key":"Whetstone"},{"floor":26,"key":"Tingsha"},{"floor":29,"key":"Mango"}],"event_choices":[{"damage_healed":0,"gold_gain":0,"player_choice":"Ignored","damage_taken":0,"max_hp_gain":0,"max_hp_loss":0,"event_name":"Golden Idol","floor":13,"gold_loss":0},{"damage_healed":0,"gold_gain":0,"player_choice":"Ignored","damage_taken":0,"max_hp_gain":0,"max_hp_loss":0,"event_name":"Ghosts","floor":31,"gold_loss":0},{"damage_healed":0,"gold_gain":0,"player_choice":"Ignored","damage_taken":0,"max_hp_gain":0,"max_hp_loss":0,"event_name":"Mysterious Sphere","floor":38,"gold_loss":0}],"is_beta":false,"boss_relics":[{"not_picked":["Astrolabe","HoveringKite"],"picked":"White Beast Statue"},{"not_picked":["Ring of the Serpent","Busted Crown"],"picked":"Empty Cage"}],"items_purged_floors":[10,21],"is_endless":false,"potions_floor_spawned":[1,11,16,18,19,20,24,28,29,33,35,36,37],"killed_by":"3 Darklings","ascension_level":1}