{"gold_per_floor":[112,112,112,127,6,6,26,26,51,70,42,42,42,42,42,42],"floor_reached":16,"playtime":1581,"items_purged":[],"score":90,"play_id":"59c52076-fa38-479e-813c-6057ebb16ba7","local_time":"20190817112034","is_ascension_mode":false,"campfire_choices":[{"data":"Leg Sweep","floor":6,"key":"SMITH"},{"data":"Blade Dance","floor":12,"key":"SMITH"},{"data":"Survivor","floor":15,"key":"SMITH"}],"neow_cost":"NONE","seed_source_timestamp":286465385402000,"circlet_count":0,"master_deck":["Strike_G","Strike_G","Strike_G+1","Strike_G+1","Defend_G","Defend_G","Defend_G","Defend_G","Survivor+1","Neutralize","Acrobatics","Leg Sweep+1","Blade Dance+1","Wraith Form v2"],"relics":["Ring of the Snake","Blood Vial","Golden Idol","Whetstone"],"potions_floor_usage":[10,14,16,16],"damage_taken":[{"damage":0,"enemies":"Cultist","floor":1,"turns":5},{"damage":0,"enemies":"2 Louse","floor":4,"turns":3},{"damage":0,"enemies":"Jaw Worm","floor":7,"turns":6},{"damage":0,"enemies":"Exordium Thugs","floor":10,"turns":6},{"damage":0,"enemies":"Exordium Wildlife","floor":14,"turns":1},{"damage":39,"enemies":"The Guardian","floor":16,"turns":18}],"seed_played":"8448324186911783915","potions_obtained":[{"floor":1,"key":"SmokeBomb"},{"floor":4,"key":"Fire Potion"},{"floor":10,"key":"Explosive Potion"}],"is_trial":false,"path_per_floor":["M","?","?","M","$","R","M","$","T","M","?","R","?","M","R","B"],"character_chosen":"THE_SILENT","items_purchased":["Leg Sweep","FearPotion"],"campfire_rested":0,"item_purchase_floors":[5,5],"current_hp_per_floor":[70,63,63,65,65,65,65,65,65,65,65,65,65,65,65,26],"gold":42,"neow_bonus":"RANDOM_COMMON_RELIC","is_prod":false,"is_daily":false,"chose_seed":false,"campfire_upgraded":3,"win_rate":0.0,"timestamp":1566051634,"path_taken":["M","?","?","M","?","R","M","$","T","?","?","R","?","M","R","BOSS"],"build_version":"2019-07-17","purchased_purges":0,"victory":false,"max_hp_per_floor":[70,70,65,65,65,65,65,65,65,65,65,65,65,65,65,65],"card_choices":[{"not_picked":["Caltrops","Outmaneuver","Poisoned Stab"],"picked":"SKIP","floor":1},{"not_picked":["Predator","Terror"],"picked":"Acrobatics","floor":4},{"not_picked":["Quick Slash","Prepared","Finisher"],"picked":"SKIP","floor":7},{"not_picked":["Infinite Blades","Quick Slash"],"picked":"Blade Dance","floor":10}],"player_experience":77812,"relics_obtained":[{"floor":9,"key":"Whetstone"}],"event_choices":[{"cards_removed":["Defend_G"],"damage_healed":0,"gold_gain":0,"player_choice":"Card Removal","damage_taken":7,"max_hp_gain":0,"max_hp_loss":0,"event_name":"Golden Wing","floor":2,"gold_loss":0},{"damage_healed":0,"gold_gain":0,"player_choice":"Lose Max HP","damage_taken":0,"relics_obtained":["Golden Idol"],"max_hp_gain":0,"max_hp_loss":5,"event_name":"Golden Idol","floor":3,"gold_loss":0},{"damage_healed":0,"gold_gain":0,"player_choice":"Left Gold","damage_taken":0,"max_hp_gain":0,"max_hp_loss":0,"event_name":"World of Goop","floor":11,"gold_loss":28},{"damage_healed":0,"gold_gain":0,"cards_transformed":["Strike_G"],"player_choice":"Change","damage_taken":0,"max_hp_gain":0,"max_hp_loss":0,"event_name":"Living Wall","floor":13,"gold_loss":0,"cards_obtained":["Wraith Form v2"]}],"is_beta":false,"boss_relics":[],"items_purged_floors":[],"is_endless":false,"potions_floor_spawned":[1,4,10,14],"killed_by":"The Guardian","ascension_level":0}