{"gold_per_floor":[118,133,149,169,182,182,182,54,131,144,156,156,156,166,166,264,264,277,291,291,311,311],"floor_reached":22,"playtime":990,"items_purged":["Defend_R"],"score":182,"play_id":"9ed0b7cc-7342-42a6-a584-29ec5e84c868","local_time":"20190824225743","is_ascension_mode":false,"campfire_choices":[{"data":"Perfected Strike","floor":6,"key":"SMITH"},{"data":"Flex","floor":12,"key":"SMITH"},{"data":"Armaments","floor":15,"key":"SMITH"}],"neow_cost":"NONE","seed_source_timestamp":89155529060200,"circlet_count":0,"master_deck":["Strike_R","Strike_R","Strike_R","Strike_R","Strike_R","Defend_R","Defend_R","Defend_R","Cleave","Shrug It Off","Perfected Strike+1","Armaments+1","Thunderclap","Flex+1","Pommel Strike","Armaments","Perfected Strike"],"relics":["Black Blood","Boot","Singing Bowl","GremlinMask"],"potions_floor_usage":[16,16,19,22],"damage_taken":[{"damage":2,"enemies":"Small Slimes","floor":1,"turns":4},{"damage":6,"enemies":"Cultist","floor":2,"turns":3},{"damage":11,"enemies":"Jaw Worm","floor":3,"turns":3},{"damage":13,"enemies":"Gremlin Gang","floor":4,"turns":4},{"damage":11,"enemies":"Blue Slaver","floor":5,"turns":3},{"damage":7,"enemies":"Looter","floor":10,"turns":3},{"damage":7,"enemies":"Exordium Thugs","floor":11,"turns":3},{"damage":0,"enemies":"Large Slime","floor":14,"turns":5},{"damage":51,"enemies":"The Guardian","floor":16,"turns":12},{"damage":6,"enemies":"3 Byrds","floor":18,"turns":4},{"damage":17,"enemies":"Shell Parasite","floor":19,"turns":7},{"damage":34,"enemies":"Cultist and Chosen","floor":21,"turns":7},{"damage":31,"enemies":"Centurion and Healer","floor":22,"turns":8}],"seed_played":"-3019962992798286095","potions_obtained":[{"floor":1,"key":"Fire Potion"},{"floor":3,"key":"SkillPotion"},{"floor":5,"key":"SpeedPotion"},{"floor":16,"key":"Poison Potion"},{"floor":18,"key":"SneckoOil"},{"floor":19,"key":"Strength Potion"}],"is_trial":false,"path_per_floor":["M","M","M","M","M","R","?","$","T","M","M","R","?","M","R","B",null,"M","M","?","M","M"],"character_chosen":"IRONCLAD","items_purchased":["Armaments"],"campfire_rested":0,"item_purchase_floors":[8],"current_hp_per_floor":[80,80,75,68,63,63,63,63,63,62,61,61,61,67,67,24,82,82,75,75,53,22],"gold":311,"neow_bonus":"RANDOM_COMMON_RELIC","is_prod":false,"is_daily":false,"chose_seed":false,"campfire_upgraded":3,"win_rate":0,"timestamp":1566651463,"path_taken":["M","M","M","M","M","R","?","$","T","?","M","R","?","?","R","BOSS","M","M","?","M","M"],"build_version":"2019-07-17","purchased_purges":1,"victory":false,"max_hp_per_floor":[80,80,80,80,80,80,80,80,80,80,80,80,80,80,80,82,82,82,82,82,84,84],"card_choices":[{"not_picked":["Flex","Inflame"],"picked":"Cleave","floor":1},{"not_picked":["Reckless Charge","Pommel Strike"],"picked":"Shrug It Off","floor":2},{"not_picked":["Blood for Blood","Bloodletting","Sever Soul"],"picked":"SKIP","floor":3},{"not_picked":["Hemokinesis","Impervious"],"picked":"Perfected Strike","floor":4},{"not_picked":["Disarm","Clothesline","True Grit"],"picked":"SKIP","floor":5},{"not_picked":["Dual Wield","Clothesline"],"picked":"Thunderclap","floor":10},{"not_picked":["Twin Strike","Sword Boomerang"],"picked":"Flex","floor":11},{"not_picked":["Hemokinesis","Iron Wave"],"picked":"Pommel Strike","floor":14},{"not_picked":["Brutality","Berserk","Juggernaut"],"picked":"Singing Bowl","floor":16},{"not_picked":["Sword Boomerang","True Grit+1"],"picked":"Armaments","floor":18},{"not_picked":["Headbutt","Anger"],"picked":"Perfected Strike","floor":19},{"not_picked":["Carnage","Pommel Strike","Havoc"],"picked":"Singing Bowl","floor":21}],"player_experience":94604,"relics_obtained":[{"floor":9,"key":"Singing Bowl"}],"event_choices":[{"cards_removed":["Bash"],"damage_healed":0,"gold_gain":0,"player_choice":"Card Removal","damage_taken":0,"max_hp_gain":0,"max_hp_loss":0,"event_name":"Wheel of Change","floor":7,"gold_loss":0},{"damage_healed":0,"gold_gain":0,"player_choice":"Trade","damage_taken":0,"relics_obtained":["GremlinMask"],"max_hp_gain":0,"max_hp_loss":0,"event_name":"FaceTrader","floor":13,"gold_loss":0},{"damage_healed":0,"gold_gain":0,"player_choice":"Bought 0 Potions","damage_taken":0,"max_hp_gain":0,"max_hp_loss":0,"event_name":"The Woman in Blue","floor":20,"gold_loss":0}],"is_beta":false,"boss_relics":[{"not_picked":["Calling Bell","Cursed Key"],"picked":"Black Blood"}],"items_purged_floors":[8],"is_endless":false,"potions_floor_spawned":[1,3,5,10,16,18,19],"killed_by":"Centurion and Healer","ascension_level":0}