{"gold_per_floor":[114,114,39,39,39,39,80,80,80,121,141,141,166,207,207,338,338,324,343,243,243,243,243,243,287,287,306,0,0,20,60,60,183,183,203,263,596,19,19,53,69,84,84,84,98,110,136,156,156,156,156,156,5,36,36],"floor_reached":56,"playtime":3679,"items_purged":["Regret","Strike_R","Pain"],"score":1682,"play_id":"b2e42945-359b-4de4-8e47-b5b0cfb06d23","local_time":"20190826165207","is_ascension_mode":true,"campfire_choices":[{"floor":6.0,"key":"RECALL"},{"data":"Bash","floor":8.0,"key":"SMITH"},{"data":"Offering","floor":12.0,"key":"SMITH"},{"data":"Shockwave","floor":15.0,"key":"SMITH"},{"floor":23.0,"key":"REST"},{"data":"Dark Embrace","floor":32.0,"key":"SMITH"},{"data":"Metamorphosis","floor":44.0,"key":"SMITH"},{"data":"Fiend Fire","floor":49.0,"key":"SMITH"},{"data":"Flame Barrier","floor":52.0,"key":"SMITH"}],"neow_cost":"NONE","seed_source_timestamp":691932784514175,"circlet_count":0,"master_deck":["Strike_R","Strike_R","Defend_R","Defend_R","Defend_R","Bash+1","Shockwave+1","Offering+1","Dark Embrace+1","Sentinel","Shrug It Off","Fiend Fire+1","Corruption+1","Battle Trance","Ghostly","Ghostly","Ghostly","Ghostly","Ghostly","Sentinel","Impervious","Uppercut+1","Flame Barrier+1","Metamorphosis+1","Shrug It Off","Berserk","Dropkick+1","Feel No Pain","Parasite","Reaper","Disarm+1","Pummel+1"],"special_seed":0,"relics":["Burning Blood","NeowsBlessing","Art of War","Letter Opener","Unceasing Top","PreservedInsect","Sundial","Mark of Pain","WarpedTongs","Centennial Puzzle","Gremlin Horn","Lantern","Bottled Tornado","Runic Pyramid","Bird Faced Urn","Mercury Hourglass","Ornamental Fan","Anchor","Bronze Scales","Thread and Needle"],"potions_floor_usage":[55,55],"damage_taken":[{"damage":0.0,"enemies":"2 Louse","floor":1.0,"turns":1.0},{"damage":0.0,"enemies":"Lagavulin","floor":7.0,"turns":1.0},{"damage":0.0,"enemies":"Gremlin Nob","floor":10.0,"turns":1.0},{"damage":10.0,"enemies":"Jaw Worm","floor":11.0,"turns":3.0},{"damage":6.0,"enemies":"Cultist","floor":13.0,"turns":2.0},{"damage":21.0,"enemies":"3 Sentries","floor":14.0,"turns":8.0},{"damage":49.0,"enemies":"Hexaghost","floor":16.0,"turns":9.0},{"damage":20.0,"enemies":"2 Thieves","floor":18.0,"turns":4.0},{"damage":19.0,"enemies":"3 Byrds","floor":19.0,"turns":6.0},{"damage":0.0,"enemies":"Snecko","floor":22.0,"turns":1.0},{"damage":27.0,"enemies":"Slavers","floor":25.0,"turns":4.0},{"damage":14.0,"enemies":"Centurion and Healer","floor":27.0,"turns":4.0},{"damage":4.0,"enemies":"Snake Plant","floor":30.0,"turns":4.0},{"damage":1.0,"enemies":"Book of Stabbing","floor":31.0,"turns":3.0},{"damage":11.0,"enemies":"Collector","floor":33.0,"turns":5.0},{"damage":2.0,"enemies":"3 Shapes","floor":35.0,"turns":3.0},{"damage":4.0,"enemies":"2 Orb Walkers","floor":36.0,"turns":6.0},{"damage":1.0,"enemies":"Giant Head","floor":40.0,"turns":4.0},{"damage":1.0,"enemies":"3 Darklings","floor":41.0,"turns":3.0},{"damage":1.0,"enemies":"Spire Growth","floor":42.0,"turns":2.0},{"damage":1.0,"enemies":"Maw","floor":45.0,"turns":5.0},{"damage":0.0,"enemies":"Writhing Mass","floor":46.0,"turns":3.0},{"damage":4.0,"enemies":"Nemesis","floor":47.0,"turns":5.0},{"damage":1.0,"enemies":"Transient","floor":48.0,"turns":2.0},{"damage":3.0,"enemies":"Awakened One","floor":50.0,"turns":9.0},{"damage":5,"enemies":"Shield and Spear","floor":54,"turns":5},{"damage":13,"enemies":"The Heart","floor":55,"turns":8}],"seed_played":"-5505387933844776259","potions_obtained":[{"floor":7.0,"key":"SteroidPotion"},{"floor":11.0,"key":"Weak Potion"},{"floor":14.0,"key":"SteroidPotion"},{"floor":18.0,"key":"AttackPotion"},{"floor":19.0,"key":"SmokeBomb"},{"floor":27.0,"key":"SteroidPotion"},{"floor":31.0,"key":"Ancient Potion"},{"floor":33.0,"key":"FearPotion"},{"floor":36.0,"key":"Regen Potion"},{"floor":46.0,"key":"Block Potion"},{"floor":47.0,"key":"Ancient Potion"}],"is_trial":false,"path_per_floor":["M","?","$","?","$","R","E","R","T","E","M","R","M","E","R","B",null,"M","M","$","?","M","R","?","E","T","M","$","?","M","E","R","B",null,"M","?","?","$","?","E","M","M","T","R","M","M","E","M","R","B",null,"R","$","E","B",null],"character_chosen":"IRONCLAD","items_purchased":["Lantern","Battle Trance","Mercury Hourglass","Flame Barrier","Metamorphosis","Shrug It Off","Bronze Scales"],"campfire_rested":1,"item_purchase_floors":[28,28,38,38,38,38,53],"current_hp_per_floor":[78,78,78,58,58,58,64,64,64,70,66,66,66,51,51,8,62,48,35,35,35,41,65,65,44,44,36,36,36,38,40,40,35,39,40,40,40,40,40,40,40,40,40,40,40,40,40,40,40,40,40,40,40,40,40],"gold":36,"neow_bonus":"THREE_ENEMY_KILL","is_prod":false,"is_daily":false,"chose_seed":false,"campfire_upgraded":7,"win_rate":0,"timestamp":1566831127,"path_taken":["M","?","$","?","?","R","E","R","T","E","M","R","?","E","R","BOSS","M","M","$","?","?","R","?","E","T","M","$","?","?","E","R","BOSS","M","?","?","$","?","E","M","?","T","R","M","M","E","M","R","BOSS","R","$","E","BOSS"],"build_version":"2019-07-17","purchased_purges":3,"victory":true,"max_hp_per_floor":[80,80,80,80,80,80,80,80,80,80,80,80,80,80,80,80,80,80,80,80,80,80,80,80,80,80,80,80,40,40,40,40,40,40,40,40,40,40,40,40,40,40,40,40,40,40,40,40,40,40,40,40,40,40,40],"card_choices":[{"not_picked":["Perfected Strike","Armaments","Shrug It Off"],"picked":"SKIP","floor":1.0},{"not_picked":["Anger","Havoc"],"picked":"Shockwave","floor":7.0},{"not_picked":["Reckless Charge","Pommel Strike"],"picked":"Offering","floor":10.0},{"not_picked":["Armaments","Combust","Evolve"],"picked":"SKIP","floor":11.0},{"not_picked":["Shrug It Off","Bloodletting","Clothesline"],"picked":"SKIP","floor":13.0},{"not_picked":["Shrug It Off","Bloodletting","Clothesline"],"picked":"SKIP","floor":13.0},{"not_picked":["Evolve","Intimidate","Flex"],"picked":"SKIP","floor":14.0},{"not_picked":["Brutality","Exhume"],"picked":"Dark Embrace","floor":16.0},{"not_picked":["Warcry","Iron Wave"],"picked":"Sentinel","floor":18.0},{"not_picked":["Wild Strike","Burning Pact","Iron Wave"],"picked":"SKIP","floor":19.0},{"not_picked":["Infernal Blade","Anger"],"picked":"Corruption+1","floor":25.0},{"not_picked":["Body Slam+1","Sword Boomerang+1","Armaments"],"picked":"SKIP","floor":27.0},{"not_picked":["Cleave","Shrug It Off+1"],"picked":"Sentinel","floor":30.0},{"not_picked":["Warcry","Clash","Pommel Strike"],"picked":"SKIP","floor":31.0},{"not_picked":["Warcry","Clash","Pommel Strike"],"picked":"SKIP","floor":31.0},{"not_picked":["Exhume","Offering"],"picked":"Impervious","floor":33.0},{"not_picked":["Body Slam","Uppercut","Heavy Blade"],"picked":"SKIP","floor":35.0},{"not_picked":["Warcry","Flex+1"],"picked":"Uppercut+1","floor":36.0},{"not_picked":["Headbutt+1","Clash+1","Wild Strike+1"],"picked":"SKIP","floor":40.0},{"not_picked":["Headbutt+1","Clash+1","Wild Strike+1"],"picked":"SKIP","floor":40.0},{"not_picked":["Iron Wave","Pommel Strike"],"picked":"Berserk","floor":41.0},{"not_picked":["Sentinel+1","Clothesline"],"picked":"Dropkick+1","floor":42.0},{"not_picked":["Pommel Strike","Rupture"],"picked":"Feel No Pain","floor":45.0},{"not_picked":["Feel No Pain","Bloodletting","Perfected Strike+1"],"picked":"SKIP","floor":46.0},{"not_picked":["Fire Breathing+1","Corruption"],"picked":"Reaper","floor":47.0},{"not_picked":["Power Through","Shockwave+1"],"picked":"Disarm+1","floor":48.0},{"not_picked":["Perfected Strike","Burning Pact+1"],"picked":"Pummel+1","floor":54}],"player_experience":174133,"relics_obtained":[{"floor":7.0,"key":"Letter Opener"},{"floor":9.0,"key":"Unceasing Top"},{"floor":10.0,"key":"PreservedInsect"},{"floor":14.0,"key":"Sundial"},{"floor":25.0,"key":"Centennial Puzzle"},{"floor":26.0,"key":"Gremlin Horn"},{"floor":31.0,"key":"Bottled Tornado"},{"floor":36.0,"key":"Bird Faced Urn"},{"floor":40.0,"key":"Ornamental Fan"},{"floor":47.0,"key":"Anchor"},{"floor":54,"key":"Thread and Needle"}],"event_choices":[{"damage_healed":0.0,"max_hp_gain":0.0,"max_hp_loss":0.0,"gold_gain":0.0,"event_name":"Big Fish","player_choice":"Box","floor":2.0,"gold_loss":0.0,"damage_taken":0.0,"relics_obtained":["Art of War"],"cards_obtained":["Regret"]},{"damage_healed":0.0,"max_hp_gain":0.0,"max_hp_loss":0.0,"gold_gain":0.0,"event_name":"Golden Idol","player_choice":"Take Damage","floor":4.0,"gold_loss":0.0,"damage_taken":20.0,"relics_obtained":["Golden Idol"]},{"damage_healed":0.0,"max_hp_gain":0.0,"max_hp_loss":0.0,"gold_gain":0.0,"event_name":"Accursed Blacksmith","player_choice":"Rummage","floor":21.0,"gold_loss":0.0,"damage_taken":0.0,"relics_obtained":["WarpedTongs"],"cards_obtained":["Pain"]},{"damage_healed":0.0,"max_hp_gain":0.0,"max_hp_loss":0.0,"gold_gain":0.0,"cards_transformed":["Strike_R","Defend_R"],"event_name":"Drug Dealer","player_choice":"Became Test Subject","floor":24.0,"gold_loss":0.0,"damage_taken":0.0,"cards_obtained":["Shrug It Off","Fiend Fire"]},{"damage_healed":0.0,"max_hp_gain":0.0,"max_hp_loss":40.0,"gold_gain":0.0,"event_name":"Ghosts","player_choice":"Became a Ghost","floor":29.0,"gold_loss":0.0,"damage_taken":0.0,"cards_obtained":["Ghostly","Ghostly","Ghostly","Ghostly","Ghostly"]},{"damage_healed":0.0,"max_hp_gain":0.0,"max_hp_loss":0.0,"gold_gain":0.0,"event_name":"Mysterious Sphere","player_choice":"Fight","floor":36.0,"gold_loss":0.0,"damage_taken":0.0},{"damage_healed":0.0,"max_hp_gain":0.0,"max_hp_loss":0.0,"gold_gain":333.0,"event_name":"The Moai Head","player_choice":"Gave Idol","floor":37.0,"relics_lost":["Golden Idol"],"gold_loss":0.0,"damage_taken":0.0},{"cards_removed":["Strike_R"],"damage_healed":0.0,"max_hp_gain":0.0,"max_hp_loss":0.0,"gold_gain":0.0,"event_name":"Purifier","player_choice":"Purged","floor":39.0,"gold_loss":0.0,"damage_taken":0.0}],"is_beta":false,"boss_relics":[{"not_picked":["Empty Cage","Runic Cube"],"picked":"Mark of Pain"},{"not_picked":["Black Star","Lizard Tail"],"picked":"Runic Pyramid"}],"items_purged_floors":[3,20,28],"is_endless":false,"potions_floor_spawned":[7,11,14,18,19,27,31,33,36,42,46,47,48,54],"ascension_level":6}