{"gold_per_floor":[112,112,128,128,128,128,128,169,169,169,187,187,8,39,39,160,160,176,196,217,230,230,230,230,266,291,329,59,99,112,131,131,251,251,275,608,623,968,356,385,385,416,439,439,471,490,57,89,89,89],"floor_reached":51,"playtime":3545,"items_purged":["Strike_G","Strike_G"],"score":1075,"play_id":"cab06ebc-49c1-463d-99e2-8dc56b642a0b","local_time":"20190819093523","is_ascension_mode":true,"campfire_choices":[{"data":"Neutralize","floor":6.0,"key":"SMITH"},{"data":"Crippling Poison","floor":10.0,"key":"SMITH"},{"data":"Poisoned Stab","floor":12.0,"key":"SMITH"},{"data":"Apotheosis","floor":15.0,"key":"SMITH"},{"floor":24.0,"key":"REST"},{"data":"Burst","floor":32.0,"key":"SMITH"},{"data":"Envenom","floor":41.0,"key":"SMITH"},{"data":"Night Terror","floor":44.0,"key":"SMITH"},{"data":"Glass Knife","floor":49,"key":"SMITH"}],"neow_cost":"NONE","seed_source_timestamp":19458356627896,"circlet_count":0,"master_deck":["Strike_G","Defend_G","Defend_G","Defend_G+1","Defend_G","Defend_G","Survivor","Neutralize+1","Heel Hook+1","PiercingWail+1","Crippling Poison+1","Poisoned Stab+1","Apotheosis+1","Adrenaline","Burst+1","Dodge and Roll+1","Choke","Venomology","Backflip","Envenom+1","Backflip+1","Backstab+1","Poisoned Stab","Night Terror+1","Bane","Dash+1","Die Die Die","Glass Knife+1"],"special_seed":0,"relics":["Ring of the Snake","Boot","Ornamental Fan","WingedGreaves","Blood Vial","Busted Crown","Enchiridion","Kunai","Regal Pillow","Peace Pipe","PreservedInsect","Pantograph","Cursed Key","Old Coin","Lee\u0027s Waffle","Omamori","Dream Catcher","Bag of Marbles","War Paint","Snake Skull","Anchor","Bronze Scales"],"potions_floor_usage":[50,50,50,50],"damage_taken":[{"damage":0.0,"enemies":"2 Louse","floor":1.0,"turns":2.0},{"damage":0.0,"enemies":"Jaw Worm","floor":3.0,"turns":4.0},{"damage":8.0,"enemies":"Lagavulin","floor":8.0,"turns":10.0},{"damage":0.0,"enemies":"Small Slimes","floor":11.0,"turns":4.0},{"damage":9.0,"enemies":"Gremlin Nob","floor":14.0,"turns":5.0},{"damage":25.0,"enemies":"Slime Boss","floor":16.0,"turns":12.0},{"damage":2.0,"enemies":"2 Thieves","floor":18.0,"turns":3.0},{"damage":0.0,"enemies":"Spheric Guardian","floor":19.0,"turns":6.0},{"damage":0.0,"enemies":"Centurion and Healer","floor":20.0,"turns":8.0},{"damage":14.0,"enemies":"Chosen and Byrds","floor":21.0,"turns":5.0},{"damage":0.0,"enemies":"Slavers","floor":25.0,"turns":5.0},{"damage":17.0,"enemies":"Book of Stabbing","floor":27.0,"turns":6.0},{"damage":0.0,"enemies":"Gremlin Leader","floor":29.0,"turns":5.0},{"damage":0.0,"enemies":"Snecko","floor":30.0,"turns":4.0},{"damage":0.0,"enemies":"Centurion and Healer","floor":31.0,"turns":5.0},{"damage":45.0,"enemies":"Automaton","floor":33.0,"turns":16.0},{"damage":4.0,"enemies":"3 Shapes","floor":35.0,"turns":4.0},{"damage":14.0,"enemies":"Orb Walker","floor":37.0,"turns":4.0},{"damage":25.0,"enemies":"2 Orb Walkers","floor":38.0,"turns":6.0},{"damage":4.0,"enemies":"Reptomancer","floor":40.0,"turns":6.0},{"damage":5.0,"enemies":"Nemesis","floor":42.0,"turns":5.0},{"damage":0.0,"enemies":"Giant Head","floor":45.0,"turns":4.0},{"damage":9.0,"enemies":"3 Darklings","floor":46.0,"turns":3.0},{"damage":1,"enemies":"Reptomancer","floor":48,"turns":4},{"damage":2,"enemies":"Awakened One","floor":50,"turns":12}],"seed_played":"-3996840280415617072","potions_obtained":[{"floor":0.0,"key":"Dexterity Potion"},{"floor":0.0,"key":"PowerPotion"},{"floor":0.0,"key":"Ancient Potion"},{"floor":8.0,"key":"LiquidBronze"},{"floor":14.0,"key":"Explosive Potion"},{"floor":27.0,"key":"Regen Potion"},{"floor":38.0,"key":"Dexterity Potion"},{"floor":46.0,"key":"FearPotion"}],"is_trial":false,"path_per_floor":["M","?","M","?","?","R","?","E","T","R","M","R","$","E","R","B",null,"M","M","M","M","?","?","R","E","T","E","$","E","M","M","R","B",null,"M","?","M","?","$","E","R","E","T","R","E","M","$","E","R","B",null],"character_chosen":"THE_SILENT","items_purchased":["Apotheosis","PreservedInsect","Backflip","Lee\u0027s Waffle","Night Terror","Bane","Omamori","Anchor","Die Die Die","Poison Potion","Glass Knife"],"campfire_rested":1,"item_purchase_floors":[13,28,28,39,39,39,39,47,47,47,47],"current_hp_per_floor":[70,56,56,49,49,49,54,46,46,46,46,46,46,37,37,14,70,68,70,70,56,40,40,61,63,63,48,48,50,52,54,54,25,70,66,66,54,46,77,73,73,70,70,70,72,65,65,66,66,75],"gold":89,"neow_bonus":"THREE_SMALL_POTIONS","is_prod":false,"is_daily":false,"chose_seed":false,"campfire_upgraded":8,"win_rate":1,"timestamp":1566171323,"path_taken":["M","?","M","?","?","R","?","E","T","R","M","R","$","E","R","BOSS","M","M","M","M","?","?","R","E","T","E","$","E","M","M","R","BOSS","M","?","M","?","$","E","R","E","T","R","E","M","$","E","R","BOSS"],"build_version":"2019-07-17","purchased_purges":2,"victory":true,"max_hp_per_floor":[70,70,70,70,65,65,70,70,70,70,70,70,70,70,70,70,70,70,70,70,70,70,70,70,70,70,70,70,70,70,70,70,70,70,70,70,70,70,77,77,77,77,77,77,77,77,77,77,77,77],"card_choices":[{"not_picked":["Deflect","Infinite Blades"],"picked":"Heel Hook","floor":1.0},{"not_picked":["Slice","Riddle With Holes"],"picked":"PiercingWail","floor":3.0},{"not_picked":["Poisoned Stab","Slice"],"picked":"Crippling Poison","floor":8.0},{"not_picked":["Sucker Punch","Blade Dance"],"picked":"Poisoned Stab","floor":11.0},{"not_picked":["Phantasmal Killer","Calculated Gamble"],"picked":"Adrenaline","floor":14.0},{"not_picked":["Bullet Time","Unload"],"picked":"Burst","floor":16.0},{"not_picked":["Caltrops"],"picked":"SKIP","floor":18.0},{"not_picked":["Outmaneuver"],"picked":"SKIP","floor":19.0},{"not_picked":[],"picked":"Dodge and Roll+1","floor":20.0},{"not_picked":["Sucker Punch"],"picked":"SKIP","floor":21.0},{"not_picked":["Prepared"],"picked":"SKIP","floor":25.0},{"not_picked":["Prepared"],"picked":"SKIP","floor":27.0},{"not_picked":["Reflex"],"picked":"SKIP","floor":29.0},{"not_picked":["Distraction"],"picked":"SKIP","floor":30.0},{"not_picked":["Flying Knee"],"picked":"SKIP","floor":31.0},{"not_picked":[],"picked":"Envenom","floor":33.0},{"not_picked":[],"picked":"Backflip","floor":35.0},{"not_picked":[],"picked":"Backstab+1","floor":37.0},{"not_picked":[],"picked":"Poisoned Stab","floor":38.0},{"not_picked":["Prepared"],"picked":"SKIP","floor":40.0},{"not_picked":["Accuracy+1"],"picked":"SKIP","floor":42.0},{"not_picked":["Underhanded Strike+1"],"picked":"SKIP","floor":45.0},{"not_picked":[],"picked":"Dash+1","floor":46.0},{"not_picked":["Flying Knee"],"picked":"SKIP","floor":48}],"player_experience":21183,"relics_obtained":[{"floor":8.0,"key":"Ornamental Fan"},{"floor":9.0,"key":"WingedGreaves"},{"floor":14.0,"key":"Blood Vial"},{"floor":22.0,"key":"Enchiridion"},{"floor":25.0,"key":"Kunai"},{"floor":26.0,"key":"Regal Pillow"},{"floor":27.0,"key":"Peace Pipe"},{"floor":29.0,"key":"Pantograph"},{"floor":38.0,"key":"Old Coin"},{"floor":40.0,"key":"Dream Catcher"},{"floor":42.0,"key":"Bag of Marbles"},{"floor":43.0,"key":"War Paint"},{"floor":45.0,"key":"Snake Skull"},{"floor":48,"key":"Bronze Scales"}],"event_choices":[{"damage_healed":0.0,"max_hp_gain":0.0,"max_hp_loss":0.0,"gold_gain":0.0,"event_name":"Shining Light","player_choice":"Entered Light","floor":2.0,"gold_loss":0.0,"damage_taken":14.0,"cards_upgraded":["Defend_G","Heel Hook"]},{"damage_healed":0.0,"max_hp_gain":0.0,"max_hp_loss":0.0,"gold_gain":0.0,"event_name":"Scrap Ooze","player_choice":"Success","floor":4.0,"gold_loss":0.0,"damage_taken":7.0,"relics_obtained":["Boot"]},{"damage_healed":0.0,"max_hp_gain":0.0,"max_hp_loss":5.0,"gold_gain":0.0,"event_name":"Golden Idol","player_choice":"Lose Max HP","floor":5.0,"gold_loss":0.0,"damage_taken":0.0,"relics_obtained":["Golden Idol"]},{"damage_healed":0.0,"max_hp_gain":5.0,"max_hp_loss":0.0,"gold_gain":0.0,"event_name":"Big Fish","player_choice":"Donut","floor":7.0,"gold_loss":0.0,"damage_taken":0.0},{"damage_healed":0.0,"max_hp_gain":0.0,"max_hp_loss":0.0,"gold_gain":0.0,"event_name":"Cursed Tome","player_choice":"Obtained Book","floor":22.0,"gold_loss":0.0,"damage_taken":16.0},{"damage_healed":0.0,"max_hp_gain":0.0,"max_hp_loss":0.0,"gold_gain":0.0,"cards_transformed":["Strike_G","Strike_G"],"event_name":"Drug Dealer","player_choice":"Became Test Subject","floor":23.0,"gold_loss":0.0,"damage_taken":0.0,"cards_obtained":["Choke","Venomology"]},{"damage_healed":0.0,"max_hp_gain":0.0,"max_hp_loss":0.0,"gold_gain":333.0,"event_name":"The Moai Head","player_choice":"Gave Idol","floor":36.0,"relics_lost":["Golden Idol"],"gold_loss":0.0,"damage_taken":0.0},{"damage_healed":0.0,"max_hp_gain":0.0,"max_hp_loss":0.0,"gold_gain":0.0,"event_name":"Mysterious Sphere","player_choice":"Fight","floor":38.0,"gold_loss":0.0,"damage_taken":0.0}],"is_beta":false,"boss_relics":[{"not_picked":["HoveringKite","Lizard Tail"],"picked":"Busted Crown"},{"not_picked":["Sozu","Ring of the Serpent"],"picked":"Cursed Key"}],"items_purged_floors":[28,39],"is_endless":false,"potions_floor_spawned":[8,14,25,27,29,31,38,46,48],"ascension_level":4}