{"gold_per_floor":[114,189,189,214,389,389,408,408,408,420,192,212,13,31,31,31],"floor_reached":16,"playtime":466,"items_purged":["Doubt"],"score":141,"play_id":"f85495d4-ce53-4863-addd-63d18bdaf6c5","local_time":"20190604160932","is_ascension_mode":true,"campfire_choices":[{"data":"Bash","floor":6,"key":"SMITH"},{"data":"Dark Embrace","floor":8,"key":"SMITH"},{"data":"True Grit","floor":15,"key":"SMITH"}],"neow_cost":"NONE","seed_source_timestamp":254140790461700,"circlet_count":0,"master_deck":["AscendersBane","Strike_R","Strike_R","Strike_R","Strike_R","Strike_R","Defend_R+1","Defend_R","Defend_R+1","Defend_R","Bash+1","Dark Embrace+1","True Grit+1","Fiend Fire"],"relics":["Burning Blood","War Paint","Pear","Blood Vial","Odd Mushroom","Membership Card"],"potions_floor_usage":[12],"damage_taken":[{"damage":6,"enemies":"Cultist","floor":1,"turns":5},{"damage":7,"enemies":"Jaw Worm","floor":7,"turns":4},{"damage":8,"enemies":"2 Louse","floor":10,"turns":3},{"damage":31,"enemies":"The Mushroom Lair","floor":12,"turns":6},{"damage":6,"enemies":"Looter","floor":14,"turns":4},{"damage":71,"enemies":"The Guardian","floor":16,"turns":11}],"seed_played":"6088714499290756685","potions_obtained":[{"floor":7,"key":"Poison Potion"},{"floor":12,"key":"Ancient Potion"}],"is_trial":false,"path_per_floor":["M","?","?","T","?","R","M","R","T","M","$","?","$","M","R","B"],"character_chosen":"IRONCLAD","items_purchased":["Blood Vial","Membership Card"],"campfire_rested":0,"item_purchase_floors":[11,13],"current_hp_per_floor":[72,61,80,80,80,80,79,79,89,87,87,64,64,66,66,0],"gold":31,"neow_bonus":"ONE_RANDOM_RARE_CARD","is_prod":false,"is_daily":false,"chose_seed":false,"campfire_upgraded":3,"win_rate":0,"timestamp":1559678972,"path_taken":["M","?","?","?","?","R","M","R","T","M","$","?","$","?","R","BOSS"],"build_version":"2019-01-23","purchased_purges":1,"victory":false,"max_hp_per_floor":[80,80,80,80,80,80,80,80,90,90,90,90,90,90,90,90],"card_choices":[{"not_picked":["Sword Boomerang","Clash","Anger"],"picked":"SKIP","floor":1},{"not_picked":["Shockwave","Reckless Charge","Sword Boomerang"],"picked":"SKIP","floor":7},{"not_picked":["Iron Wave","Clothesline"],"picked":"True Grit","floor":10},{"not_picked":["Perfected Strike","Clash"],"picked":"Fiend Fire","floor":14}],"player_experience":3951627,"relics_obtained":[{"floor":4,"key":"War Paint"},{"floor":9,"key":"Pear"},{"floor":12,"key":"Odd Mushroom"}],"event_choices":[{"damage_healed":0,"gold_gain":75,"player_choice":"Gather Gold","damage_taken":11,"max_hp_gain":0,"max_hp_loss":0,"event_name":"World of Goop","floor":2,"gold_loss":0},{"damage_healed":26,"gold_gain":0,"player_choice":"Banana","damage_taken":0,"max_hp_gain":0,"max_hp_loss":0,"event_name":"Big Fish","floor":3,"gold_loss":0},{"damage_healed":0,"gold_gain":175,"player_choice":"AGREE","damage_taken":0,"max_hp_gain":0,"max_hp_loss":0,"event_name":"Liars Game","floor":5,"gold_loss":0,"cards_obtained":["Doubt"]},{"damage_healed":0,"gold_gain":0,"player_choice":"Fought Mushrooms","damage_taken":0,"max_hp_gain":0,"max_hp_loss":0,"event_name":"Mushrooms","floor":12,"gold_loss":0}],"is_beta":false,"boss_relics":[],"items_purged_floors":[11],"is_endless":false,"potions_floor_spawned":[7,12],"killed_by":"The Guardian","ascension_level":12}