{"gold_per_floor":[115,42,54,129,129,129,149,149,229,229,229,242,242,273,273,372,422,441,441,356,86,86,86,96,25,25,25,41,41,53,88,88,186,186,201,45,45,56,156,156,156,156,156,176,189,189,203,229,229,229],"floor_reached":50,"playtime":2309,"items_purged":["Writhe"],"score":1028,"play_id":"73a077ee-4f7b-4569-bf79-ac7065d4c591","local_time":"20190607080532","is_ascension_mode":true,"campfire_choices":[{"data":"Corruption","floor":6,"key":"SMITH"},{"data":"Havoc","floor":8,"key":"SMITH"},{"data":"Havoc","floor":13,"key":"SMITH"},{"data":"True Grit","floor":15,"key":"SMITH"},{"data":"1","floor":23,"key":"LIFT"},{"data":"2","floor":27,"key":"LIFT"},{"data":"3","floor":32,"key":"LIFT"},{"data":"Shame","floor":40,"key":"PURGE"},{"data":"Strike_R","floor":42,"key":"PURGE"},{"data":"Strike_R","floor":46,"key":"PURGE"},{"data":"Bash","floor":49,"key":"PURGE"}],"neow_cost":"CURSE","seed_source_timestamp":482450948498100,"circlet_count":0,"master_deck":["AscendersBane","Strike_R+1","Defend_R","Defend_R","Defend_R","Defend_R","True Grit+1","Corruption+1","Havoc+1","Havoc+1","Sentinel+1","Warcry+1","Sentinel+1","Shrug It Off+1","Sentinel+1","Fiend Fire+1","Havoc+1","Havoc+1","Body Slam+1","Body Slam+1"],"relics":["Burning Blood","Dead Branch","Toxic Egg 2","Self Forming Clay","Thread and Needle","Pear","Tiny House","Girya","Boot","Lantern","Dodecahedron","Molten Egg 2","Empty Cage","Bag of Preparation","Peace Pipe","Kunai","Smiling Mask"],"potions_floor_usage":[24,50],"damage_taken":[{"damage":23,"enemies":"Jaw Worm","floor":1,"turns":5},{"damage":9,"enemies":"Small Slimes","floor":3,"turns":4},{"damage":0,"enemies":"2 Louse","floor":7,"turns":3},{"damage":2,"enemies":"Blue Slaver","floor":12,"turns":3},{"damage":0,"enemies":"Gremlin Nob","floor":14,"turns":2},{"damage":6,"enemies":"The Guardian","floor":16,"turns":5},{"damage":0,"enemies":"Shell Parasite","floor":18,"turns":1},{"damage":0,"enemies":"2 Thieves","floor":24,"turns":2},{"damage":6,"enemies":"3 Cultists","floor":28,"turns":3},{"damage":0,"enemies":"Chosen and Byrds","floor":30,"turns":2},{"damage":12,"enemies":"Slavers","floor":31,"turns":4},{"damage":14,"enemies":"Champ","floor":33,"turns":7},{"damage":0,"enemies":"Orb Walker","floor":35,"turns":3},{"damage":0,"enemies":"3 Darklings","floor":38,"turns":2},{"damage":0,"enemies":"Mind Bloom Boss Battle","floor":39,"turns":2},{"damage":4,"enemies":"4 Shapes","floor":44,"turns":4},{"damage":0,"enemies":"Writhing Mass","floor":45,"turns":2},{"damage":6,"enemies":"Sphere and 2 Shapes","floor":47,"turns":2},{"damage":3,"enemies":"Reptomancer","floor":48,"turns":1},{"damage":112,"enemies":"Time Eater","floor":50,"turns":8}],"seed_played":"5877712403586349379","potions_obtained":[{"floor":1,"key":"BloodPotion"},{"floor":12,"key":"SneckoOil"},{"floor":28,"key":"Dexterity Potion"},{"floor":38,"key":"Energy Potion"},{"floor":44,"key":"Swift Potion"}],"is_trial":false,"path_per_floor":["M","$","M","?","?","R","M","R","T","?","T","M","R","E","R","B",null,"M","?","?","$","T","R","M","$","T","R","M","?","M","E","R","B",null,"M","$","?","M","?","R","?","R","T","M","M","R","M","E","R","B"],"character_chosen":"IRONCLAD","items_purchased":["Corruption","Warcry+1","Lantern","Sentinel+1","Bag of Preparation"],"campfire_rested":0,"item_purchase_floors":[2,21,21,25,36],"current_hp_per_floor":[55,55,52,41,67,67,73,73,73,66,66,70,70,86,86,86,94,95,95,95,95,95,95,95,95,95,95,95,95,95,89,89,81,92,95,95,90,90,90,90,100,100,100,100,100,100,100,100,100,0],"gold":229,"neow_bonus":"ONE_RARE_RELIC","is_prod":false,"is_daily":false,"chose_seed":false,"campfire_upgraded":4,"win_rate":0,"timestamp":1559909132,"path_taken":["M","$","M","?","?","R","M","R","T","?","?","M","R","E","R","BOSS","M","?","?","$","?","R","M","$","T","R","M","?","?","E","R","BOSS","M","$","?","M","?","R","?","R","T","M","M","R","?","E","R","BOSS"],"build_version":"2019-01-23","purchased_purges":1,"victory":false,"max_hp_per_floor":[80,80,80,80,80,80,80,80,80,80,80,80,80,90,90,90,95,95,95,95,95,95,95,95,95,95,95,95,95,95,95,95,95,95,95,95,90,90,90,90,100,100,100,100,100,100,100,100,100,100],"card_choices":[{"not_picked":["Body Slam","Cleave"],"picked":"True Grit","floor":1},{"not_picked":["Anger","Warcry"],"picked":"Havoc","floor":3},{"not_picked":["Fire Breathing","Cleave"],"picked":"Havoc","floor":7},{"not_picked":["Reckless Charge","Clothesline"],"picked":"Sentinel+1","floor":12},{"not_picked":["Clothesline","Wild Strike","Perfected Strike"],"picked":"SKIP","floor":14},{"not_picked":["Dark Embrace","Bludgeon"],"picked":"Feed","floor":16},{"not_picked":["Anger","Armaments+1","Rupture"],"picked":"SKIP","floor":18},{"not_picked":["Clothesline","Shockwave+1","Flex+1"],"picked":"SKIP","floor":24},{"not_picked":["Clothesline","Shockwave+1","Flex+1"],"picked":"SKIP","floor":24},{"not_picked":["Anger+1","Armaments+1"],"picked":"Shrug It Off+1","floor":28},{"not_picked":["Twin Strike","Dropkick+1"],"picked":"Sentinel+1","floor":30},{"not_picked":["Clothesline","Power Through+1","Intimidate+1"],"picked":"SKIP","floor":31},{"not_picked":["Exhume+1","Impervious+1"],"picked":"Fiend Fire+1","floor":33},{"not_picked":["Shrug It Off+1","Seeing Red+1","Perfected Strike+1"],"picked":"SKIP","floor":35},{"not_picked":["Anger+1","Thunderclap+1"],"picked":"Havoc+1","floor":38},{"not_picked":["Rage+1","Twin Strike+1"],"picked":"Havoc+1","floor":39},{"not_picked":["Clothesline+1","Shockwave+1","Perfected Strike+1"],"picked":"SKIP","floor":44},{"not_picked":["Perfected Strike+1","Metallicize"],"picked":"Body Slam+1","floor":45},{"not_picked":["Clash+1","Immolate+1","Sword Boomerang+1"],"picked":"SKIP","floor":47},{"not_picked":["Clothesline+1","Wild Strike+1"],"picked":"Body Slam+1","floor":48}],"player_experience":4090440,"relics_obtained":[{"floor":9,"key":"Toxic Egg 2"},{"floor":11,"key":"Thread and Needle"},{"floor":14,"key":"Pear"},{"floor":22,"key":"Dodecahedron"},{"floor":31,"key":"Molten Egg 2"},{"floor":39,"key":"Peace Pipe"},{"floor":43,"key":"Kunai"},{"floor":48,"key":"Smiling Mask"}],"event_choices":[{"damage_healed":0,"gold_gain":75,"player_choice":"Gather Gold","damage_taken":11,"max_hp_gain":0,"max_hp_loss":0,"event_name":"World of Goop","floor":4,"gold_loss":0},{"damage_healed":26,"gold_gain":0,"player_choice":"Banana","damage_taken":0,"max_hp_gain":0,"max_hp_loss":0,"event_name":"Big Fish","floor":5,"gold_loss":0},{"damage_healed":0,"gold_gain":0,"player_choice":"Success","damage_taken":7,"relics_obtained":["Self Forming Clay"],"max_hp_gain":0,"max_hp_loss":0,"event_name":"Scrap Ooze","floor":10,"gold_loss":0},{"damage_healed":0,"gold_gain":0,"player_choice":"Opened","damage_taken":0,"relics_obtained":["Girya"],"max_hp_gain":0,"max_hp_loss":0,"event_name":"The Mausoleum","floor":19,"gold_loss":0,"cards_obtained":["Writhe"]},{"damage_healed":0,"gold_gain":0,"player_choice":"Obtained Relic","damage_taken":0,"relics_obtained":["Boot"],"max_hp_gain":0,"max_hp_loss":0,"event_name":"Addict","floor":20,"gold_loss":85},{"damage_healed":0,"gold_gain":0,"player_choice":"Ignored","damage_taken":0,"max_hp_gain":0,"max_hp_loss":0,"event_name":"Ghosts","floor":29,"gold_loss":0},{"damage_healed":0,"gold_gain":0,"player_choice":"Max HP","damage_taken":0,"max_hp_gain":0,"max_hp_loss":5,"event_name":"Winding Halls","floor":37,"gold_loss":0},{"damage_healed":0,"gold_gain":0,"player_choice":"Fight","damage_taken":0,"max_hp_gain":0,"max_hp_loss":0,"event_name":"MindBloom","floor":39,"gold_loss":0},{"cards_removed":["Feed"],"damage_healed":0,"gold_gain":0,"player_choice":"Offered Rare","damage_taken":0,"max_hp_gain":10,"max_hp_loss":0,"event_name":"Bonfire Elementals","floor":41,"gold_loss":0}],"is_beta":false,"boss_relics":[{"not_picked":["Ectoplasm","Calling Bell"],"picked":"Tiny House"},{"not_picked":["Pandora\u0027s Box","Runic Cube"],"picked":"Empty Cage"}],"items_purged_floors":[21],"is_endless":false,"potions_floor_spawned":[1,12,28,30,31,38,39,44,48],"killed_by":"Time Eater","ascension_level":12}