{"gold_per_floor":[113,130,80,155,155,155,173,200,225,251,251,251,251,271,271,370,370,384,384,158,175,192,192,92,92,92,92,92,105,105,118,118,222,222,234,234,234],"floor_reached":37,"playtime":1655,"items_purged":["Strike_R","Strike_R"],"score":548,"play_id":"aa1316ca-8cc3-4ea5-bdba-e9c724d85ccb","local_time":"20190602110931","is_ascension_mode":true,"campfire_choices":[{"data":"Defend_R","floor":6,"key":"SMITH"},{"data":"Cleave","floor":11,"key":"SMITH"},{"data":"Defend_R","floor":13,"key":"SMITH"},{"floor":15,"key":"REST"},{"floor":23,"key":"REST"},{"data":"Double Tap","floor":25,"key":"SMITH"},{"data":"Offering","floor":27,"key":"SMITH"},{"floor":32,"key":"REST"}],"neow_cost":"NONE","seed_source_timestamp":62151633168300,"circlet_count":0,"master_deck":["AscendersBane","Strike_R","Defend_R","Defend_R","Defend_R+1","Defend_R+1","Bash+1","Cleave+1","Offering+1","Heavy Blade","Double Tap+1","Inflame","Shrug It Off+1","Hemokinesis+1","Limit Break","Bandage Up"],"relics":["Black Blood","Red Skull","Omamori","Bottled Lightning","Regal Pillow","Happy Flower","Mummified Hand","Philosopher\u0027s Stone"],"potions_floor_usage":[10,33,33,37],"damage_taken":[{"damage":8,"enemies":"Jaw Worm","floor":1,"turns":4},{"damage":8,"enemies":"2 Louse","floor":2,"turns":3},{"damage":1,"enemies":"Small Slimes","floor":7,"turns":4},{"damage":22,"enemies":"3 Sentries","floor":10,"turns":5},{"damage":0,"enemies":"2 Fungi Beasts","floor":14,"turns":4},{"damage":66,"enemies":"Slime Boss","floor":16,"turns":13},{"damage":26,"enemies":"2 Thieves","floor":18,"turns":4},{"damage":6,"enemies":"3 Byrds","floor":21,"turns":6},{"damage":28,"enemies":"Snecko","floor":22,"turns":5},{"damage":9,"enemies":"Centurion and Healer","floor":29,"turns":4},{"damage":15,"enemies":"Snake Plant","floor":31,"turns":3},{"damage":82,"enemies":"Champ","floor":33,"turns":9},{"damage":10,"enemies":"3 Shapes","floor":35,"turns":3},{"damage":76,"enemies":"2 Orb Walkers","floor":37,"turns":4}],"seed_played":"2321525742469583800","potions_obtained":[{"floor":2,"key":"AttackPotion"},{"floor":10,"key":"Ancient Potion"},{"floor":21,"key":"EssenceOfSteel"},{"floor":31,"key":"Block Potion"},{"floor":33,"key":"Dexterity Potion"}],"is_trial":false,"path_per_floor":["M","M","?","?","?","R","M","T","T","E","R","?","R","M","R","B",null,"M","?","$","M","M","R","$","R","T","R","?","M","?","M","R","B",null,"M","?","?"],"character_chosen":"IRONCLAD","items_purchased":["Double Tap"],"campfire_rested":3,"item_purchase_floors":[20],"current_hp_per_floor":[70,68,68,57,80,80,80,80,80,64,64,52,52,58,80,20,65,49,49,49,53,35,74,74,74,74,74,59,60,60,55,85,13,67,67,67,0],"gold":234,"neow_bonus":"UPGRADE_CARD","is_prod":false,"is_daily":false,"chose_seed":false,"campfire_upgraded":5,"win_rate":0,"timestamp":1559488171,"path_taken":["M","M","?","?","?","R","M","?","T","E","R","?","R","M","R","BOSS","M","?","$","M","M","R","$","R","T","R","?","M","?","M","R","BOSS","M","?","?"],"build_version":"2019-01-23","purchased_purges":2,"victory":false,"max_hp_per_floor":[80,80,80,80,80,80,80,80,80,80,80,80,80,80,80,80,80,80,80,80,80,80,80,80,80,80,80,85,85,85,85,85,85,85,85,85,85],"card_choices":[{"not_picked":["Clothesline","Dual Wield","Anger"],"picked":"SKIP","floor":1},{"not_picked":["Twin Strike","Heavy Blade","Armaments"],"picked":"SKIP","floor":2},{"not_picked":["Clash","Havoc","Armaments"],"picked":"SKIP","floor":7},{"not_picked":["Dual Wield","Reckless Charge"],"picked":"Cleave","floor":10},{"not_picked":["Warcry","Perfected Strike","Second Wind"],"picked":"SKIP","floor":14},{"not_picked":["Dark Embrace","Fiend Fire"],"picked":"Offering","floor":16},{"not_picked":["Perfected Strike","Cleave"],"picked":"Heavy Blade","floor":18},{"not_picked":["Headbutt+1","Flex+1"],"picked":"Inflame","floor":21},{"not_picked":["Clothesline","Wild Strike"],"picked":"Shrug It Off+1","floor":22},{"not_picked":["Corruption","Carnage+1"],"picked":"Hemokinesis+1","floor":29},{"not_picked":["Havoc","Power Through","Flex"],"picked":"SKIP","floor":31},{"not_picked":["Demon Form","Offering"],"picked":"Limit Break","floor":33},{"not_picked":["Havoc","Dual Wield+1","Combust"],"picked":"SKIP","floor":35},{"not_picked":["Magnetism","Forethought"],"picked":"Bandage Up","floor":36}],"player_experience":3816140,"relics_obtained":[{"floor":8,"key":"Red Skull"},{"floor":9,"key":"Omamori"},{"floor":10,"key":"Bottled Lightning"},{"floor":26,"key":"Mummified Hand"}],"event_choices":[{"cards_removed":["Strike_R"],"damage_healed":0,"gold_gain":0,"player_choice":"Card Removal","damage_taken":0,"max_hp_gain":0,"max_hp_loss":0,"event_name":"The Cleric","floor":3,"gold_loss":50},{"damage_healed":0,"gold_gain":75,"player_choice":"Gather Gold","damage_taken":11,"max_hp_gain":0,"max_hp_loss":0,"event_name":"World of Goop","floor":4,"gold_loss":0},{"damage_healed":26,"gold_gain":0,"player_choice":"Banana","damage_taken":0,"max_hp_gain":0,"max_hp_loss":0,"event_name":"Big Fish","floor":5,"gold_loss":0},{"damage_healed":0,"gold_gain":0,"player_choice":"Success","damage_taken":12,"relics_obtained":["Regal Pillow"],"max_hp_gain":0,"max_hp_loss":0,"event_name":"Scrap Ooze","floor":12,"gold_loss":0},{"damage_healed":0,"gold_gain":0,"player_choice":"Opened","damage_taken":0,"relics_obtained":["Happy Flower"],"max_hp_gain":0,"max_hp_loss":0,"event_name":"The Mausoleum","floor":19,"gold_loss":0},{"damage_healed":0,"gold_gain":0,"player_choice":"Shed Blood","damage_taken":20,"max_hp_gain":5,"max_hp_loss":0,"event_name":"Forgotten Altar","floor":28,"gold_loss":0},{"cards_removed":["Strike_R"],"damage_healed":0,"gold_gain":0,"player_choice":"Elegance","damage_taken":0,"max_hp_gain":0,"max_hp_loss":0,"event_name":"Back to Basics","floor":30,"gold_loss":0},{"damage_healed":0,"gold_gain":0,"player_choice":"Memory 1","damage_taken":0,"max_hp_gain":0,"max_hp_loss":0,"event_name":"SensoryStone","floor":36,"gold_loss":0},{"damage_healed":0,"gold_gain":0,"player_choice":"Fight","damage_taken":0,"max_hp_gain":0,"max_hp_loss":0,"event_name":"Mysterious Sphere","floor":37,"gold_loss":0}],"is_beta":false,"boss_relics":[{"not_picked":["Eternal Feather","Ectoplasm"],"picked":"Black Blood"},{"not_picked":["Runic Dome","Fusion Hammer"],"picked":"Philosopher\u0027s Stone"}],"items_purged_floors":[20,24],"is_endless":false,"potions_floor_spawned":[2,10,21,31,33],"killed_by":"2 Orb Walkers","ascension_level":10}