{"gold_per_floor":[117,117,292,307,320,320,330,330,330,330,6,16,16,16,16,16],"floor_reached":16,"playtime":919,"items_purged":["Doubt"],"score":144,"play_id":"05eff389-4062-4b96-ad80-ff356dd79e89","local_time":"20190826161844","is_ascension_mode":true,"campfire_choices":[{"data":"Shockwave","floor":6,"key":"SMITH"},{"data":"Bash","floor":8,"key":"SMITH"},{"data":"Battle Trance","floor":10,"key":"SMITH"},{"data":"Defend_R","floor":13,"key":"SMITH"},{"data":"Strike_R","floor":15,"key":"SMITH"}],"neow_cost":"TEN_PERCENT_HP_LOSS","seed_source_timestamp":83130498444500,"circlet_count":0,"master_deck":["AscendersBane","Strike_R+1","Strike_R+1","Strike_R","Strike_R","Strike_R","Defend_R","Defend_R+1","Defend_R+1","Defend_R","Bash+1","Shockwave+1","Battle Trance+1"],"relics":["Burning Blood","Pocketwatch","Dodecahedron","Toxic Egg 2"],"potions_floor_usage":[16,16,16],"damage_taken":[{"damage":1,"enemies":"Cultist","floor":1,"turns":4},{"damage":5,"enemies":"2 Louse","floor":4,"turns":3},{"damage":0,"enemies":"Small Slimes","floor":5,"turns":3},{"damage":1,"enemies":"Exordium Wildlife","floor":7,"turns":4},{"damage":3,"enemies":"Exordium Thugs","floor":12,"turns":6},{"damage":75,"enemies":"Slime Boss","floor":16,"turns":11}],"seed_played":"-9148046581858781505","potions_obtained":[{"floor":4,"key":"Dexterity Potion"},{"floor":12,"key":"EntropicBrew"}],"is_trial":false,"path_per_floor":["M","?","?","M","M","R","M","R","T","R","$","M","R","$","R","B"],"character_chosen":"IRONCLAD","items_purchased":["Toxic Egg 2"],"campfire_rested":0,"item_purchase_floors":[11],"current_hp_per_floor":[72,58,58,59,65,65,70,70,70,70,70,72,72,72,72,0],"gold":16,"neow_bonus":"ONE_RARE_RELIC","is_prod":false,"is_daily":false,"chose_seed":false,"campfire_upgraded":5,"win_rate":0,"timestamp":1566850724,"path_taken":["M","?","?","M","M","R","M","R","T","R","$","M","R","$","R","BOSS"],"build_version":"2019-07-17","purchased_purges":1,"victory":false,"max_hp_per_floor":[72,72,72,72,72,72,72,72,72,72,72,72,72,72,72,72],"card_choices":[{"not_picked":["True Grit","Dual Wield"],"picked":"Shockwave","floor":1},{"not_picked":["Pommel Strike","Heavy Blade","Anger"],"picked":"SKIP","floor":4},{"not_picked":["Thunderclap","Clothesline"],"picked":"Battle Trance","floor":5},{"not_picked":["Thunderclap","Pommel Strike","Burning Pact"],"picked":"SKIP","floor":7},{"not_picked":["Burning Pact+1","Rupture","Clothesline"],"picked":"SKIP","floor":12}],"player_experience":4102621,"relics_obtained":[{"floor":9,"key":"Dodecahedron"}],"event_choices":[{"damage_healed":0,"gold_gain":0,"player_choice":"Entered Light","damage_taken":14,"max_hp_gain":0,"max_hp_loss":0,"event_name":"Shining Light","floor":2,"gold_loss":0,"cards_upgraded":["Defend_R","Strike_R"]},{"damage_healed":0,"gold_gain":175,"player_choice":"AGREE","damage_taken":0,"max_hp_gain":0,"max_hp_loss":0,"event_name":"Liars Game","floor":3,"gold_loss":0,"cards_obtained":["Doubt"]}],"is_beta":false,"boss_relics":[],"items_purged_floors":[11],"is_endless":false,"potions_floor_spawned":[4,12],"killed_by":"Slime Boss","ascension_level":12}