{"gold_per_floor":[118,68,68,78,3,30,43,63,89,89,105,105,130,130],"floor_reached":14,"playtime":230,"items_purged":["Strike_R"],"score":125,"play_id":"3a0d413a-d4ed-4937-9bf0-50409fcceb76","local_time":"20190826164046","is_ascension_mode":false,"campfire_choices":[{"data":"Flex","floor":12,"key":"SMITH"}],"neow_cost":"NONE","seed_source_timestamp":240101428470100,"circlet_count":0,"master_deck":["Strike_R","Strike_R","Strike_R","Defend_R","Defend_R","Defend_R","Defend_R","Bash","Perfected Strike","Flex+1","Cleave"],"relics":["Burning Blood","NeowsBlessing","Singing Bowl","Nunchaku","Art of War","Anchor","Regal Pillow"],"potions_floor_usage":[13],"damage_taken":[{"damage":0,"enemies":"Jaw Worm","floor":1,"turns":1},{"damage":0,"enemies":"Small Slimes","floor":4,"turns":1},{"damage":0,"enemies":"3 Sentries","floor":6,"turns":2},{"damage":2,"enemies":"2 Louse","floor":7,"turns":2},{"damage":10,"enemies":"Looter","floor":8,"turns":2},{"damage":14,"enemies":"Blue Slaver","floor":11,"turns":3},{"damage":6,"enemies":"Gremlin Nob","floor":13,"turns":3}],"seed_played":"-6860429482251229617","potions_obtained":[{"floor":4,"key":"LiquidBronze"},{"floor":6,"key":"SteroidPotion"},{"floor":8,"key":"SneckoOil"},{"floor":11,"key":"AttackPotion"}],"is_trial":false,"path_per_floor":["M","?","T","M","$","E","M","M","T","?","M","R","E","?"],"character_chosen":"IRONCLAD","items_purchased":[],"campfire_rested":0,"item_purchase_floors":[],"current_hp_per_floor":[80,80,80,80,80,80,80,78,78,53,47,47,49,49],"gold":130,"neow_bonus":"THREE_ENEMY_KILL","is_prod":false,"is_daily":false,"chose_seed":false,"campfire_upgraded":1,"win_rate":0,"timestamp":1566801646,"path_taken":["M","?","?","M","$","E","M","M","T","?","M","R","E","?"],"build_version":"2019-07-17","purchased_purges":1,"victory":false,"max_hp_per_floor":[80,80,80,80,80,80,80,82,82,82,84,84,86,86],"card_choices":[{"not_picked":["Havoc","Headbutt","Sentinel"],"picked":"SKIP","floor":1},{"not_picked":["Shockwave","Flame Barrier"],"picked":"Perfected Strike","floor":4},{"not_picked":["Cleave","Rampage"],"picked":"Flex","floor":6},{"not_picked":["Clash","Pommel Strike"],"picked":"Cleave","floor":7},{"not_picked":["Intimidate","Dual Wield","Clash"],"picked":"Singing Bowl","floor":8},{"not_picked":["Spot Weakness","Reckless Charge","Thunderclap"],"picked":"Singing Bowl","floor":11},{"not_picked":["Warcry","Dual Wield","Blood for Blood"],"picked":"Singing Bowl","floor":13}],"player_experience":96555,"relics_obtained":[{"floor":3,"key":"Singing Bowl"},{"floor":6,"key":"Nunchaku"},{"floor":9,"key":"Art of War"},{"floor":13,"key":"Regal Pillow"}],"event_choices":[{"cards_removed":["Strike_R"],"damage_healed":0,"gold_gain":0,"player_choice":"Card Removal","damage_taken":0,"max_hp_gain":0,"max_hp_loss":0,"event_name":"The Cleric","floor":2,"gold_loss":50},{"damage_healed":0,"gold_gain":0,"player_choice":"Success","damage_taken":25,"relics_obtained":["Anchor"],"max_hp_gain":0,"max_hp_loss":0,"event_name":"Scrap Ooze","floor":10,"gold_loss":0}],"is_beta":false,"boss_relics":[],"items_purged_floors":[5],"is_endless":false,"potions_floor_spawned":[4,6,8,11],"ascension_level":0}