{"gold_per_floor":[118,137,137,137,150,150,164,164,164,164],"floor_reached":10,"playtime":400,"items_purged":[],"score":93,"play_id":"afbd9447-caee-432b-952b-d756d9d88e57","local_time":"20190826205737","is_ascension_mode":true,"campfire_choices":[{"data":"Havoc","floor":6,"key":"SMITH"},{"data":"Havoc","floor":8,"key":"SMITH"}],"neow_cost":"NONE","seed_source_timestamp":100380452045500,"circlet_count":0,"master_deck":["AscendersBane","Strike_R","Strike_R","Strike_R","Strike_R","Defend_R","Defend_R","Defend_R","Defend_R","Bash","Havoc+1","Armaments","Shrug It Off","Havoc+1"],"relics":["Burning Blood","Golden Idol","Sundial"],"potions_floor_usage":[7],"damage_taken":[{"damage":6,"enemies":"Cultist","floor":1,"turns":4},{"damage":4,"enemies":"Jaw Worm","floor":2,"turns":6},{"damage":4,"enemies":"2 Louse","floor":5,"turns":4},{"damage":14,"enemies":"Lots of Slimes","floor":7,"turns":8},{"damage":74,"enemies":"Gremlin Nob","floor":10,"turns":4}],"seed_played":"-2418049589912389709","potions_obtained":[{"floor":2,"key":"AttackPotion"}],"is_trial":false,"path_per_floor":["M","M","?","?","M","R","M","R","T","E"],"character_chosen":"IRONCLAD","items_purchased":[],"campfire_rested":0,"item_purchase_floors":[],"current_hp_per_floor":[80,82,81,81,81,81,73,73,73,0],"gold":164,"neow_bonus":"TEN_PERCENT_HP_BONUS","is_prod":false,"is_daily":false,"chose_seed":false,"campfire_upgraded":2,"win_rate":0,"timestamp":1566867457,"path_taken":["M","?","?","?","?","R","M","R","T","E"],"build_version":"2019-07-17","purchased_purges":0,"victory":false,"max_hp_per_floor":[88,88,81,81,81,81,81,81,81,81],"card_choices":[{"not_picked":["Warcry","Headbutt"],"picked":"Havoc","floor":1},{"not_picked":["Perfected Strike","Flex"],"picked":"Armaments","floor":2},{"not_picked":["Armaments","Clash"],"picked":"Shrug It Off","floor":5},{"not_picked":["Body Slam","Flame Barrier"],"picked":"Havoc","floor":7}],"player_experience":4107859,"relics_obtained":[{"floor":9,"key":"Sundial"}],"event_choices":[{"damage_healed":0,"gold_gain":0,"player_choice":"Lose Max HP","damage_taken":0,"relics_obtained":["Golden Idol"],"max_hp_gain":0,"max_hp_loss":7,"event_name":"Golden Idol","floor":3,"gold_loss":0},{"cards_removed":["Strike_R"],"damage_healed":0,"gold_gain":0,"player_choice":"Purged","damage_taken":0,"max_hp_gain":0,"max_hp_loss":0,"event_name":"Purifier","floor":4,"gold_loss":0}],"is_beta":false,"boss_relics":[],"items_purged_floors":[],"is_endless":false,"potions_floor_spawned":[2],"killed_by":"Gremlin Nob","ascension_level":12}