{"gold_per_floor":[110,126,126,139,156,156,191,210,210,225,225,239,239,270,270,270],"floor_reached":16,"playtime":854,"items_purged":[],"score":114,"play_id":"cd85fb1d-c051-4c76-8fe3-49135f16e4c9","local_time":"20190823195303","is_ascension_mode":false,"campfire_choices":[{"data":"Anger","floor":6,"key":"SMITH"},{"data":"Rage","floor":13,"key":"SMITH"},{"data":"Flex","floor":15,"key":"SMITH"}],"neow_cost":"TEN_PERCENT_HP_LOSS","seed_source_timestamp":707032254678300,"circlet_count":0,"master_deck":["Strike_R","Strike_R","Strike_R","Defend_R","Defend_R","Defend_R","Defend_R","Bash","Anger+1","Whirlwind","Rage+1","Dual Wield","Bloodletting+1","Flex+1"],"relics":["Burning Blood","PreservedInsect","Pear","Bottled Flame"],"potions_floor_usage":[7,9,14,14],"damage_taken":[{"damage":6,"enemies":"Cultist","floor":1,"turns":3},{"damage":1,"enemies":"Jaw Worm","floor":2,"turns":4},{"damage":7,"enemies":"Small Slimes","floor":4,"turns":2},{"damage":14,"enemies":"Red Slaver","floor":5,"turns":5},{"damage":4,"enemies":"3 Sentries","floor":7,"turns":8},{"damage":5,"enemies":"Looter","floor":8,"turns":4},{"damage":20,"enemies":"Exordium Thugs","floor":10,"turns":4},{"damage":10,"enemies":"Large Slime","floor":12,"turns":6},{"damage":13,"enemies":"Lagavulin","floor":14,"turns":3},{"damage":49,"enemies":"Hexaghost","floor":16,"turns":9}],"seed_played":"-1117117551707129138","potions_obtained":[{"floor":2,"key":"Strength Potion"},{"floor":4,"key":"SkillPotion"},{"floor":7,"key":"SteroidPotion"},{"floor":8,"key":"Fruit Juice"},{"floor":14,"key":"Energy Potion"}],"is_trial":false,"path_per_floor":["M","M","?","M","M","R","E","M","T","M","?","M","R","E","R","B"],"character_chosen":"IRONCLAD","items_purchased":[],"campfire_rested":0,"item_purchase_floors":[],"current_hp_per_floor":[72,72,77,76,68,68,70,71,86,72,72,68,68,61,61,12],"gold":270,"neow_bonus":"REMOVE_TWO","is_prod":false,"is_daily":false,"chose_seed":false,"campfire_upgraded":3,"win_rate":0,"timestamp":1566553983,"path_taken":["M","?","?","M","M","R","E","M","T","M","?","M","R","E","R","BOSS"],"build_version":"2019-07-17","purchased_purges":0,"victory":false,"max_hp_per_floor":[72,72,77,77,77,77,77,77,92,92,92,92,92,92,92,92],"card_choices":[{"not_picked":["Clothesline","Perfected Strike"],"picked":"Anger","floor":1},{"not_picked":["Sentinel","Power Through"],"picked":"Whirlwind","floor":2},{"not_picked":["Whirlwind","Infernal Blade"],"picked":"Rage","floor":4},{"not_picked":["Body Slam","Heavy Blade","Disarm"],"picked":"SKIP","floor":5},{"not_picked":["Uppercut","Iron Wave"],"picked":"Dual Wield","floor":7},{"not_picked":["Dual Wield","Warcry","Wild Strike"],"picked":"SKIP","floor":8},{"not_picked":["Shrug It Off","Feel No Pain"],"picked":"Bloodletting","floor":10},{"not_picked":["Twin Strike","Clash","Reaper"],"picked":"SKIP","floor":12},{"not_picked":["Blood for Blood","Rage"],"picked":"Flex","floor":14}],"player_experience":88593,"relics_obtained":[{"floor":7,"key":"PreservedInsect"},{"floor":9,"key":"Pear"},{"floor":14,"key":"Bottled Flame"}],"event_choices":[{"damage_healed":0,"gold_gain":0,"player_choice":"Donut","damage_taken":0,"max_hp_gain":5,"max_hp_loss":0,"event_name":"Big Fish","floor":3,"gold_loss":0},{"damage_healed":0,"gold_gain":0,"player_choice":"Forge","damage_taken":0,"max_hp_gain":0,"max_hp_loss":0,"event_name":"Accursed Blacksmith","floor":11,"gold_loss":0,"cards_upgraded":["Bloodletting"]}],"is_beta":false,"boss_relics":[],"items_purged_floors":[],"is_endless":false,"potions_floor_spawned":[2,4,7,8,14],"killed_by":"Hexaghost","ascension_level":0}