{"gold_per_floor":[111,72,83,8,8,42,61,61,112,112,142,154,154,178,178,254,254,264,189,189,189],"floor_reached":21,"playtime":491,"items_purged":[],"score":389,"play_id":"212a0399-b3ac-42c1-a5f7-9268403877c7","local_time":"20190826123613","is_ascension_mode":true,"campfire_choices":[{"data":"Entrench","floor":8,"key":"SMITH"},{"data":"Bash","floor":10,"key":"SMITH"},{"floor":13,"key":"REST"},{"floor":15,"key":"REST"}],"neow_cost":"NONE","seed_source_timestamp":374233059797400,"circlet_count":0,"master_deck":["AscendersBane","Strike_R","Strike_R","Strike_R","Defend_R","Defend_R","Defend_R","Bash+1","Cleave","Corruption","Entrench+1","Whirlwind","Juggernaut","Flame Barrier","Limit Break","Disarm"],"relics":["Black Blood","NeowsBlessing","Happy Flower","Potion Belt","Art of War","Centennial Puzzle"],"potions_floor_usage":[16,16,21,21],"damage_taken":[{"damage":0,"enemies":"2 Louse","floor":1,"turns":1},{"damage":0,"enemies":"Jaw Worm","floor":3,"turns":1},{"damage":0,"enemies":"Lagavulin","floor":6,"turns":1},{"damage":10,"enemies":"Small Slimes","floor":7,"turns":3},{"damage":60,"enemies":"3 Sentries","floor":11,"turns":10},{"damage":12,"enemies":"Looter","floor":12,"turns":3},{"damage":46,"enemies":"The Guardian","floor":16,"turns":8},{"damage":45,"enemies":"Spheric Guardian","floor":18,"turns":6},{"damage":26,"enemies":"Chosen","floor":21,"turns":4}],"seed_played":"1043399672664618262","potions_obtained":[{"floor":3,"key":"PowerPotion"},{"floor":6,"key":"EssenceOfSteel"},{"floor":11,"key":"SpeedPotion"},{"floor":16,"key":"Swift Potion"}],"is_trial":false,"path_per_floor":["M","$","M","?","?","E","M","R","T","R","E","M","R","T","R","B",null,"M","?","$","M"],"character_chosen":"IRONCLAD","items_purchased":["Corruption"],"campfire_rested":2,"item_purchase_floors":[2],"current_hp_per_floor":[74,74,75,75,75,75,71,71,71,71,17,11,33,33,55,15,60,25,25,25,0],"gold":189,"neow_bonus":"THREE_ENEMY_KILL","is_prod":false,"is_daily":false,"chose_seed":false,"campfire_upgraded":2,"win_rate":0,"timestamp":1566790573,"path_taken":["M","$","M","?","?","E","M","R","T","R","E","M","R","?","R","BOSS","M","?","$","M"],"build_version":"2019-07-17","purchased_purges":0,"victory":false,"max_hp_per_floor":[75,75,75,75,75,75,75,75,75,75,75,75,75,75,75,75,75,75,75,75,75],"card_choices":[{"not_picked":["Anger","True Grit"],"picked":"Cleave","floor":1},{"not_picked":["Headbutt","Dual Wield"],"picked":"Entrench","floor":3},{"not_picked":["Infernal Blade","Shrug It Off"],"picked":"Whirlwind","floor":6},{"not_picked":["Warcry","Iron Wave","Blood for Blood"],"picked":"SKIP","floor":7},{"not_picked":["Flex","Clash"],"picked":"Juggernaut","floor":11},{"not_picked":["Blood for Blood","Pummel"],"picked":"Flame Barrier","floor":12},{"not_picked":["Dark Embrace","Impervious"],"picked":"Limit Break","floor":16},{"not_picked":["Iron Wave+1","Anger"],"picked":"Disarm","floor":18}],"player_experience":210525,"relics_obtained":[{"floor":6,"key":"Happy Flower"},{"floor":9,"key":"Potion Belt"},{"floor":11,"key":"Art of War"},{"floor":14,"key":"Centennial Puzzle"}],"event_choices":[{"cards_removed":["Strike_R"],"damage_healed":0,"gold_gain":0,"player_choice":"Card Removal","damage_taken":0,"max_hp_gain":0,"max_hp_loss":0,"event_name":"The Cleric","floor":4,"gold_loss":75},{"cards_removed":["Defend_R"],"damage_healed":0,"gold_gain":0,"player_choice":"Forget","damage_taken":0,"max_hp_gain":0,"max_hp_loss":0,"event_name":"Living Wall","floor":5,"gold_loss":0},{"cards_removed":["Strike_R"],"damage_healed":0,"gold_gain":0,"player_choice":"Gave Gold","damage_taken":0,"max_hp_gain":0,"max_hp_loss":0,"event_name":"Beggar","floor":19,"gold_loss":75}],"is_beta":false,"boss_relics":[{"not_picked":["Tiny House","Runic Pyramid"],"picked":"Black Blood"}],"items_purged_floors":[],"is_endless":false,"potions_floor_spawned":[3,6,11,16],"killed_by":"Chosen","ascension_level":17}