{"gold_per_floor":[369,383,156,156,174,174,96,96,96,126,140,140,154,169,169,270,270,286,297,297,396,422,422,522,547,547,359,359,359,389,304,304,304],"floor_reached":33,"playtime":1465,"items_purged":["Strike_R","Strike_R"],"score":377,"play_id":"fd3e03da-fa82-4341-ad80-2eeaf50333cc","local_time":"20190602133712","is_ascension_mode":true,"campfire_choices":[{"data":"Bloodletting","floor":6,"key":"SMITH"},{"data":"Offering","floor":8,"key":"SMITH"},{"data":"Clothesline","floor":12,"key":"SMITH"},{"data":"Bash","floor":15,"key":"SMITH"},{"floor":23,"key":"REST"},{"data":"Offering","floor":29,"key":"SMITH"},{"data":"Rampage","floor":32,"key":"SMITH"}],"neow_cost":"CURSE","seed_source_timestamp":71203071182600,"circlet_count":0,"master_deck":["AscendersBane","Strike_R","Strike_R","Defend_R","Defend_R","Defend_R","Defend_R","Bash+1","Clumsy","Clothesline+1","Bloodletting+1","Offering+1","Spot Weakness","Whirlwind","Offering+1","Deep Breath+1","Barricade+1","Rampage+1"],"relics":["Black Blood","Bag of Marbles","Frozen Egg 2","Tiny Chest","Juzu Bracelet","Potion Belt","Omamori","Toxic Egg 2","Red Mask","Pantograph"],"potions_floor_usage":[5,16,25,33,33],"damage_taken":[{"damage":10,"enemies":"2 Louse","floor":1,"turns":3},{"damage":3,"enemies":"Cultist","floor":2,"turns":4},{"damage":4,"enemies":"Jaw Worm","floor":5,"turns":3},{"damage":10,"enemies":"Blue Slaver","floor":11,"turns":2},{"damage":9,"enemies":"Lots of Slimes","floor":13,"turns":4},{"damage":6,"enemies":"Red Slaver","floor":14,"turns":1},{"damage":46,"enemies":"The Guardian","floor":16,"turns":7},{"damage":16,"enemies":"Chosen","floor":18,"turns":3},{"damage":24,"enemies":"Shell Parasite","floor":19,"turns":4},{"damage":31,"enemies":"Slavers","floor":25,"turns":4},{"damage":12,"enemies":"Masked Bandits","floor":30,"turns":2},{"damage":90,"enemies":"Automaton","floor":33,"turns":6}],"seed_played":"8368500021833169209","potions_obtained":[{"floor":1,"key":"SneckoOil"},{"floor":13,"key":"EssenceOfSteel"},{"floor":16,"key":"GamblersBrew"},{"floor":25,"key":"SteroidPotion"},{"floor":30,"key":"Explosive Potion"}],"is_trial":false,"path_per_floor":["M","M","$","?","M","R","$","R","T","?","M","R","M","M","R","B",null,"M","M","T","?","T","R","?","E","T","$","?","R","?","?","R","B"],"character_chosen":"IRONCLAD","items_purchased":["Bag of Marbles","Offering","Deep Breath+1"],"campfire_rested":1,"item_purchase_floors":[3,7,27],"current_hp_per_floor":[68,71,71,71,73,73,73,73,73,73,69,69,66,66,66,26,67,61,47,47,47,47,71,71,50,50,50,50,50,48,48,48,0],"gold":304,"neow_bonus":"TWO_FIFTY_GOLD","is_prod":false,"is_daily":false,"chose_seed":false,"campfire_upgraded":6,"win_rate":0,"timestamp":1559497032,"path_taken":["M","M","$","?","?","R","?","R","T","?","M","R","M","M","R","BOSS","M","M","?","?","?","R","?","E","T","?","?","R","?","?","R","BOSS"],"build_version":"2019-01-23","purchased_purges":2,"victory":false,"max_hp_per_floor":[80,80,80,80,80,80,80,80,80,80,80,80,80,80,80,80,80,80,80,80,80,80,80,80,80,80,80,80,80,80,80,80,80],"card_choices":[{"not_picked":["True Grit","Iron Wave"],"picked":"Clothesline","floor":1},{"not_picked":["Pummel","Headbutt"],"picked":"Bloodletting","floor":2},{"not_picked":["Twin Strike","Thunderclap","Searing Blow"],"picked":"SKIP","floor":5},{"not_picked":["Feel No Pain+1","Wild Strike","Havoc"],"picked":"SKIP","floor":11},{"not_picked":["Twin Strike","Hemokinesis"],"picked":"Spot Weakness","floor":13},{"not_picked":["Warcry","Berserk+1"],"picked":"Whirlwind","floor":14},{"not_picked":["Impervious","Juggernaut+1"],"picked":"Offering","floor":16},{"not_picked":["Pommel Strike+1","Thunderclap+1","Metallicize+1"],"picked":"SKIP","floor":18},{"not_picked":["Heavy Blade+1","Ghostly Armor","Havoc+1"],"picked":"SKIP","floor":19},{"not_picked":["Ghostly Armor","Disarm+1","Whirlwind"],"picked":"SKIP","floor":25},{"not_picked":["Cleave+1","Corruption+1"],"picked":"Rampage","floor":30}],"player_experience":3825133,"relics_obtained":[{"floor":9,"key":"Frozen Egg 2"},{"floor":10,"key":"Tiny Chest"},{"floor":20,"key":"Juzu Bracelet"},{"floor":22,"key":"Potion Belt"},{"floor":25,"key":"Omamori"},{"floor":26,"key":"Toxic Egg 2"},{"floor":30,"key":"Red Mask"}],"event_choices":[{"cards_removed":["Strike_R"],"damage_healed":0,"gold_gain":0,"player_choice":"Purged","damage_taken":0,"max_hp_gain":0,"max_hp_loss":0,"event_name":"Purifier","floor":4,"gold_loss":0},{"damage_healed":0,"gold_gain":0,"player_choice":"Relic","damage_taken":0,"max_hp_gain":0,"max_hp_loss":0,"event_name":"Wheel of Change","floor":10,"gold_loss":0},{"damage_healed":0,"gold_gain":99,"player_choice":"Stole From Cult","damage_taken":0,"max_hp_gain":0,"max_hp_loss":0,"event_name":"Nest","floor":21,"gold_loss":0},{"damage_healed":0,"gold_gain":100,"player_choice":"Pray","damage_taken":0,"max_hp_gain":0,"max_hp_loss":0,"event_name":"Golden Shrine","floor":24,"gold_loss":0},{"damage_healed":0,"gold_gain":0,"player_choice":"1 cards matched","damage_taken":0,"max_hp_gain":0,"max_hp_loss":0,"event_name":"Match and Keep!","floor":28,"gold_loss":0,"cards_obtained":["Barricade"]},{"damage_healed":0,"gold_gain":0,"player_choice":"Fought Bandits","damage_taken":0,"max_hp_gain":0,"max_hp_loss":0,"event_name":"Masked Bandits","floor":30,"gold_loss":0},{"damage_healed":0,"gold_gain":0,"player_choice":"Obtained Relic","damage_taken":0,"relics_obtained":["Pantograph"],"max_hp_gain":0,"max_hp_loss":0,"event_name":"Addict","floor":31,"gold_loss":85}],"is_beta":false,"boss_relics":[{"not_picked":["Astrolabe","Eternal Feather"],"picked":"Black Blood"}],"items_purged_floors":[3,27],"is_endless":false,"potions_floor_spawned":[1,13,16,25,30],"killed_by":"Automaton","ascension_level":10}