{"gold_per_floor":[17,17,17,17,30,30,46,86,110,133,177,16,16,34,34,130,130,146,46],"floor_reached":19,"playtime":641,"items_purged":[],"score":327,"play_id":"728da3db-f7f8-4a77-b732-0d6ce8f91550","local_time":"20190824133918","is_ascension_mode":true,"campfire_choices":[{"data":"Clothesline","floor":6,"key":"SMITH"},{"data":"Double Tap","floor":13,"key":"SMITH"},{"floor":15,"key":"REST"}],"neow_cost":"NO_GOLD","seed_source_timestamp":205070740073000,"circlet_count":0,"master_deck":["AscendersBane","Strike_R","Strike_R","Strike_R","Strike_R","Strike_R","Defend_R","Defend_R","Defend_R","Defend_R","Bash+1","Swift Strike","Impatience","Evolve","Clothesline+1","Whirlwind","Double Tap+1","Limit Break"],"relics":["Burning Blood","Golden Idol","Potion Belt","Strawberry","FossilizedHelix","Oddly Smooth Stone","Mark of Pain"],"potions_floor_usage":[8,11,11,16],"damage_taken":[{"damage":10,"enemies":"Small Slimes","floor":1,"turns":4},{"damage":14,"enemies":"Jaw Worm","floor":5,"turns":4},{"damage":0,"enemies":"Cultist","floor":7,"turns":3},{"damage":14,"enemies":"Gremlin Nob","floor":8,"turns":4},{"damage":9,"enemies":"Looter","floor":10,"turns":3},{"damage":37,"enemies":"Lagavulin","floor":11,"turns":7},{"damage":5,"enemies":"Exordium Thugs","floor":14,"turns":4},{"damage":32,"enemies":"Slime Boss","floor":16,"turns":10},{"damage":47,"enemies":"Spheric Guardian","floor":18,"turns":6},{"damage":34,"enemies":"2 Thieves","floor":19,"turns":3}],"seed_played":"-5878762753414010787","potions_obtained":[{"floor":5,"key":"PowerPotion"},{"floor":7,"key":"BloodPotion"},{"floor":8,"key":"Weak Potion"},{"floor":11,"key":"Regen Potion"},{"floor":18,"key":"LiquidBronze"}],"is_trial":false,"path_per_floor":["M","?","?","$","M","R","M","E","T","M","E","$","R","M","R","B",null,"M","M"],"character_chosen":"IRONCLAD","items_purchased":["Oddly Smooth Stone"],"campfire_rested":1,"item_purchase_floors":[12],"current_hp_per_floor":[64,38,38,38,30,30,36,28,35,32,21,21,21,22,46,35,70,29,0],"gold":46,"neow_bonus":"RANDOM_COLORLESS_2","is_prod":false,"is_daily":false,"chose_seed":false,"campfire_upgraded":2,"win_rate":0,"timestamp":1566621558,"path_taken":["M","?","?","?","M","R","M","E","T","M","E","$","R","M","R","BOSS","M","M"],"build_version":"2019-07-17","purchased_purges":0,"victory":false,"max_hp_per_floor":[75,75,75,75,75,75,75,75,82,82,82,82,82,82,82,82,82,82,82],"card_choices":[{"not_picked":["Warcry","Wild Strike"],"picked":"Evolve","floor":1},{"not_picked":["Intimidate","Iron Wave"],"picked":"Clothesline","floor":5},{"not_picked":["Body Slam","Perfected Strike"],"picked":"Whirlwind","floor":7},{"not_picked":["Body Slam","Thunderclap"],"picked":"Double Tap","floor":8},{"not_picked":["Perfected Strike","Evolve","Wild Strike"],"picked":"SKIP","floor":10},{"not_picked":["Hemokinesis","Headbutt","Twin Strike"],"picked":"SKIP","floor":11},{"not_picked":["Power Through","Searing Blow","Sentinel"],"picked":"SKIP","floor":14},{"not_picked":["Offering","Impervious"],"picked":"Limit Break","floor":16},{"not_picked":["Wild Strike+1","Power Through","Dual Wield"],"picked":"SKIP","floor":18}],"player_experience":203084,"relics_obtained":[{"floor":8,"key":"Potion Belt"},{"floor":9,"key":"Strawberry"},{"floor":11,"key":"FossilizedHelix"}],"event_choices":[{"damage_healed":0,"gold_gain":0,"player_choice":"Take Damage","damage_taken":26,"relics_obtained":["Golden Idol"],"max_hp_gain":0,"max_hp_loss":0,"event_name":"Golden Idol","floor":2,"gold_loss":0},{"damage_healed":0,"gold_gain":0,"player_choice":"Grow","damage_taken":0,"max_hp_gain":0,"max_hp_loss":0,"event_name":"Living Wall","floor":3,"gold_loss":0,"cards_upgraded":["Bash"]}],"is_beta":false,"boss_relics":[{"not_picked":["Philosopher\u0027s Stone","Sozu"],"picked":"Mark of Pain"}],"items_purged_floors":[],"is_endless":false,"potions_floor_spawned":[5,7,8,11,18],"killed_by":"2 Thieves","ascension_level":17}