{"gold_per_floor":[110,128,53,53,53,53,86,86,116,130,130,156,156,156,156,156],"floor_reached":16,"playtime":466,"items_purged":["Injury"],"score":111,"play_id":"236f414e-f167-497e-b44d-b0f2c6a1de03","local_time":"20190823200059","is_ascension_mode":true,"campfire_choices":[{"data":"Discovery","floor":6,"key":"SMITH"},{"data":"Flex","floor":8,"key":"SMITH"},{"data":"Rage","floor":15,"key":"SMITH"}],"neow_cost":"CURSE","seed_source_timestamp":707896879727400,"circlet_count":0,"master_deck":["Strike_R+1","Strike_R+1","Strike_R","Strike_R","Strike_R+1","Defend_R+1","Defend_R","Defend_R","Defend_R","Bash","Discovery+1","Bandage Up","Rage+1","Flex+1"],"relics":["Burning Blood","Shuriken","Tiny Chest","Whetstone","Pear","Golden Idol"],"potions_floor_usage":[7,16],"damage_taken":[{"damage":2,"enemies":"2 Louse","floor":1,"turns":2},{"damage":11,"enemies":"Small Slimes","floor":2,"turns":3},{"damage":20,"enemies":"Gremlin Nob","floor":7,"turns":4},{"damage":3,"enemies":"Jaw Worm","floor":10,"turns":3},{"damage":24,"enemies":"3 Sentries","floor":12,"turns":9},{"damage":58,"enemies":"Hexaghost","floor":16,"turns":9}],"seed_played":"573226949506694268","potions_obtained":[{"floor":2,"key":"EssenceOfSteel"},{"floor":7,"key":"Poison Potion"}],"is_trial":false,"path_per_floor":["M","M","$","?","?","R","E","R","T","M","?","E","T","?","R","B"],"character_chosen":"IRONCLAD","items_purchased":[],"campfire_rested":0,"item_purchase_floors":[],"current_hp_per_floor":[80,75,75,59,64,64,50,50,50,57,57,43,53,53,53,0],"gold":156,"neow_bonus":"RANDOM_COLORLESS_2","is_prod":false,"is_daily":false,"chose_seed":false,"campfire_upgraded":3,"win_rate":0,"timestamp":1566554459,"path_taken":["M","M","$","?","?","R","E","R","T","M","?","E","?","?","R","BOSS"],"build_version":"2019-07-17","purchased_purges":1,"victory":false,"max_hp_per_floor":[80,80,80,80,85,85,85,85,85,85,85,85,95,88,88,88],"card_choices":[{"not_picked":["Warcry","Twin Strike","True Grit"],"picked":"SKIP","floor":1},{"not_picked":["Seeing Red","Reckless Charge"],"picked":"Rage","floor":2},{"not_picked":["Infernal Blade","Heavy Blade"],"picked":"Flex","floor":7},{"not_picked":["Bloodletting","Heavy Blade","Clothesline"],"picked":"SKIP","floor":10},{"not_picked":["Warcry","Clothesline","Whirlwind"],"picked":"SKIP","floor":12}],"player_experience":89447,"relics_obtained":[{"floor":7,"key":"Shuriken"},{"floor":9,"key":"Tiny Chest"},{"floor":12,"key":"Whetstone"},{"floor":13,"key":"Pear"}],"event_choices":[{"damage_healed":0,"gold_gain":0,"player_choice":"Entered Light","damage_taken":16,"max_hp_gain":0,"max_hp_loss":0,"event_name":"Shining Light","floor":4,"gold_loss":0,"cards_upgraded":["Strike_R","Defend_R"]},{"damage_healed":0,"gold_gain":0,"player_choice":"Donut","damage_taken":0,"max_hp_gain":5,"max_hp_loss":0,"event_name":"Big Fish","floor":5,"gold_loss":0},{"damage_healed":0,"gold_gain":0,"player_choice":"Ignored","damage_taken":0,"max_hp_gain":0,"max_hp_loss":0,"event_name":"Liars Game","floor":11,"gold_loss":0},{"damage_healed":0,"gold_gain":0,"player_choice":"Lose Max HP","damage_taken":0,"relics_obtained":["Golden Idol"],"max_hp_gain":0,"max_hp_loss":7,"event_name":"Golden Idol","floor":14,"gold_loss":0}],"is_beta":false,"boss_relics":[],"items_purged_floors":[3],"is_endless":false,"potions_floor_spawned":[2,7],"killed_by":"Hexaghost","ascension_level":1}