{"gold_per_floor":[116,186,486,486,501,501,32,45,72,99,99,274,302,313,313,408,408,419,344,344,344,259,259,270,270,322,16,31,43,54,89,101,218,230,259,5,5],"floor_reached":37,"playtime":5160,"items_purged":["Regret","Doubt"],"score":435,"play_id":"9c7a4009-513b-4577-b411-34094f394a8a","local_time":"20190816185653","is_ascension_mode":false,"campfire_choices":[{"floor":6,"key":"REST"},{"floor":11,"key":"REST"},{"floor":15,"key":"REST"},{"floor":23,"key":"REST"},{"floor":25,"key":"REST"},{"floor":32,"key":"REST"}],"neow_cost":"NONE","seed_source_timestamp":223859650499400,"circlet_count":0,"master_deck":["Strike_B","Strike_B+1","Strike_B+1","Defend_B","Zap","Dualcast","Doom and Gloom+1","Coolheaded+1","Redo","Reinforced Body","Loop","Sweeping Beam","Seek","Beam Cell","Biased Cognition","Cold Snap+1","Fusion","Darkness","Fusion","Glacier+1","Electrodynamics","Self Repair","Thunder Strike"],"relics":["Cracked Core","Old Coin","Whetstone","Potion Belt","Bag of Preparation","Vajra","Fusion Hammer","Enchiridion","Strawberry","Boot","Membership Card","MawBank","Empty Cage","Bottled Lightning"],"potions_floor_usage":[13,13,16,31,33,33,33,37,37,37,37],"damage_taken":[{"damage":8,"enemies":"Small Slimes","floor":1,"turns":2},{"damage":1,"enemies":"2 Louse","floor":5,"turns":2},{"damage":11,"enemies":"Jaw Worm","floor":8,"turns":2},{"damage":26,"enemies":"Lagavulin","floor":13,"turns":7},{"damage":0,"enemies":"Exordium Wildlife","floor":14,"turns":2},{"damage":17,"enemies":"Slime Boss","floor":16,"turns":7},{"damage":11,"enemies":"Shell Parasite","floor":18,"turns":5},{"damage":0,"enemies":"Spheric Guardian","floor":24,"turns":3},{"damage":0,"enemies":"3 Cultists","floor":28,"turns":2},{"damage":0,"enemies":"Sentry and Sphere","floor":29,"turns":4},{"damage":21,"enemies":"Snake Plant","floor":30,"turns":2},{"damage":0,"enemies":"Gremlin Leader","floor":31,"turns":5},{"damage":53,"enemies":"Collector","floor":33,"turns":12},{"damage":32,"enemies":"3 Shapes","floor":35,"turns":3},{"damage":62,"enemies":"2 Orb Walkers","floor":37,"turns":5}],"seed_played":"-6474396453672114065","potions_obtained":[{"floor":13,"key":"Explosive Potion"},{"floor":14,"key":"FocusPotion"},{"floor":16,"key":"Strength Potion"},{"floor":28,"key":"Explosive Potion"},{"floor":30,"key":"AttackPotion"},{"floor":33,"key":"GamblersBrew"}],"is_trial":false,"path_per_floor":["M","?","?","?","M","R","$","M","T","T","R","?","E","M","R","B",null,"M","?","?","?","?","R","M","R","T","$","M","M","M","E","R","B",null,"M","$","?"],"character_chosen":"DEFECT","items_purchased":["Regen Potion","Reinforced Body","Loop","Whetstone","PowerPotion","Membership Card","SpeedPotion","Weak Potion","Bottled Lightning","Self Repair","Thunder Strike","AttackPotion","Fire Potion"],"campfire_rested":6,"item_purchase_floors":[7,7,7,7,7,27,27,27,36,36,36,36,36],"current_hp_per_floor":[67,67,67,52,51,73,73,62,62,62,75,75,59,59,75,58,75,64,64,48,48,55,79,79,82,82,82,82,82,61,61,82,29,82,50,50,0],"gold":5,"neow_bonus":"TRANSFORM_CARD","is_prod":false,"is_daily":false,"chose_seed":false,"campfire_upgraded":0,"win_rate":0.0,"timestamp":1565992613,"path_taken":["M","?","?","?","M","R","$","M","T","?","R","?","E","M","R","BOSS","M","?","?","?","?","R","M","R","T","$","M","M","M","E","R","BOSS","M","$","?"],"build_version":"2019-07-17","purchased_purges":2,"victory":false,"max_hp_per_floor":[75,75,75,75,75,75,75,75,75,75,75,75,75,75,75,75,75,75,75,75,75,82,82,82,82,82,82,82,82,82,82,82,82,82,82,82,82],"card_choices":[{"not_picked":["Leap","BootSequence"],"picked":"Coolheaded","floor":1},{"not_picked":["Genetic Algorithm","Beam Cell"],"picked":"Redo","floor":5},{"not_picked":["Steam","Reprogram"],"picked":"Sweeping Beam","floor":8},{"not_picked":["Gash","Fission"],"picked":"Seek","floor":13},{"not_picked":["Barrage","Heatsinks"],"picked":"Beam Cell","floor":14},{"not_picked":["Amplify","All For One"],"picked":"Biased Cognition","floor":16},{"not_picked":["Glacier","Steam"],"picked":"Cold Snap+1","floor":18},{"not_picked":["Hello World+1","Lockon"],"picked":"Fusion","floor":24},{"not_picked":["Hologram","Gash","Steam"],"picked":"SKIP","floor":28},{"not_picked":["Genetic Algorithm","Force Field"],"picked":"Darkness","floor":29},{"not_picked":["Heatsinks","Redo+1"],"picked":"Fusion","floor":30},{"not_picked":["Gash+1","Static Discharge"],"picked":"Glacier+1","floor":31},{"not_picked":["Reboot","All For One"],"picked":"Electrodynamics","floor":33},{"not_picked":["Streamline+1","Cold Snap+1","Stack+1"],"picked":"SKIP","floor":35}],"player_experience":17766,"relics_obtained":[{"floor":9,"key":"Potion Belt"},{"floor":10,"key":"Bag of Preparation"},{"floor":13,"key":"Vajra"},{"floor":20,"key":"Enchiridion"},{"floor":26,"key":"Boot"},{"floor":31,"key":"MawBank"}],"event_choices":[{"damage_healed":0,"gold_gain":70,"player_choice":"Gained Gold","damage_taken":0,"max_hp_gain":0,"max_hp_loss":0,"event_name":"Golden Wing","floor":2,"gold_loss":0},{"damage_healed":0,"gold_gain":0,"player_choice":"Box","damage_taken":0,"relics_obtained":["Old Coin"],"max_hp_gain":0,"max_hp_loss":0,"event_name":"Big Fish","floor":3,"gold_loss":0,"cards_obtained":["Regret"]},{"damage_healed":0,"gold_gain":0,"player_choice":"Entered Light","damage_taken":15,"max_hp_gain":0,"max_hp_loss":0,"event_name":"Shining Light","floor":4,"gold_loss":0,"cards_upgraded":["Strike_B","Coolheaded"]},{"damage_healed":0,"gold_gain":175,"player_choice":"AGREE","damage_taken":0,"max_hp_gain":0,"max_hp_loss":0,"event_name":"Liars Game","floor":12,"gold_loss":0,"cards_obtained":["Doubt"]},{"cards_removed":["Defend_B"],"damage_healed":0,"gold_gain":0,"player_choice":"Gave Gold","damage_taken":0,"max_hp_gain":0,"max_hp_loss":0,"event_name":"Beggar","floor":19,"gold_loss":75},{"damage_healed":0,"gold_gain":0,"player_choice":"Obtained Book","damage_taken":16,"max_hp_gain":0,"max_hp_loss":0,"event_name":"Cursed Tome","floor":20,"gold_loss":0},{"damage_healed":0,"gold_gain":0,"player_choice":"Ignored","damage_taken":0,"max_hp_gain":0,"max_hp_loss":0,"event_name":"Ghosts","floor":21,"gold_loss":0},{"damage_healed":0,"gold_gain":0,"player_choice":"Obtained Relic","damage_taken":0,"relics_obtained":["Strawberry"],"max_hp_gain":0,"max_hp_loss":0,"event_name":"Addict","floor":22,"gold_loss":85},{"damage_healed":0,"gold_gain":0,"player_choice":"Fight","damage_taken":0,"max_hp_gain":0,"max_hp_loss":0,"event_name":"Mysterious Sphere","floor":37,"gold_loss":0}],"is_beta":false,"boss_relics":[{"not_picked":["Runic Pyramid","Philosopher\u0027s Stone"],"picked":"Fusion Hammer"},{"not_picked":["Sozu","Cursed Key"],"picked":"Empty Cage"}],"items_purged_floors":[7,27],"is_endless":false,"potions_floor_spawned":[13,14,16,28,30,33],"killed_by":"2 Orb Walkers","ascension_level":0}