{"gold_per_floor":[113,38,38,38,53,87,87,126,126,126,139,158,172,197,197,317,317,342,360,384,77,77,77,93,109,135,135],"floor_reached":27,"playtime":1112,"items_purged":["Strike_G"],"score":277,"play_id":"d4033993-2620-431f-9842-b0c09fe851e4","local_time":"20190822223732","is_ascension_mode":false,"campfire_choices":[{"data":"Backstab","floor":7.0,"key":"SMITH"},{"data":"Catalyst","floor":10.0,"key":"SMITH"},{"data":"Deadly Poison","floor":15.0,"key":"SMITH"},{"data":"Burst","floor":23,"key":"SMITH"}],"neow_cost":"NONE","seed_source_timestamp":0,"circlet_count":0,"master_deck":["Strike_G","Strike_G","Strike_G","Strike_G","Defend_G","Defend_G","Defend_G","Defend_G","Defend_G","Survivor","Neutralize","Bouncing Flask","Noxious Fumes","Backstab+1","Catalyst+1","Deadly Poison+1","Deadly Poison","Deadly Poison","Backflip","Poisoned Stab+1","Burst+1","Catalyst+1","Deadly Poison"],"special_seed":0,"relics":["Ring of the Snake","NeowsBlessing","Golden Idol","Dead Branch","Mummified Hand","Orrery","Thread and Needle","Centennial Puzzle"],"potions_floor_usage":[20,20],"damage_taken":[{"damage":0.0,"enemies":"Cultist","floor":1.0,"turns":1.0},{"damage":0.0,"enemies":"Jaw Worm","floor":5.0,"turns":1.0},{"damage":0.0,"enemies":"Gremlin Nob","floor":6.0,"turns":1.0},{"damage":14.0,"enemies":"3 Sentries","floor":8.0,"turns":5.0},{"damage":0.0,"enemies":"2 Louse","floor":11.0,"turns":1.0},{"damage":0.0,"enemies":"Lots of Slimes","floor":12.0,"turns":1.0},{"damage":4.0,"enemies":"2 Fungi Beasts","floor":13.0,"turns":3.0},{"damage":0.0,"enemies":"Gremlin Gang","floor":14.0,"turns":3.0},{"damage":6.0,"enemies":"Hexaghost","floor":16.0,"turns":6.0},{"damage":10,"enemies":"3 Byrds","floor":18,"turns":5},{"damage":12,"enemies":"Shell Parasite","floor":19,"turns":4},{"damage":13,"enemies":"Cultist and Chosen","floor":20,"turns":6},{"damage":17,"enemies":"Snake Plant","floor":24,"turns":2},{"damage":14,"enemies":"3 Cultists","floor":25,"turns":5},{"damage":1,"enemies":"Shelled Parasite and Fungi","floor":27,"turns":2}],"seed_played":"-8178193299469050613","potions_obtained":[{"floor":1.0,"key":"EssenceOfSteel"},{"floor":5.0,"key":"PowerPotion"},{"floor":8.0,"key":"Explosive Potion"},{"floor":16.0,"key":"GamblersBrew"},{"floor":18,"key":"SpeedPotion"},{"floor":20,"key":"Poison Potion"},{"floor":24,"key":"Strength Potion"}],"is_trial":false,"path_per_floor":["M","$","?","?","M","E","R","E","T","R","M","M","M","M","R","B",null,"M","M","M","$","?","R","M","M","T","M"],"character_chosen":"THE_SILENT","items_purchased":["Thread and Needle"],"campfire_rested":0,"item_purchase_floors":[21],"current_hp_per_floor":[70,70,53,53,53,53,53,39,39,39,39,39,35,35,35,29,70,60,48,35,35,35,35,18,4,4,3],"gold":135,"neow_bonus":"THREE_ENEMY_KILL","is_prod":false,"is_daily":false,"chose_seed":false,"campfire_upgraded":4,"win_rate":0,"timestamp":1566477452,"path_taken":["M","?","?","?","M","E","R","E","T","R","M","M","?","M","R","BOSS","M","M","M","$","?","R","M","M","T","?"],"build_version":"2019-07-17","purchased_purges":1,"victory":false,"max_hp_per_floor":[70,70,70,70,70,70,70,70,70,70,70,70,70,70,70,70,70,70,70,70,70,70,70,70,70,70,70],"card_choices":[{"not_picked":["Backflip","Caltrops"],"picked":"Bouncing Flask","floor":1.0},{"not_picked":["Underhanded Strike","Deflect","Backflip"],"picked":"SKIP","floor":5.0},{"not_picked":["Doppelganger","Bane"],"picked":"Backstab","floor":6.0},{"not_picked":["Finisher","Crippling Poison"],"picked":"Catalyst","floor":8.0},{"not_picked":["Bouncing Flask","Bane","Poisoned Stab"],"picked":"SKIP","floor":11.0},{"not_picked":["Tactician","Infinite Blades"],"picked":"Deadly Poison","floor":12.0},{"not_picked":["Well Laid Plans","Acrobatics"],"picked":"Deadly Poison","floor":13.0},{"not_picked":["Slice","Dagger Throw","Accuracy"],"picked":"SKIP","floor":14.0},{"not_picked":["Dagger Spray","Dodge and Roll"],"picked":"Deadly Poison","floor":17},{"not_picked":["PiercingWail","Slice"],"picked":"Backflip","floor":17},{"not_picked":["Riddle With Holes","Predator"],"picked":"Poisoned Stab+1","floor":18},{"not_picked":["Underhanded Strike+1","Quick Slash"],"picked":"Burst","floor":19},{"not_picked":["Distraction+1","Flechettes","PiercingWail"],"picked":"SKIP","floor":20},{"not_picked":["Backflip","Heel Hook","Riddle With Holes"],"picked":"SKIP","floor":24},{"not_picked":["Prepared","Footwork"],"picked":"Deadly Poison","floor":25}],"player_experience":82830,"relics_obtained":[{"floor":6.0,"key":"Dead Branch"},{"floor":8.0,"key":"Mummified Hand"},{"floor":26,"key":"Centennial Puzzle"}],"event_choices":[{"damage_healed":0.0,"max_hp_gain":0.0,"max_hp_loss":0.0,"gold_gain":0.0,"event_name":"Golden Idol","player_choice":"Take Damage","floor":3.0,"gold_loss":0.0,"damage_taken":17.0,"relics_obtained":["Golden Idol"]},{"damage_healed":0.0,"max_hp_gain":0.0,"max_hp_loss":0.0,"gold_gain":0.0,"event_name":"Match and Keep!","player_choice":"1 cards matched","floor":4.0,"gold_loss":0.0,"damage_taken":0.0,"cards_obtained":["Noxious Fumes"]},{"damage_healed":0,"gold_gain":0,"player_choice":"Copied","damage_taken":0,"max_hp_gain":0,"max_hp_loss":0,"event_name":"Duplicator","floor":22,"gold_loss":0,"cards_obtained":["Catalyst"]}],"is_beta":false,"boss_relics":[{"not_picked":["Astrolabe","Runic Dome"],"picked":"Orrery"}],"items_purged_floors":[2],"is_endless":false,"potions_floor_spawned":[1,5,8,16,18,20,24],"killed_by":"Shelled Parasite and Fungi","ascension_level":0}