{"gold_per_floor":[12,12,12,22,22,22,22,55,102,102,131,146,146,162,162,237,237,250,250,260,260,273,273,299,299,299,299,299,299,299,3,3,77,77,95,112,37,37,37,37,54,84,84,94,94,107,107],"floor_reached":47,"playtime":1493,"items_purged":["Strike_R"],"score":911,"play_id":"b07d75a6-6fc8-43a5-a553-dd34d526eb45","local_time":"20190826130116","is_ascension_mode":true,"campfire_choices":[{"data":"Flame Barrier","floor":6,"key":"SMITH"},{"floor":10,"key":"REST"},{"data":"Double Tap","floor":15,"key":"SMITH"},{"floor":23,"key":"REST"},{"data":"Disarm","floor":25,"key":"SMITH"},{"floor":27,"key":"REST"},{"data":"Whirlwind","floor":30,"key":"SMITH"},{"floor":32,"key":"REST"},{"data":"Limit Break","floor":40,"key":"SMITH"}],"neow_cost":"NO_GOLD","seed_source_timestamp":374733833912700,"circlet_count":0,"master_deck":["AscendersBane","Defend_R","Defend_R","Defend_R","Defend_R","Bash","Flame Barrier+1","Spot Weakness","Sever Soul","Double Tap+1","Pommel Strike","Disarm+1","Spot Weakness","Sword Boomerang","Exhume","Metallicize+1","Whirlwind+1","Ghostly Armor","Battle Trance","Limit Break+1","Seeing Red","Brutality+1","Armaments+1","Discovery","Warcry+1"],"relics":["Burning Blood","Magic Flower","Art of War","Oddly Smooth Stone","Frozen Egg 2","Mark of Pain","WingedGreaves","Mercury Hourglass","Strawberry","Bottled Lightning","Chemical X","Lizard Tail","Vajra","Smiling Mask"],"potions_floor_usage":[8,16,24,24,35,42,47],"damage_taken":[{"damage":19,"enemies":"Small Slimes","floor":1,"turns":4},{"damage":13,"enemies":"2 Louse","floor":4,"turns":4},{"damage":36,"enemies":"Gremlin Nob","floor":8,"turns":4},{"damage":23,"enemies":"Lagavulin","floor":11,"turns":7},{"damage":0,"enemies":"Cultist","floor":12,"turns":3},{"damage":3,"enemies":"Red Slaver","floor":14,"turns":4},{"damage":26,"enemies":"Hexaghost","floor":16,"turns":7},{"damage":0,"enemies":"3 Byrds","floor":18,"turns":3},{"damage":25,"enemies":"Shell Parasite","floor":20,"turns":7},{"damage":30,"enemies":"Centurion and Healer","floor":22,"turns":7},{"damage":40,"enemies":"Slavers","floor":24,"turns":6},{"damage":48,"enemies":"Collector","floor":33,"turns":9},{"damage":25,"enemies":"3 Darklings","floor":35,"turns":3},{"damage":0,"enemies":"Orb Walker","floor":36,"turns":2},{"damage":49,"enemies":"Sphere and 2 Shapes","floor":41,"turns":8},{"damage":39,"enemies":"Nemesis","floor":42,"turns":5},{"damage":47,"enemies":"Jaw Worm Horde","floor":44,"turns":4},{"damage":35,"enemies":"Spire Growth","floor":46,"turns":5},{"damage":14,"enemies":"3 Darklings","floor":47,"turns":2}],"seed_played":"-2383204901167614618","potions_obtained":[{"floor":4,"key":"PowerPotion"},{"floor":11,"key":"LiquidBronze"},{"floor":13,"key":"FearPotion"},{"floor":16,"key":"SteroidPotion"},{"floor":24,"key":"FearPotion"},{"floor":33,"key":"GamblersBrew"},{"floor":41,"key":"SpeedPotion"},{"floor":46,"key":"LiquidBronze"}],"is_trial":false,"path_per_floor":["M","?","?","M","$","R","?","E","T","R","E","M","?","M","R","B",null,"M","T","M","?","M","R","E","R","T","R","?","T","R","$","R","B",null,"M","M","$","?","$","R","M","E","T","M","?","M","M"],"character_chosen":"IRONCLAD","items_purchased":["Chemical X","Battle Trance"],"campfire_rested":4,"item_purchase_floors":[31,31],"current_hp_per_floor":[58,58,58,54,54,54,54,27,27,49,35,44,44,50,50,33,65,74,74,58,58,37,59,28,28,35,59,35,35,35,35,61,22,71,55,64,64,64,64,64,24,74,74,36,36,10,0],"gold":107,"neow_bonus":"ONE_RARE_RELIC","is_prod":false,"is_daily":false,"chose_seed":false,"campfire_upgraded":5,"win_rate":0,"timestamp":1566792076,"path_taken":["M","?","?","?","?","R","?","E","T","R","E","?","?","M","R","BOSS","M","?","M","?","?","R","E","R","T","R","?","?","R","?","R","BOSS","M","M","$","?","?","R","M","E","T","?","?","M","M"],"build_version":"2019-07-17","purchased_purges":1,"victory":false,"max_hp_per_floor":[75,75,75,75,75,75,75,75,75,75,75,75,75,75,75,75,75,75,75,75,75,75,75,75,75,82,82,87,87,87,87,87,87,87,87,87,87,87,87,87,87,87,87,87,87,87,87],"card_choices":[{"not_picked":["Anger","Heavy Blade"],"picked":"Flame Barrier","floor":1},{"not_picked":["Havoc","Rupture"],"picked":"Sever Soul","floor":4},{"not_picked":["Headbutt","Anger"],"picked":"Pommel Strike","floor":8},{"not_picked":["Pommel Strike","Berserk"],"picked":"Disarm","floor":11},{"not_picked":["Anger","Rage"],"picked":"Spot Weakness","floor":12},{"not_picked":["Body Slam","Twin Strike"],"picked":"Sword Boomerang","floor":14},{"not_picked":["Demon Form+1","Fiend Fire"],"picked":"Exhume","floor":16},{"not_picked":["Hemokinesis","Pommel Strike","Anger"],"picked":"SKIP","floor":18},{"not_picked":["Cleave","Wild Strike"],"picked":"Metallicize+1","floor":20},{"not_picked":["True Grit","Pummel"],"picked":"Whirlwind","floor":22},{"not_picked":["Blood for Blood","Warcry"],"picked":"Ghostly Armor","floor":24},{"not_picked":["Barricade+1","Feed"],"picked":"Limit Break","floor":33},{"not_picked":["Body Slam","Clash+1"],"picked":"Seeing Red","floor":35},{"not_picked":["Power Through","Iron Wave","Clothesline"],"picked":"SKIP","floor":36},{"not_picked":["Heavy Blade","Thunderclap+1"],"picked":"Armaments+1","floor":41},{"not_picked":["Cleave","Twin Strike","Body Slam"],"picked":"SKIP","floor":42},{"not_picked":["Warcry","Sword Boomerang","Clothesline+1"],"picked":"SKIP","floor":44},{"not_picked":["Bandage Up","Enlightenment"],"picked":"Discovery","floor":45},{"not_picked":["Carnage+1","Iron Wave"],"picked":"Warcry+1","floor":46}],"player_experience":211016,"relics_obtained":[{"floor":8,"key":"Art of War"},{"floor":9,"key":"Oddly Smooth Stone"},{"floor":11,"key":"Frozen Egg 2"},{"floor":19,"key":"WingedGreaves"},{"floor":24,"key":"Mercury Hourglass"},{"floor":26,"key":"Strawberry"},{"floor":29,"key":"Bottled Lightning"},{"floor":42,"key":"Vajra"},{"floor":43,"key":"Smiling Mask"}],"event_choices":[{"cards_removed":["Strike_R"],"damage_healed":0,"gold_gain":0,"player_choice":"Forget","damage_taken":0,"max_hp_gain":0,"max_hp_loss":0,"event_name":"Living Wall","floor":2,"gold_loss":0},{"damage_healed":0,"gold_gain":0,"cards_transformed":["Strike_R"],"player_choice":"Transformed","damage_taken":0,"max_hp_gain":0,"max_hp_loss":0,"event_name":"Transmorgrifier","floor":3,"gold_loss":0,"cards_obtained":["Spot Weakness"]},{"damage_healed":0,"gold_gain":0,"player_choice":"1 cards matched","damage_taken":0,"max_hp_gain":0,"max_hp_loss":0,"event_name":"Match and Keep!","floor":7,"gold_loss":0,"cards_obtained":["Double Tap"]},{"damage_healed":0,"gold_gain":0,"player_choice":"Got Potions","damage_taken":0,"max_hp_gain":0,"max_hp_loss":0,"event_name":"Lab","floor":13,"gold_loss":0},{"cards_removed":["Strike_R"],"damage_healed":0,"gold_gain":0,"player_choice":"Offered Basic","damage_taken":0,"max_hp_gain":0,"max_hp_loss":0,"event_name":"Bonfire Elementals","floor":21,"gold_loss":0},{"damage_healed":0,"gold_gain":0,"player_choice":"Shed Blood","damage_taken":29,"max_hp_gain":5,"max_hp_loss":0,"event_name":"Forgotten Altar","floor":28,"gold_loss":0},{"damage_healed":0,"gold_gain":0,"cards_transformed":["Strike_R"],"player_choice":"Transformed","damage_taken":0,"max_hp_gain":0,"max_hp_loss":0,"event_name":"Transmorgrifier","floor":38,"gold_loss":0,"cards_obtained":["Brutality"]},{"damage_healed":0,"gold_gain":0,"player_choice":"Memory 1","damage_taken":0,"max_hp_gain":0,"max_hp_loss":0,"event_name":"SensoryStone","floor":45,"gold_loss":0}],"is_beta":false,"boss_relics":[{"not_picked":["Empty Cage","Black Star"],"picked":"Mark of Pain"},{"not_picked":["Calling Bell","Black Blood"],"picked":"Lizard Tail"}],"items_purged_floors":[37],"is_endless":false,"potions_floor_spawned":[4,11,16,24,33,41,46],"killed_by":"3 Darklings","ascension_level":17}