{"gold_per_floor":[110,185,185,185,185,220,220,254,254,254,272,297,145,161,161,263,263,273,288,203,103,123,123,123,123,123,135,148,165,165,175,175,273,273,288,300,314,314,327,327,342,371,396,88,88,116,116,116,116,116],"floor_reached":51,"playtime":2256,"items_purged":["Strike_B","Strike_B"],"score":827,"play_id":"7de2c070-f7f7-49a6-ab17-dc5a9245d58e","local_time":"20190819000025","is_ascension_mode":true,"campfire_choices":[{"data":"Zap","floor":7,"key":"SMITH"},{"data":"Dualcast","floor":10,"key":"SMITH"},{"data":"Defragment","floor":15,"key":"SMITH"},{"data":"Hyperbeam","floor":23,"key":"SMITH"},{"data":"Defragment","floor":25,"key":"SMITH"},{"data":"Gash","floor":30,"key":"SMITH"},{"data":"Beam Cell","floor":32,"key":"SMITH"},{"data":"Buffer","floor":40,"key":"SMITH"},{"floor":45,"key":"REST"},{"floor":49,"key":"REST"}],"neow_cost":"NONE","seed_source_timestamp":288449501867500,"circlet_count":0,"master_deck":["Strike_B","Defend_B","Defend_B","Defend_B","Defend_B","Zap+1","Dualcast+1","Streamline+1","Conserve Battery+1","Coolheaded+1","Leap+1","Defragment+1","Defragment+1","Hyperbeam+1","Beam Cell+1","Zap+1","Sweeping Beam+1","Gash+1","Buffer+1","Gash","Defragment+1","Recycle+1","Double Energy+1"],"relics":["Cracked Core","NeowsBlessing","Toxic Egg 2","Pen Nib","Potion Belt","Letter Opener","Boot","Velvet Choker","Kunai","Shuriken","Runic Pyramid","Thread and Needle","Juzu Bracelet","PreservedInsect","Oddly Smooth Stone","Happy Flower"],"potions_floor_usage":[16,22,28,28,28,33,33,36,42,42,42,42,46,50,50],"damage_taken":[{"damage":0,"enemies":"Small Slimes","floor":1,"turns":1},{"damage":0,"enemies":"Lagavulin","floor":6,"turns":1},{"damage":0,"enemies":"Gremlin Nob","floor":8,"turns":1},{"damage":0,"enemies":"2 Louse","floor":11,"turns":1},{"damage":6,"enemies":"Jaw Worm","floor":14,"turns":3},{"damage":1,"enemies":"The Guardian","floor":16,"turns":8},{"damage":0,"enemies":"Shell Parasite","floor":18,"turns":7},{"damage":9,"enemies":"2 Thieves","floor":19,"turns":2},{"damage":20,"enemies":"Shelled Parasite and Fungi","floor":22,"turns":6},{"damage":5,"enemies":"Cultist and Chosen","floor":27,"turns":5},{"damage":2,"enemies":"Snake Plant","floor":28,"turns":2},{"damage":2,"enemies":"Snecko","floor":29,"turns":4},{"damage":18,"enemies":"Shelled Parasite and Fungi","floor":31,"turns":4},{"damage":9,"enemies":"Champ","floor":33,"turns":9},{"damage":14,"enemies":"3 Darklings","floor":35,"turns":3},{"damage":2,"enemies":"Orb Walker","floor":36,"turns":3},{"damage":16,"enemies":"Sphere and 2 Shapes","floor":37,"turns":4},{"damage":0,"enemies":"Transient","floor":39,"turns":5},{"damage":0,"enemies":"Maw","floor":41,"turns":6},{"damage":9,"enemies":"Reptomancer","floor":42,"turns":4},{"damage":4,"enemies":"Nemesis","floor":46,"turns":4},{"damage":21,"enemies":"Awakened One","floor":50,"turns":12}],"seed_played":"-4091162999194266815","potions_obtained":[{"floor":6,"key":"Explosive Potion"},{"floor":14,"key":"Regen Potion"},{"floor":16,"key":"EssenceOfSteel"},{"floor":18,"key":"Dexterity Potion"},{"floor":27,"key":"Swift Potion"},{"floor":29,"key":"Weak Potion"},{"floor":31,"key":"Fire Potion"},{"floor":35,"key":"PowerPotion"},{"floor":37,"key":"EntropicBrew"},{"floor":42,"key":"FearPotion"},{"floor":46,"key":"AttackPotion"},{"floor":47,"key":"SpeedPotion"},{"floor":47,"key":"Weak Potion"},{"floor":47,"key":"SkillPotion"}],"is_trial":false,"path_per_floor":["M","?","?","?","?","E","R","E","T","R","M","T","$","M","R","B",null,"M","M","?","$","M","R","?","R","T","M","M","M","R","M","R","B",null,"M","M","M","?","M","R","M","E","T","$","R","E","?","$","R","B",null],"character_chosen":"DEFECT","items_purchased":["Defragment","PreservedInsect","Oddly Smooth Stone"],"campfire_rested":2,"item_purchase_floors":[13,44,44],"current_hp_per_floor":[75,64,69,62,62,62,62,62,62,62,62,62,62,56,56,55,80,80,71,71,71,51,51,51,51,51,46,49,47,47,29,29,20,80,66,64,48,48,48,48,48,39,39,39,63,59,59,59,80,59],"gold":116,"neow_bonus":"THREE_ENEMY_KILL","is_prod":false,"is_daily":false,"chose_seed":false,"campfire_upgraded":8,"win_rate":0,"timestamp":1566136825,"path_taken":["M","?","?","?","?","E","R","E","T","R","M","?","$","M","R","BOSS","M","M","?","$","M","R","?","R","T","M","M","M","R","?","R","BOSS","M","M","M","?","?","R","M","E","T","$","R","E","?","?","R","BOSS"],"build_version":"2019-07-17","purchased_purges":2,"victory":true,"max_hp_per_floor":[75,75,80,80,80,80,80,80,80,80,80,80,80,80,80,80,80,80,80,80,80,80,80,80,80,80,80,80,80,80,80,80,80,80,80,80,80,80,80,80,80,80,80,80,80,80,80,80,80,80],"card_choices":[{"not_picked":["Compile Driver","Lockon"],"picked":"Streamline","floor":1},{"not_picked":["Skim+1","Undo+1"],"picked":"Conserve Battery+1","floor":6},{"not_picked":["Ball Lightning","Barrage"],"picked":"Coolheaded+1","floor":8},{"not_picked":["Rebound","Hologram+1"],"picked":"Leap+1","floor":11},{"not_picked":["Loop","Steam Power+1"],"picked":"Defragment","floor":14},{"not_picked":["Seek+1","Electrodynamics"],"picked":"Hyperbeam","floor":16},{"not_picked":["Recycle+1","Undo+1"],"picked":"Beam Cell","floor":18},{"not_picked":["Heatsinks","Storm","Redo+1"],"picked":"SKIP","floor":19},{"not_picked":["Genetic Algorithm+1","Go for the Eyes+1","Recycle+1"],"picked":"SKIP","floor":22},{"not_picked":["Blizzard+1","Barrage+1"],"picked":"Sweeping Beam+1","floor":27},{"not_picked":["Aggregate+1","Heatsinks","Ball Lightning+1"],"picked":"SKIP","floor":28},{"not_picked":["Barrage","Conserve Battery+1"],"picked":"Gash","floor":29},{"not_picked":["Aggregate+1","Static Discharge","Steam+1"],"picked":"SKIP","floor":31},{"not_picked":["Machine Learning","Creative AI"],"picked":"Buffer","floor":33},{"not_picked":["Redo+1","Hello World","Heatsinks+1"],"picked":"SKIP","floor":35},{"not_picked":["Fusion+1","Hologram+1"],"picked":"Gash","floor":36},{"not_picked":["Turbo+1","Tempest+1"],"picked":"Defragment+1","floor":37},{"not_picked":["Recycle+1","Auto Shields+1","Cold Snap+1"],"picked":"SKIP","floor":41},{"not_picked":["Barrage","All For One"],"picked":"Double Energy+1","floor":42},{"not_picked":["Conserve Battery+1","Leap+1","Electrodynamics"],"picked":"SKIP","floor":46}],"player_experience":63833,"relics_obtained":[{"floor":6,"key":"Pen Nib"},{"floor":8,"key":"Potion Belt"},{"floor":9,"key":"Letter Opener"},{"floor":12,"key":"Boot"},{"floor":26,"key":"Shuriken"},{"floor":42,"key":"Thread and Needle"},{"floor":43,"key":"Juzu Bracelet"},{"floor":46,"key":"Happy Flower"}],"event_choices":[{"damage_healed":0,"gold_gain":75,"player_choice":"Gather Gold","damage_taken":11,"max_hp_gain":0,"max_hp_loss":0,"event_name":"World of Goop","floor":2,"gold_loss":0},{"damage_healed":0,"gold_gain":0,"player_choice":"Donut","damage_taken":0,"max_hp_gain":5,"max_hp_loss":0,"event_name":"Big Fish","floor":3,"gold_loss":0},{"damage_healed":0,"gold_gain":0,"player_choice":"Success","damage_taken":7,"relics_obtained":["Toxic Egg 2"],"max_hp_gain":0,"max_hp_loss":0,"event_name":"Scrap Ooze","floor":4,"gold_loss":0},{"damage_healed":0,"gold_gain":0,"player_choice":"Grow","damage_taken":0,"max_hp_gain":0,"max_hp_loss":0,"event_name":"Living Wall","floor":5,"gold_loss":0,"cards_upgraded":["Streamline"]},{"damage_healed":0,"gold_gain":0,"player_choice":"Obtained Relic","damage_taken":0,"relics_obtained":["Kunai"],"max_hp_gain":0,"max_hp_loss":0,"event_name":"Addict","floor":20,"gold_loss":85},{"damage_healed":0,"gold_gain":0,"player_choice":"1 cards matched","damage_taken":0,"max_hp_gain":0,"max_hp_loss":0,"event_name":"Match and Keep!","floor":24,"gold_loss":0,"cards_obtained":["Zap"]},{"damage_healed":0,"gold_gain":0,"cards_transformed":["Strike_B"],"player_choice":"Transformed","damage_taken":0,"max_hp_gain":0,"max_hp_loss":0,"event_name":"Transmorgrifier","floor":38,"gold_loss":0,"cards_obtained":["Recycle"]},{"damage_healed":0,"gold_gain":0,"player_choice":"Got Potions","damage_taken":0,"max_hp_gain":0,"max_hp_loss":0,"event_name":"Lab","floor":47,"gold_loss":0}],"is_beta":false,"boss_relics":[{"not_picked":["Inserter","Busted Crown"],"picked":"Velvet Choker"},{"not_picked":["Tiny House","Black Star"],"picked":"Runic Pyramid"}],"items_purged_floors":[13,21],"is_endless":false,"potions_floor_spawned":[6,14,16,18,27,29,31,35,37,42,46],"ascension_level":1}