{"gold_per_floor":[118,193,209,134,144,144,20,37,37,10,10,10,28,41,41,137,137,152,172,172,172,10,10,10],"floor_reached":24,"playtime":25663,"items_purged":["Strike_R","Writhe"],"score":298,"play_id":"c5663767-130d-4897-9fa2-36ed1441a438","local_time":"20190607072650","is_ascension_mode":true,"campfire_choices":[{"data":"Dramatic Entrance","floor":6,"key":"SMITH"},{"data":"Body Slam","floor":11,"key":"SMITH"},{"data":"Reaper","floor":15,"key":"SMITH"},{"floor":23,"key":"REST"}],"neow_cost":"CURSE","seed_source_timestamp":456687082166400,"circlet_count":0,"master_deck":["AscendersBane","Strike_R","Strike_R","Defend_R","Defend_R","Defend_R","Defend_R","Bash","Dramatic Entrance+1","Swift Strike","Warcry","Anger","Shrug It Off","Body Slam+1","Warcry","Anger","Reaper+1","Dark Embrace","Offering"],"relics":["Burning Blood","Ornamental Fan","Mark of Pain","MutagenicStrength"],"potions_floor_usage":[16,16],"damage_taken":[{"damage":2,"enemies":"Jaw Worm","floor":1,"turns":3},{"damage":7,"enemies":"Small Slimes","floor":3,"turns":3},{"damage":1,"enemies":"Cultist","floor":5,"turns":3},{"damage":12,"enemies":"Looter","floor":8,"turns":3},{"damage":6,"enemies":"Large Slime","floor":13,"turns":6},{"damage":0,"enemies":"Exordium Wildlife","floor":14,"turns":3},{"damage":65,"enemies":"Hexaghost","floor":16,"turns":11},{"damage":31,"enemies":"2 Thieves","floor":18,"turns":5},{"damage":40,"enemies":"Shell Parasite","floor":19,"turns":8},{"damage":65,"enemies":"Gremlin Leader","floor":24,"turns":6}],"seed_played":"-4268662214975261254","potions_obtained":[{"floor":1,"key":"BloodPotion"},{"floor":5,"key":"Poison Potion"},{"floor":8,"key":"AttackPotion"}],"is_trial":false,"path_per_floor":["M","?","M","$","M","R","$","M","T","$","R","?","M","M","R","B",null,"M","M","?","?","$","R","E"],"character_chosen":"IRONCLAD","items_purchased":["Body Slam","Warcry","Offering"],"campfire_rested":1,"item_purchase_floors":[7,10,22],"current_hp_per_floor":[76,65,64,64,69,69,69,63,63,63,63,63,63,69,69,23,66,53,24,24,24,24,48,0],"gold":10,"neow_bonus":"RANDOM_COLORLESS_2","is_prod":false,"is_daily":false,"chose_seed":false,"campfire_upgraded":3,"win_rate":0,"timestamp":1559906810,"path_taken":["M","?","M","$","M","R","$","M","T","?","R","?","M","M","R","BOSS","M","M","?","?","?","R","E"],"build_version":"2019-01-23","purchased_purges":2,"victory":false,"max_hp_per_floor":[80,80,80,80,80,80,80,80,80,80,80,80,80,80,80,80,80,80,80,80,80,80,80,80],"card_choices":[{"not_picked":["Armaments","Cleave"],"picked":"Warcry","floor":1},{"not_picked":["Headbutt","Battle Trance"],"picked":"Anger","floor":3},{"not_picked":["True Grit","Rampage"],"picked":"Shrug It Off","floor":5},{"not_picked":["Sword Boomerang","Headbutt","Metallicize"],"picked":"SKIP","floor":8},{"not_picked":["Rampage","Metallicize"],"picked":"Anger","floor":13},{"not_picked":["Clothesline","Flex"],"picked":"Reaper","floor":14},{"not_picked":["Juggernaut","Exhume"],"picked":"Dark Embrace","floor":16},{"not_picked":["Hemokinesis","Armaments","Reckless Charge"],"picked":"SKIP","floor":18},{"not_picked":["Clash","Combust+1","Cleave"],"picked":"SKIP","floor":19}],"player_experience":4064777,"relics_obtained":[{"floor":9,"key":"Ornamental Fan"}],"event_choices":[{"damage_healed":0,"gold_gain":75,"player_choice":"Gather Gold","damage_taken":11,"max_hp_gain":0,"max_hp_loss":0,"event_name":"World of Goop","floor":2,"gold_loss":0},{"cards_removed":["Strike_R"],"damage_healed":0,"gold_gain":0,"player_choice":"Forget","damage_taken":0,"max_hp_gain":0,"max_hp_loss":0,"event_name":"Living Wall","floor":12,"gold_loss":0},{"damage_healed":0,"gold_gain":0,"player_choice":"Inject Mutagens","damage_taken":0,"relics_obtained":["MutagenicStrength"],"max_hp_gain":0,"max_hp_loss":0,"event_name":"Drug Dealer","floor":20,"gold_loss":0},{"cards_removed":["Strike_R"],"damage_healed":0,"gold_gain":0,"player_choice":"Elegance","damage_taken":0,"max_hp_gain":0,"max_hp_loss":0,"event_name":"Back to Basics","floor":21,"gold_loss":0}],"is_beta":false,"boss_relics":[{"not_picked":["Pandora\u0027s Box","Snecko Eye"],"picked":"Mark of Pain"}],"items_purged_floors":[4,7],"is_endless":false,"potions_floor_spawned":[1,5,8,13],"killed_by":"Gremlin Leader","ascension_level":12}