{"gold_per_floor":[117,117,117,42,55,55,87,144,144,161,111,111,59,91,91,192,192,212,212,226,126,401,401,401],"floor_reached":24,"playtime":802,"items_purged":["Strike_R","Strike_R"],"score":374,"play_id":"2a7134a9-d842-4ff9-baf0-e18cf2902de6","local_time":"20190604001918","is_ascension_mode":true,"campfire_choices":[{"data":"Bash","floor":6,"key":"SMITH"},{"data":"Demon Form","floor":12,"key":"SMITH"},{"floor":15,"key":"REST"},{"floor":23,"key":"REST"}],"neow_cost":"NONE","seed_source_timestamp":196792702147000,"circlet_count":0,"master_deck":["AscendersBane","Strike_R","Strike_R","Defend_R","Defend_R","Defend_R","Bash+1","Demon Form+1","Shrug It Off","Feed","Feed","Regret"],"relics":["Burning Blood","NeowsBlessing","Magic Flower","Nunchaku","Bottled Tornado","Singing Bowl","Philosopher\u0027s Stone"],"potions_floor_usage":[8,14,16,16,18,20],"damage_taken":[{"damage":0,"enemies":"Small Slimes","floor":1,"turns":1},{"damage":0,"enemies":"Jaw Worm","floor":5,"turns":1},{"damage":0,"enemies":"Lagavulin","floor":7,"turns":1},{"damage":40,"enemies":"3 Sentries","floor":8,"turns":8},{"damage":16,"enemies":"2 Louse","floor":10,"turns":4},{"damage":32,"enemies":"Gremlin Nob","floor":14,"turns":4},{"damage":36,"enemies":"The Guardian","floor":16,"turns":10},{"damage":23,"enemies":"2 Thieves","floor":18,"turns":4},{"damage":57,"enemies":"3 Byrds","floor":20,"turns":6},{"damage":60,"enemies":"Slavers","floor":24,"turns":2}],"seed_played":"-5346990852918875478","potions_obtained":[{"floor":7,"key":"Explosive Potion"},{"floor":8,"key":"SkillPotion"},{"floor":10,"key":"Explosive Potion"},{"floor":14,"key":"Regen Potion"},{"floor":16,"key":"Fire Potion"},{"floor":18,"key":"EssenceOfSteel"}],"is_trial":false,"path_per_floor":["M","?","?","$","M","R","E","?","T","M","?","R","$","E","R","B",null,"M","?","M","$","?","R","E"],"character_chosen":"IRONCLAD","items_purchased":["Shrug It Off"],"campfire_rested":2,"item_purchase_floors":[13],"current_hp_per_floor":[78,83,83,83,85,85,85,54,54,47,47,47,47,26,52,49,78,71,71,30,30,30,59,0],"gold":401,"neow_bonus":"THREE_ENEMY_KILL","is_prod":false,"is_daily":false,"chose_seed":false,"campfire_upgraded":2,"win_rate":0,"timestamp":1559621958,"path_taken":["M","?","?","?","M","R","E","?","T","M","?","R","$","E","R","BOSS","M","?","?","$","?","R","E"],"build_version":"2019-01-23","purchased_purges":2,"victory":false,"max_hp_per_floor":[80,85,85,85,85,85,85,85,85,85,85,85,85,87,87,87,87,92,92,97,97,97,97,97],"card_choices":[{"not_picked":["Flex","Armaments","Iron Wave"],"picked":"SKIP","floor":1},{"not_picked":["Thunderclap","Heavy Blade","Combust"],"picked":"SKIP","floor":5},{"not_picked":["Burning Pact","Uppercut"],"picked":"Demon Form","floor":7},{"not_picked":["Dropkick","Iron Wave","Twin Strike"],"picked":"SKIP","floor":10},{"not_picked":["Armaments","Whirlwind","Shrug It Off"],"picked":"Singing Bowl","floor":14},{"not_picked":["Exhume","Berserk"],"picked":"Feed","floor":16},{"not_picked":["Pummel","True Grit","Perfected Strike"],"picked":"Singing Bowl","floor":18},{"not_picked":["Thunderclap","Perfected Strike","Carnage"],"picked":"Singing Bowl","floor":20}],"player_experience":3918095,"relics_obtained":[{"floor":7,"key":"Magic Flower"},{"floor":8,"key":"Nunchaku"},{"floor":9,"key":"Bottled Tornado"},{"floor":14,"key":"Singing Bowl"}],"event_choices":[{"damage_healed":0,"gold_gain":0,"player_choice":"Donut","damage_taken":0,"max_hp_gain":5,"max_hp_loss":0,"event_name":"Big Fish","floor":2,"gold_loss":0},{"cards_removed":["Strike_R"],"damage_healed":0,"gold_gain":0,"player_choice":"Forget","damage_taken":0,"max_hp_gain":0,"max_hp_loss":0,"event_name":"Living Wall","floor":3,"gold_loss":0},{"damage_healed":0,"gold_gain":30,"player_choice":"Searched \u00272\u0027 times","damage_taken":0,"max_hp_gain":0,"max_hp_loss":0,"event_name":"Dead Adventurer","floor":8,"gold_loss":0},{"cards_removed":["Defend_R"],"damage_healed":0,"gold_gain":0,"player_choice":"Card Removal","damage_taken":0,"max_hp_gain":0,"max_hp_loss":0,"event_name":"The Cleric","floor":11,"gold_loss":50},{"damage_healed":0,"gold_gain":0,"player_choice":"1 cards matched","damage_taken":0,"max_hp_gain":0,"max_hp_loss":0,"event_name":"Match and Keep!","floor":19,"gold_loss":0,"cards_obtained":["Feed"]},{"damage_healed":0,"gold_gain":275,"player_choice":"Desecrate","damage_taken":0,"max_hp_gain":0,"max_hp_loss":0,"event_name":"Golden Shrine","floor":22,"gold_loss":0,"cards_obtained":["Regret"]}],"is_beta":false,"boss_relics":[{"not_picked":["Empty Cage","Tiny House"],"picked":"Philosopher\u0027s Stone"}],"items_purged_floors":[4,21],"is_endless":false,"potions_floor_spawned":[7,8,10,14,16,18],"killed_by":"Slavers","ascension_level":11}