{"gold_per_floor":[113,288,288,288,143,176,191,10,55,55,73,88,106,124,124,124],"floor_reached":16,"playtime":1231,"items_purged":["Regret","Strike_R"],"score":153,"play_id":"8b369db9-e251-40d1-8986-9e54d0288dee","local_time":"20190602142715","is_ascension_mode":true,"campfire_choices":[{"floor":15,"key":"REST"}],"neow_cost":"NONE","seed_source_timestamp":74441147112300,"circlet_count":0,"master_deck":["AscendersBane","Strike_R","Strike_R","Defend_R","Defend_R","Defend_R","Defend_R","Bash","Bloodletting","Rampage","Warcry","Bandage Up","Dark Embrace","Intimidate"],"relics":["Burning Blood","Pocketwatch","Art of War","Bag of Preparation"],"potions_floor_usage":[6,14,14],"damage_taken":[{"damage":1,"enemies":"Cultist","floor":1,"turns":4},{"damage":31,"enemies":"Lagavulin","floor":6,"turns":6},{"damage":12,"enemies":"2 Louse","floor":7,"turns":4},{"damage":7,"enemies":"Small Slimes","floor":11,"turns":3},{"damage":11,"enemies":"3 Louse","floor":12,"turns":4},{"damage":36,"enemies":"Lots of Slimes","floor":13,"turns":6},{"damage":36,"enemies":"Gremlin Gang","floor":14,"turns":6},{"damage":47,"enemies":"Hexaghost","floor":16,"turns":9}],"seed_played":"-1209597636950652033","potions_obtained":[{"floor":1,"key":"SkillPotion"},{"floor":13,"key":"Regen Potion"},{"floor":14,"key":"Fruit Juice"}],"is_trial":false,"path_per_floor":["M","?","?","?","$","E","M","$","T","?","M","M","M","M","R","B"],"character_chosen":"IRONCLAD","items_purchased":["Rampage","Bandage Up"],"campfire_rested":1,"item_purchase_floors":[5,8],"current_hp_per_floor":[77,77,77,77,77,52,46,46,46,46,49,48,22,16,41,0],"gold":124,"neow_bonus":"REMOVE_CARD","is_prod":false,"is_daily":false,"chose_seed":false,"campfire_upgraded":0,"win_rate":0,"timestamp":1559500035,"path_taken":["M","?","?","?","$","E","M","$","T","?","M","M","?","M","R","BOSS"],"build_version":"2019-01-23","purchased_purges":2,"victory":false,"max_hp_per_floor":[80,80,80,80,80,80,80,80,80,80,80,80,80,85,85,85],"card_choices":[{"not_picked":["Ghostly Armor","Sever Soul"],"picked":"Bloodletting","floor":1},{"not_picked":["Wild Strike","Rupture"],"picked":"Warcry","floor":6},{"not_picked":["Headbutt","Rupture","Heavy Blade"],"picked":"SKIP","floor":7},{"not_picked":["Sword Boomerang","Headbutt","Flex"],"picked":"SKIP","floor":11},{"not_picked":["Anger","Twin Strike"],"picked":"Dark Embrace","floor":12},{"not_picked":["Clash","Thunderclap"],"picked":"Intimidate","floor":13},{"not_picked":["Thunderclap","Pommel Strike","Twin Strike"],"picked":"SKIP","floor":14}],"player_experience":3828326,"relics_obtained":[{"floor":6,"key":"Art of War"},{"floor":9,"key":"Bag of Preparation"}],"event_choices":[{"damage_healed":0,"gold_gain":175,"player_choice":"AGREE","damage_taken":0,"max_hp_gain":0,"max_hp_loss":0,"event_name":"Liars Game","floor":2,"gold_loss":0,"cards_obtained":["Doubt"]},{"cards_removed":["Doubt"],"damage_healed":0,"gold_gain":0,"player_choice":"Forget","damage_taken":0,"max_hp_gain":0,"max_hp_loss":0,"event_name":"Living Wall","floor":3,"gold_loss":0},{"damage_healed":0,"gold_gain":0,"player_choice":"Box","damage_taken":0,"relics_obtained":["Pocketwatch"],"max_hp_gain":0,"max_hp_loss":0,"event_name":"Big Fish","floor":4,"gold_loss":0,"cards_obtained":["Regret"]},{"cards_removed":["Strike_R"],"damage_healed":0,"gold_gain":0,"player_choice":"Purged","damage_taken":0,"max_hp_gain":0,"max_hp_loss":0,"event_name":"Purifier","floor":10,"gold_loss":0}],"is_beta":false,"boss_relics":[],"items_purged_floors":[5,8],"is_endless":false,"potions_floor_spawned":[1,13,14],"killed_by":"Hexaghost","ascension_level":10}