{"gold_per_floor":[114,129,139,153,153,153,171,171,171,181,181,38,58,86,86,86],"floor_reached":16,"playtime":740,"items_purged":[],"score":104,"play_id":"d5c877ca-ec0a-40e8-9e85-76f29c93b32b","local_time":"20190822202800","is_ascension_mode":false,"campfire_choices":[{"data":"Shockwave","floor":6,"key":"SMITH"},{"data":"Dual Wield","floor":11,"key":"SMITH"},{"data":"Barricade","floor":15,"key":"SMITH"}],"neow_cost":"TEN_PERCENT_HP_LOSS","seed_source_timestamp":0,"circlet_count":0,"master_deck":["Strike_R","Strike_R","Strike_R","Strike_R","Strike_R+1","Defend_R","Defend_R","Defend_R","Defend_R","Bash+1","Shockwave+1","Dual Wield+1","Offering","Barricade+1"],"special_seed":0,"relics":["Burning Blood","Magic Flower","Charon\u0027s Ashes","Blue Candle"],"potions_floor_usage":[4,14,14],"damage_taken":[{"damage":11,"enemies":"Jaw Worm","floor":1,"turns":3},{"damage":3,"enemies":"2 Louse","floor":2,"turns":2},{"damage":6,"enemies":"Cultist","floor":3,"turns":3},{"damage":25,"enemies":"Exordium Thugs","floor":4,"turns":4},{"damage":14,"enemies":"3 Louse","floor":7,"turns":3},{"damage":2,"enemies":"Large Slime","floor":10,"turns":6},{"damage":6,"enemies":"Gremlin Gang","floor":13,"turns":3},{"damage":19,"enemies":"Lagavulin","floor":14,"turns":5},{"damage":34,"enemies":"The Guardian","floor":16,"turns":8}],"seed_played":"848278729058536179","potions_obtained":[{"floor":3,"key":"SkillPotion"},{"floor":10,"key":"Fire Potion"},{"floor":13,"key":"PowerPotion"},{"floor":14,"key":"FearPotion"}],"is_trial":false,"path_per_floor":["M","M","M","M","?","R","M","?","T","M","R","$","M","E","R","B"],"character_chosen":"IRONCLAD","items_purchased":["Offering"],"campfire_rested":0,"item_purchase_floors":[12],"current_hp_per_floor":[70,72,72,56,42,42,37,37,37,44,44,44,47,37,37,3],"gold":86,"neow_bonus":"ONE_RARE_RELIC","is_prod":false,"is_daily":false,"chose_seed":false,"campfire_upgraded":3,"win_rate":0,"timestamp":1566469680,"path_taken":["M","M","M","M","?","R","M","?","T","M","R","$","?","E","R","BOSS"],"build_version":"2019-07-17","purchased_purges":0,"victory":false,"max_hp_per_floor":[72,72,72,72,72,72,72,72,72,72,72,72,72,72,72,72],"card_choices":[{"not_picked":["Perfected Strike","Sword Boomerang"],"picked":"Shockwave","floor":1},{"not_picked":["Entrench","Perfected Strike"],"picked":"Dual Wield","floor":2},{"not_picked":["Clothesline","Inflame","Ghostly Armor"],"picked":"SKIP","floor":3},{"not_picked":["Warcry","Havoc","Burning Pact"],"picked":"SKIP","floor":4},{"not_picked":["Perfected Strike","Anger","Flex"],"picked":"SKIP","floor":7},{"not_picked":["True Grit","Evolve","Battle Trance"],"picked":"SKIP","floor":10},{"not_picked":["Sword Boomerang","Dual Wield","Headbutt"],"picked":"SKIP","floor":13},{"not_picked":["Feel No Pain","Iron Wave"],"picked":"Barricade","floor":14}],"player_experience":81792,"relics_obtained":[{"floor":9,"key":"Charon\u0027s Ashes"},{"floor":14,"key":"Blue Candle"}],"event_choices":[{"damage_healed":0,"gold_gain":0,"player_choice":"Entered Light","damage_taken":14,"max_hp_gain":0,"max_hp_loss":0,"event_name":"Shining Light","floor":5,"gold_loss":0,"cards_upgraded":["Bash","Strike_R"]},{"damage_healed":0,"gold_gain":0,"player_choice":"Bought 0 Potions","damage_taken":0,"max_hp_gain":0,"max_hp_loss":0,"event_name":"The Woman in Blue","floor":8,"gold_loss":0}],"is_beta":false,"boss_relics":[],"items_purged_floors":[],"is_endless":false,"potions_floor_spawned":[3,10,13,14],"killed_by":"The Guardian","ascension_level":0}