{"gold_per_floor":[112,187,82,99,112,112,140,140,167,167,167,193,224,237,237,315,315,332,342,257,257,270,270,270,270,270,296,308,43,43,70,70,146,146,158,158,433,433,17,17,27,55,55,55,81,81,101,118,118,118],"floor_reached":51,"playtime":2409,"items_purged":["Regret"],"score":1366,"play_id":"a9c18f56-9079-4412-8158-985e0053fc98","local_time":"20190826172104","is_ascension_mode":true,"campfire_choices":[{"data":"Bash","floor":6.0,"key":"SMITH"},{"data":"Double Tap","floor":10.0,"key":"SMITH"},{"data":"Ghostly Armor","floor":15.0,"key":"SMITH"},{"data":"Demon Form","floor":23.0,"key":"SMITH"},{"data":"Inflame","floor":25.0,"key":"SMITH"},{"floor":30.0,"key":"REST"},{"floor":32.0,"key":"REST"},{"data":"Heavy Blade","floor":40.0,"key":"SMITH"},{"data":"Heavy Blade","floor":44.0,"key":"SMITH"},{"data":"Sword Boomerang","floor":46.0,"key":"SMITH"},{"floor":49.0,"key":"REST"}],"neow_cost":"NONE","seed_source_timestamp":11437909045500,"circlet_count":0,"master_deck":["AscendersBane","Bash+1","Heavy Blade+1","Shrug It Off","Double Tap+1","Offering","Shrug It Off","Ghostly Armor+1","Pommel Strike","Demon Form+1","Blood for Blood","Iron Wave","Seeing Red","Brutality","Hemokinesis","Clothesline","Battle Trance","Twin Strike","Pummel","Clothesline","Inflame+1","Pummel+1","Cleave","Reaper","Sword Boomerang+1","Heavy Blade+1","Spot Weakness+1","Corruption","Anger","Heavy Blade+1","Uppercut+1","Spot Weakness+1","Sword Boomerang+1"],"special_seed":0,"relics":["Burning Blood","Juzu Bracelet","Bag of Preparation","Paper Frog","Strawberry","Orichalcum","Art of War","Pandora\u0027s Box","Red Skull","Letter Opener","Incense Burner","Vajra","Runic Pyramid","Shuriken","Molten Egg 2","Regal Pillow","Smiling Mask"],"potions_floor_usage":[50,50],"damage_taken":[{"damage":15.0,"enemies":"Small Slimes","floor":1.0,"turns":4.0},{"damage":1.0,"enemies":"2 Louse","floor":4.0,"turns":3.0},{"damage":1.0,"enemies":"Cultist","floor":5.0,"turns":4.0},{"damage":14.0,"enemies":"Gremlin Nob","floor":7.0,"turns":4.0},{"damage":16.0,"enemies":"3 Sentries","floor":13.0,"turns":8.0},{"damage":6.0,"enemies":"Large Slime","floor":14.0,"turns":4.0},{"damage":40.0,"enemies":"The Guardian","floor":16.0,"turns":14.0},{"damage":12.0,"enemies":"Spheric Guardian","floor":18.0,"turns":1.0},{"damage":6.0,"enemies":"2 Thieves","floor":19.0,"turns":4.0},{"damage":18.0,"enemies":"Centurion and Healer","floor":22.0,"turns":5.0},{"damage":30.0,"enemies":"Gremlin Leader","floor":27.0,"turns":4.0},{"damage":6.0,"enemies":"3 Cultists","floor":28.0,"turns":3.0},{"damage":14.0,"enemies":"Slavers","floor":31.0,"turns":3.0},{"damage":18.0,"enemies":"Collector","floor":33.0,"turns":7.0},{"damage":18.0,"enemies":"3 Darklings","floor":35.0,"turns":7.0},{"damage":6.0,"enemies":"3 Shapes","floor":41.0,"turns":3.0},{"damage":0.0,"enemies":"Nemesis","floor":42.0,"turns":3.0},{"damage":6.0,"enemies":"Giant Head","floor":45.0,"turns":4.0},{"damage":7.0,"enemies":"Spire Growth","floor":47.0,"turns":3.0},{"damage":21.0,"enemies":"Jaw Worm Horde","floor":48.0,"turns":3.0},{"damage":64,"enemies":"Awakened One","floor":50,"turns":7}],"seed_played":"-7048875019767168820","potions_obtained":[{"floor":4.0,"key":"Block Potion"},{"floor":5.0,"key":"FearPotion"},{"floor":7.0,"key":"GamblersBrew"},{"floor":14.0,"key":"Dexterity Potion"},{"floor":18.0,"key":"Swift Potion"},{"floor":27.0,"key":"Fire Potion"},{"floor":31.0,"key":"AttackPotion"}],"is_trial":false,"path_per_floor":["M","?","?","M","M","R","E","?","T","R","?","T","E","M","R","B",null,"M","M","?","?","M","R","?","R","T","E","M","$","R","E","R","B",null,"M","?","?","?","$","R","M","E","T","R","E","R","M","M","R","B",null],"character_chosen":"IRONCLAD","items_purchased":["Reaper","Sword Boomerang","Energy Potion","Corruption","Shuriken"],"campfire_rested":3,"item_purchase_floors":[29,29,29,39,39],"current_hp_per_floor":[59,48,48,53,58,58,50,50,57,57,57,57,47,47,47,13,65,59,59,59,59,47,47,47,47,47,23,23,23,47,53,77,82,82,82,78,78,78,78,78,78,78,78,78,78,78,77,62,78,32],"gold":118,"neow_bonus":"RANDOM_COMMON_RELIC","is_prod":false,"is_daily":false,"chose_seed":false,"campfire_upgraded":8,"win_rate":1,"timestamp":1566804064,"path_taken":["M","?","?","M","M","R","E","?","T","R","?","?","E","M","R","BOSS","M","M","?","?","M","R","?","R","T","E","M","$","R","E","R","BOSS","M","?","?","?","$","R","M","E","T","R","E","R","M","M","R","BOSS"],"build_version":"2019-07-17","purchased_purges":1,"victory":true,"max_hp_per_floor":[75,75,75,75,75,75,75,75,82,82,82,82,82,82,82,82,82,82,82,82,82,82,82,82,82,82,82,82,82,82,82,82,82,82,82,78,78,78,78,78,78,78,78,78,78,78,78,78,78,78],"card_choices":[{"not_picked":["Wild Strike","Warcry"],"picked":"Heavy Blade","floor":1.0},{"not_picked":["Thunderclap","Feel No Pain"],"picked":"Shrug It Off","floor":4.0},{"not_picked":["Burning Pact","Warcry"],"picked":"Double Tap","floor":5.0},{"not_picked":["Warcry","Twin Strike"],"picked":"Offering","floor":7.0},{"not_picked":["Intimidate","Shrug It Off"],"picked":"Ghostly Armor","floor":13.0},{"not_picked":["Evolve","Intimidate"],"picked":"Pommel Strike","floor":14.0},{"not_picked":["Impervious","Fiend Fire"],"picked":"Demon Form","floor":16.0},{"not_picked":["Havoc","Flex"],"picked":"Twin Strike","floor":18.0},{"not_picked":["Disarm","Headbutt"],"picked":"Pummel","floor":19.0},{"not_picked":["Warcry","Perfected Strike"],"picked":"Clothesline","floor":22.0},{"not_picked":["Dual Wield","Uppercut"],"picked":"Pummel+1","floor":27.0},{"not_picked":["Seeing Red","Entrench"],"picked":"Cleave","floor":28.0},{"not_picked":["Pommel Strike","Intimidate"],"picked":"Heavy Blade","floor":31.0},{"not_picked":["Sever Soul+1","Havoc+1"],"picked":"Spot Weakness+1","floor":35.0},{"not_picked":["Armaments","Clash"],"picked":"Anger","floor":41.0},{"not_picked":["Clothesline+1","Dropkick"],"picked":"Heavy Blade","floor":42.0},{"not_picked":["Metallicize+1","Clash+1"],"picked":"Uppercut+1","floor":45.0},{"not_picked":["Warcry+1","Armaments"],"picked":"Spot Weakness+1","floor":47.0},{"not_picked":["Anger+1","Bloodletting"],"picked":"Sword Boomerang+1","floor":48.0}],"player_experience":79980,"relics_obtained":[{"floor":7.0,"key":"Paper Frog"},{"floor":9.0,"key":"Strawberry"},{"floor":12.0,"key":"Orichalcum"},{"floor":13.0,"key":"Art of War"},{"floor":26.0,"key":"Letter Opener"},{"floor":27.0,"key":"Incense Burner"},{"floor":31.0,"key":"Vajra"},{"floor":42.0,"key":"Molten Egg 2"},{"floor":43.0,"key":"Regal Pillow"},{"floor":45.0,"key":"Smiling Mask"}],"event_choices":[{"damage_healed":0.0,"max_hp_gain":0.0,"max_hp_loss":0.0,"gold_gain":75.0,"event_name":"World of Goop","player_choice":"Gather Gold","floor":2.0,"gold_loss":0.0,"damage_taken":11.0},{"damage_healed":0.0,"max_hp_gain":0.0,"max_hp_loss":0.0,"gold_gain":0.0,"event_name":"WeMeetAgain","player_choice":"Paid Gold","floor":3.0,"gold_loss":105.0,"damage_taken":0.0,"relics_obtained":["Bag of Preparation"]},{"damage_healed":0.0,"max_hp_gain":0.0,"max_hp_loss":0.0,"gold_gain":0.0,"event_name":"Liars Game","player_choice":"Ignored","floor":8.0,"gold_loss":0.0,"damage_taken":0.0},{"damage_healed":0.0,"max_hp_gain":0.0,"max_hp_loss":0.0,"gold_gain":0.0,"cards_transformed":["Strike_R"],"event_name":"Living Wall","player_choice":"Change","floor":11.0,"gold_loss":0.0,"damage_taken":0.0,"cards_obtained":["Shrug It Off"]},{"damage_healed":0.0,"max_hp_gain":0.0,"max_hp_loss":0.0,"gold_gain":0.0,"event_name":"Addict","player_choice":"Obtained Relic","floor":20.0,"gold_loss":85.0,"damage_taken":0.0,"relics_obtained":["Red Skull"]},{"cards_removed":["Perfected Strike"],"damage_healed":0.0,"max_hp_gain":0.0,"max_hp_loss":0.0,"gold_gain":0.0,"event_name":"Back to Basics","player_choice":"Elegance","floor":21.0,"gold_loss":0.0,"damage_taken":0.0},{"damage_healed":0.0,"max_hp_gain":0.0,"max_hp_loss":0.0,"gold_gain":0.0,"event_name":"The Library","player_choice":"Read","floor":24.0,"gold_loss":0.0,"damage_taken":0.0,"cards_obtained":["Inflame"]},{"damage_healed":0.0,"max_hp_gain":0.0,"max_hp_loss":4.0,"gold_gain":0.0,"event_name":"Winding Halls","player_choice":"Max HP","floor":36.0,"gold_loss":0.0,"damage_taken":0.0},{"damage_healed":0.0,"max_hp_gain":0.0,"max_hp_loss":0.0,"gold_gain":275.0,"event_name":"Golden Shrine","player_choice":"Desecrate","floor":37.0,"gold_loss":0.0,"damage_taken":0.0,"cards_obtained":["Regret"]},{"damage_healed":0.0,"max_hp_gain":0.0,"max_hp_loss":0.0,"gold_gain":0.0,"event_name":"Tomb of Lord Red Mask","player_choice":"Ignored","floor":38.0,"gold_loss":0.0,"damage_taken":0.0}],"is_beta":false,"boss_relics":[{"not_picked":["Sozu","Mark of Pain"],"picked":"Pandora\u0027s Box"},{"not_picked":["Runic Cube","Empty Cage"],"picked":"Runic Pyramid"}],"items_purged_floors":[39],"is_endless":false,"potions_floor_spawned":[4,5,7,14,18,27,31,35,45,47,48],"ascension_level":14}