{"gold_per_floor":[116,131,131,43,59,59,85,100,100,100,112,144,144,144,144,223,223,239,250,261,277,119,119,146,146,172,172,12,25,125,125,125,201,201,218,238,238,238,238,238],"floor_reached":40,"playtime":3162,"items_purged":["Pain"],"score":828,"play_id":"bc513bfe-cb4c-407d-b90d-89d44b29f36c","local_time":"20190826000923","is_ascension_mode":true,"campfire_choices":[{"data":"Zap","floor":6.0,"key":"SMITH"},{"floor":10.0,"key":"REST"},{"data":"Dualcast","floor":13.0,"key":"SMITH"},{"floor":15.0,"key":"REST"},{"floor":23.0,"key":"REST"},{"floor":25.0,"key":"REST"},{"data":"Scrape","floor":32.0,"key":"SMITH"}],"neow_cost":"NONE","seed_source_timestamp":0,"circlet_count":0,"master_deck":["AscendersBane","Strike_B+1","Strike_B","Defend_B","Defend_B","Defend_B","Defend_B","Zap+1","Dualcast+1","Beam Cell+1","Glacier","Glacier","Ball Lightning","Scrape+1","Reinforced Body","All For One","Ball Lightning+1","Hologram","Darkness+1","Defragment","Force Field","Hologram","Undo+1"],"special_seed":0,"relics":["Cracked Core","Darkstone Periapt","Sundial","Dodecahedron","WarpedTongs","Snecko Eye","Nunchaku","DataDisk","Unceasing Top","Molten Egg 2","Inserter"],"potions_floor_usage":[36,40],"damage_taken":[{"damage":7.0,"enemies":"Jaw Worm","floor":1.0,"turns":4.0},{"damage":0.0,"enemies":"2 Louse","floor":2.0,"turns":3.0},{"damage":2.0,"enemies":"Cultist","floor":5.0,"turns":3.0},{"damage":16.0,"enemies":"3 Sentries","floor":7.0,"turns":11.0},{"damage":0.0,"enemies":"3 Louse","floor":8.0,"turns":4.0},{"damage":1.0,"enemies":"Looter","floor":11.0,"turns":2.0},{"damage":16.0,"enemies":"Lagavulin","floor":12.0,"turns":8.0},{"damage":30.0,"enemies":"The Guardian","floor":16.0,"turns":12.0},{"damage":6.0,"enemies":"Shell Parasite","floor":18.0,"turns":4.0},{"damage":2.0,"enemies":"Chosen","floor":19.0,"turns":5.0},{"damage":21.0,"enemies":"Centurion and Healer","floor":20.0,"turns":4.0},{"damage":21.0,"enemies":"Snake Plant","floor":21.0,"turns":7.0},{"damage":35.0,"enemies":"Slavers","floor":24.0,"turns":6.0},{"damage":0.0,"enemies":"Snecko","floor":29.0,"turns":3.0},{"damage":14.0,"enemies":"Colosseum Slavers","floor":30.0,"turns":4.0},{"damage":1.0,"enemies":"Colosseum Nobs","floor":30.0,"turns":5.0},{"damage":66,"enemies":"Champ","floor":33,"turns":17},{"damage":0,"enemies":"3 Shapes","floor":35,"turns":6},{"damage":22,"enemies":"3 Darklings","floor":36,"turns":10},{"damage":57,"enemies":"Giant Head","floor":40,"turns":11}],"seed_played":"1219065710970215150","potions_obtained":[{"floor":1.0,"key":"SteroidPotion"},{"floor":2.0,"key":"FocusPotion"},{"floor":8.0,"key":"Energy Potion"},{"floor":24.0,"key":"SkillPotion"},{"floor":29.0,"key":"LiquidBronze"},{"floor":33,"key":"GamblersBrew"},{"floor":35,"key":"Weak Potion"}],"is_trial":false,"path_per_floor":["M","M","?","$","M","R","E","M","T","R","M","E","R","?","R","B",null,"M","M","M","M","$","R","E","R","T","?","$","M","?","?","R","B",null,"M","M","?","?","?","E"],"character_chosen":"DEFECT","items_purchased":["Glacier","Defragment","DataDisk"],"campfire_rested":4,"item_purchase_floors":[4,22,28],"current_hp_per_floor":[64,64,41,41,39,39,23,23,23,46,45,29,29,35,60,30,71,65,63,42,21,21,46,11,36,36,36,36,36,21,94,94,28,78,78,56,56,56,56,0],"gold":238,"neow_bonus":"TEN_PERCENT_HP_BONUS","is_prod":false,"is_daily":false,"chose_seed":false,"campfire_upgraded":3,"win_rate":0,"timestamp":1566803363,"path_taken":["M","M","?","$","M","R","E","M","T","R","M","E","R","?","R","BOSS","M","M","M","M","$","R","E","R","T","?","$","M","?","?","R","BOSS","M","?","?","?","?","E"],"build_version":"2019-07-17","purchased_purges":1,"victory":false,"max_hp_per_floor":[78,78,78,78,78,78,78,78,78,78,78,78,78,84,84,84,84,84,84,84,84,84,84,84,84,84,84,84,84,84,94,94,94,94,94,94,89,89,89,89],"card_choices":[{"not_picked":["Skim","Tempest","Hello World"],"picked":"SKIP","floor":1.0},{"not_picked":["Barrage","Steam"],"picked":"Beam Cell","floor":2.0},{"not_picked":["Conserve Battery","Gash","Stack"],"picked":"SKIP","floor":5.0},{"not_picked":["Steam Power","Rip and Tear"],"picked":"Glacier","floor":7.0},{"not_picked":["Fusion","Sweeping Beam"],"picked":"Ball Lightning","floor":8.0},{"not_picked":["Redo","Rip and Tear"],"picked":"Scrape","floor":11.0},{"not_picked":["Streamline","BootSequence"],"picked":"Reinforced Body","floor":12.0},{"not_picked":["Thunder Strike","Amplify"],"picked":"All For One","floor":16.0},{"not_picked":["Lockon","Redo"],"picked":"Ball Lightning+1","floor":18.0},{"not_picked":["Gash","Fission"],"picked":"Hologram","floor":19.0},{"not_picked":["Hologram","Ball Lightning","Recycle"],"picked":"SKIP","floor":20.0},{"not_picked":["Cold Snap","Beam Cell"],"picked":"Darkness+1","floor":21.0},{"not_picked":["Ball Lightning","Conserve Battery"],"picked":"Force Field","floor":24.0},{"not_picked":["Stack+1","Streamline","Heatsinks"],"picked":"SKIP","floor":29.0},{"not_picked":["Hyperbeam+1","Multi-Cast"],"picked":"Buffer","floor":33},{"not_picked":["Beam Cell+1","Ball Lightning+1","Static Discharge"],"picked":"SKIP","floor":35},{"not_picked":["Beam Cell+1","Ball Lightning+1","Static Discharge"],"picked":"SKIP","floor":35},{"not_picked":["Steam Power","Hologram"],"picked":"Undo+1","floor":36}],"player_experience":1062711,"relics_obtained":[{"floor":7.0,"key":"Darkstone Periapt"},{"floor":9.0,"key":"Sundial"},{"floor":12.0,"key":"Dodecahedron"},{"floor":24.0,"key":"Nunchaku"},{"floor":30.0,"key":"Unceasing Top"},{"floor":30.0,"key":"Molten Egg 2"}],"event_choices":[{"damage_healed":0.0,"max_hp_gain":0.0,"max_hp_loss":0.0,"gold_gain":0.0,"event_name":"Shining Light","player_choice":"Entered Light","floor":3.0,"gold_loss":0.0,"damage_taken":23.0,"cards_upgraded":["Strike_B","Beam Cell"]},{"damage_healed":0.0,"max_hp_gain":0.0,"max_hp_loss":0.0,"gold_gain":0.0,"event_name":"Accursed Blacksmith","player_choice":"Rummage","floor":14.0,"gold_loss":0.0,"damage_taken":0.0,"relics_obtained":["WarpedTongs"],"cards_obtained":["Pain"]},{"damage_healed":0.0,"max_hp_gain":0.0,"max_hp_loss":0.0,"gold_gain":0.0,"cards_transformed":["Strike_B","Strike_B"],"event_name":"Drug Dealer","player_choice":"Became Test Subject","floor":27.0,"gold_loss":0.0,"damage_taken":0.0,"cards_obtained":["Hyperbeam","Hologram"]},{"damage_healed":0.0,"max_hp_gain":0.0,"max_hp_loss":0.0,"gold_gain":0.0,"event_name":"Colosseum","player_choice":"Fight","floor":30.0,"gold_loss":0.0,"damage_taken":0.0},{"damage_healed":0.0,"max_hp_gain":0.0,"max_hp_loss":0.0,"gold_gain":0.0,"event_name":"Colosseum","player_choice":"Fought Nobs","floor":30.0,"gold_loss":0.0,"damage_taken":0.0},{"cards_removed":["Hyperbeam"],"damage_healed":63.0,"max_hp_gain":10.0,"max_hp_loss":0.0,"gold_gain":0.0,"event_name":"Bonfire Elementals","player_choice":"Offered Rare","floor":31.0,"gold_loss":0.0,"damage_taken":0.0},{"damage_healed":0,"gold_gain":0,"player_choice":"Max HP","damage_taken":0,"max_hp_gain":0,"max_hp_loss":5,"event_name":"Winding Halls","floor":37,"gold_loss":0},{"damage_healed":0,"gold_gain":0,"player_choice":"Ignored","damage_taken":0,"max_hp_gain":0,"max_hp_loss":0,"event_name":"Tomb of Lord Red Mask","floor":38,"gold_loss":0},{"cards_removed":["Buffer"],"damage_healed":0,"gold_gain":0,"player_choice":"Removed Power","damage_taken":0,"max_hp_gain":0,"max_hp_loss":0,"event_name":"Falling","floor":39,"gold_loss":0}],"is_beta":false,"boss_relics":[{"not_picked":["Cursed Key","Pandora\u0027s Box"],"picked":"Snecko Eye"},{"not_picked":["Black Star","Runic Dome"],"picked":"Inserter"}],"items_purged_floors":[22],"is_endless":false,"potions_floor_spawned":[1,2,8,12,16,24,29,30,33,35],"killed_by":"Giant Head","ascension_level":20}