{"gold_per_floor":[114,114,74,84,103,137,52,52,52,66,66,83,33,63,63,163,163,180,200,212,59,79,79,142,142,218,218,244,244,16,27,27,132,132,142,142,242,70,81,81],"floor_reached":40,"playtime":4448,"items_purged":["Defend_B","Defend_B"],"score":456,"play_id":"0c5ad703-8f36-416c-a136-6206a58a02a2","local_time":"20190826060240","is_ascension_mode":true,"campfire_choices":[{"floor":8,"key":"REST"},{"data":"Capacitor","floor":15,"key":"SMITH"},{"floor":23,"key":"REST"},{"floor":25,"key":"REST"},{"floor":27,"key":"REST"},{"data":"Dualcast","floor":32,"key":"SMITH"}],"neow_cost":"NONE","seed_source_timestamp":1042117449487400,"circlet_count":0,"master_deck":["Strike_B","Strike_B+1","Strike_B+1","Defend_B","Defend_B","Zap","Dualcast+1","Static Discharge","BootSequence","Capacitor+1","Chill","Glacier","Streamline","Electrodynamics","Ball Lightning","BootSequence+1","Tempest+1","Compile Driver","Biased Cognition","Cold Snap+1","Core Surge","Ball Lightning+1","Glacier"],"relics":["FrozenCore","Centennial Puzzle","Pantograph","Letter Opener","Whetstone","Happy Flower","Tiny Chest","Pear","DataDisk","Anchor","Bronze Scales","Eternal Feather","Emotion Chip"],"potions_floor_usage":[6,6,14,16,16,20,20,24,28,33,40],"damage_taken":[{"damage":2,"enemies":"2 Louse","floor":1,"turns":2},{"damage":0,"enemies":"Small Slimes","floor":4,"turns":3},{"damage":1,"enemies":"Cultist","floor":5,"turns":3},{"damage":11,"enemies":"Gremlin Nob","floor":6,"turns":3},{"damage":0,"enemies":"Blue Slaver","floor":10,"turns":3},{"damage":5,"enemies":"Looter","floor":12,"turns":4},{"damage":2,"enemies":"Lagavulin","floor":14,"turns":10},{"damage":26,"enemies":"Hexaghost","floor":16,"turns":12},{"damage":12,"enemies":"Chosen","floor":18,"turns":5},{"damage":17,"enemies":"3 Byrds","floor":19,"turns":3},{"damage":10,"enemies":"Snecko","floor":20,"turns":6},{"damage":7,"enemies":"Snake Plant","floor":22,"turns":4},{"damage":25,"enemies":"Book of Stabbing","floor":24,"turns":8},{"damage":3,"enemies":"Slavers","floor":28,"turns":4},{"damage":0,"enemies":"3 Cultists","floor":31,"turns":4},{"damage":31,"enemies":"Automaton","floor":33,"turns":8},{"damage":9,"enemies":"3 Shapes","floor":35,"turns":4},{"damage":21,"enemies":"Mind Bloom Boss Battle","floor":37,"turns":7},{"damage":10,"enemies":"3 Darklings","floor":39,"turns":5},{"damage":67,"enemies":"Giant Head","floor":40,"turns":10}],"seed_played":"3705140624608045432","potions_obtained":[{"floor":3,"key":"Swift Potion"},{"floor":3,"key":"Fire Potion"},{"floor":3,"key":"Fire Potion"},{"floor":6,"key":"SteroidPotion"},{"floor":10,"key":"SkillPotion"},{"floor":16,"key":"EssenceOfSteel"},{"floor":18,"key":"Swift Potion"},{"floor":22,"key":"Energy Potion"},{"floor":24,"key":"SkillPotion"},{"floor":31,"key":"Fire Potion"},{"floor":35,"key":"SkillPotion"}],"is_trial":false,"path_per_floor":["M","?","?","M","M","E","$","R","T","M","$","M","?","E","R","B",null,"M","M","M","$","M","R","E","R","T","R","E","?","$","M","R","B",null,"M","?","?","$","M","E"],"character_chosen":"DEFECT","items_purchased":["Chill","Fire Potion","Happy Flower","Bronze Scales","Glacier"],"campfire_rested":4,"item_purchase_floors":[7,7,21,30,38],"current_hp_per_floor":[73,66,66,66,65,54,54,75,75,75,75,70,70,68,68,49,75,63,46,36,36,29,51,26,48,58,83,80,80,80,80,80,54,85,76,76,60,60,50,0],"gold":81,"neow_bonus":"RANDOM_COMMON_RELIC","is_prod":false,"is_daily":false,"chose_seed":false,"campfire_upgraded":2,"win_rate":0,"timestamp":1566810160,"path_taken":["M","?","?","M","?","E","$","R","T","M","$","M","?","E","R","BOSS","M","M","M","$","M","R","E","R","T","R","E","?","?","M","R","BOSS","M","?","?","$","M","E"],"build_version":"2019-07-17","purchased_purges":2,"victory":false,"max_hp_per_floor":[75,75,75,75,75,75,75,75,75,75,75,75,75,75,75,75,75,75,75,75,75,75,75,75,75,85,85,85,85,85,85,85,85,85,85,81,81,81,81,81],"card_choices":[{"not_picked":["Barrage","Doom and Gloom","Rebound"],"picked":"SKIP","floor":1},{"not_picked":["BootSequence","Rebound"],"picked":"Static Discharge","floor":4},{"not_picked":["Steam","Blizzard"],"picked":"BootSequence","floor":5},{"not_picked":["Barrage","Beam Cell"],"picked":"Capacitor","floor":6},{"not_picked":["Tempest","Conserve Battery"],"picked":"Glacier","floor":10},{"not_picked":["Sunder","Barrage"],"picked":"Gash","floor":12},{"not_picked":["Steam Power","Conserve Battery"],"picked":"Streamline","floor":14},{"not_picked":["All For One","Multi-Cast"],"picked":"Electrodynamics","floor":16},{"not_picked":["Steam+1","Redo"],"picked":"Ball Lightning","floor":18},{"not_picked":["Rebound","Leap+1"],"picked":"BootSequence+1","floor":19},{"not_picked":["Force Field","Hologram"],"picked":"Tempest+1","floor":20},{"not_picked":["Steam","Conserve Battery+1"],"picked":"Compile Driver","floor":22},{"not_picked":["Gash","Conserve Battery"],"picked":"Biased Cognition","floor":24},{"not_picked":["Scrape","Thunder Strike"],"picked":"Cold Snap+1","floor":28},{"not_picked":["Redo","Conserve Battery","Streamline"],"picked":"SKIP","floor":31},{"not_picked":["Electrodynamics","Machine Learning"],"picked":"Core Surge","floor":33},{"not_picked":["Rebound","Skim"],"picked":"Ball Lightning+1","floor":35},{"not_picked":["Chill+1","Beam Cell+1","Gash"],"picked":"SKIP","floor":39}],"player_experience":195057,"relics_obtained":[{"floor":6,"key":"Pantograph"},{"floor":9,"key":"Letter Opener"},{"floor":14,"key":"Whetstone"},{"floor":24,"key":"Tiny Chest"},{"floor":26,"key":"Pear"},{"floor":28,"key":"DataDisk"},{"floor":29,"key":"Anchor"},{"floor":37,"key":"Emotion Chip"}],"event_choices":[{"cards_removed":["Strike_B"],"damage_healed":0,"gold_gain":0,"player_choice":"Card Removal","damage_taken":7,"max_hp_gain":0,"max_hp_loss":0,"event_name":"Golden Wing","floor":2,"gold_loss":0},{"damage_healed":0,"gold_gain":0,"player_choice":"Bought 3 Potions","damage_taken":0,"max_hp_gain":0,"max_hp_loss":0,"event_name":"The Woman in Blue","floor":3,"gold_loss":0},{"cards_removed":["Gash"],"damage_healed":0,"gold_gain":0,"player_choice":"Card Removal","damage_taken":0,"max_hp_gain":0,"max_hp_loss":0,"event_name":"The Cleric","floor":13,"gold_loss":50},{"damage_healed":0,"gold_gain":0,"player_choice":"Relic","damage_taken":0,"max_hp_gain":0,"max_hp_loss":0,"event_name":"Wheel of Change","floor":29,"gold_loss":0},{"damage_healed":0,"gold_gain":0,"player_choice":"Max HP","damage_taken":0,"max_hp_gain":0,"max_hp_loss":4,"event_name":"Winding Halls","floor":36,"gold_loss":0},{"damage_healed":0,"gold_gain":0,"player_choice":"Fight","damage_taken":0,"max_hp_gain":0,"max_hp_loss":0,"event_name":"MindBloom","floor":37,"gold_loss":0}],"is_beta":false,"boss_relics":[{"not_picked":["Sozu","Philosopher\u0027s Stone"],"picked":"FrozenCore"},{"not_picked":["Fusion Hammer","Cursed Key"],"picked":"Eternal Feather"}],"items_purged_floors":[30,38],"is_endless":false,"potions_floor_spawned":[6,10,12,16,18,22,24,31,35],"killed_by":"Giant Head","ascension_level":1}