{"gold_per_floor":[110,123,123,48,58,58,83,83,95,107,119,131,143,188,200,212],"floor_reached":16,"playtime":563,"items_purged":["Strike_R"],"score":164,"play_id":"8aacd9b0-f914-43fc-a38b-73da3ff9cc31","local_time":"20190604145548","is_ascension_mode":true,"campfire_choices":[{"data":"Havoc","floor":6,"key":"SMITH"},{"floor":10,"key":"REST"},{"floor":12,"key":"REST"},{"floor":15,"key":"REST"}],"neow_cost":"PERCENT_DAMAGE","seed_source_timestamp":249619297518800,"circlet_count":0,"master_deck":["AscendersBane","Strike_R","Strike_R","Defend_R","Defend_R","Defend_R","Defend_R","Bash","Limit Break","Havoc+1","Heavy Blade","Inflame"],"relics":["Burning Blood","Blue Candle","MawBank","Molten Egg 2","Meat on the Bone"],"potions_floor_usage":[16,16],"damage_taken":[{"damage":0,"enemies":"2 Louse","floor":1,"turns":5},{"damage":11,"enemies":"Jaw Worm","floor":2,"turns":4},{"damage":7,"enemies":"Small Slimes","floor":5,"turns":4},{"damage":30,"enemies":"3 Sentries","floor":7,"turns":8},{"damage":31,"enemies":"Gremlin Nob","floor":14,"turns":4},{"damage":29,"enemies":"Slime Boss","floor":16,"turns":6}],"seed_played":"2476679716423816122","potions_obtained":[{"floor":2,"key":"BloodPotion"},{"floor":7,"key":"EssenceOfSteel"}],"is_trial":false,"path_per_floor":["M","M","?","$","M","R","E","?","T","R","?","R","?","E","R","B"],"character_chosen":"IRONCLAD","items_purchased":[],"campfire_rested":3,"item_purchase_floors":[],"current_hp_per_floor":[57,52,52,52,51,51,27,27,27,51,18,42,42,17,41,20],"gold":212,"neow_bonus":"THREE_RARE_CARDS","is_prod":false,"is_daily":false,"chose_seed":false,"campfire_upgraded":1,"win_rate":0,"timestamp":1559674548,"path_taken":["M","M","?","?","M","R","E","?","T","R","?","R","?","E","R","BOSS"],"build_version":"2019-01-23","purchased_purges":1,"victory":false,"max_hp_per_floor":[80,80,80,80,80,80,80,80,80,80,80,80,80,80,80,80],"card_choices":[{"not_picked":["Berserk","Immolate"],"picked":"Limit Break","floor":0},{"not_picked":["Body Slam","Twin Strike"],"picked":"Havoc","floor":1},{"not_picked":["Anger","Pommel Strike"],"picked":"Heavy Blade","floor":2},{"not_picked":["Anger","Wild Strike"],"picked":"Inflame","floor":5},{"not_picked":["Anger","Combust","Exhume"],"picked":"SKIP","floor":7},{"not_picked":["True Grit","Iron Wave+1","Blood for Blood+1"],"picked":"SKIP","floor":14}],"player_experience":3948208,"relics_obtained":[{"floor":7,"key":"Blue Candle"},{"floor":14,"key":"Meat on the Bone"}],"event_choices":[{"cards_removed":["Strike_R"],"damage_healed":0,"gold_gain":0,"player_choice":"Forget","damage_taken":0,"max_hp_gain":0,"max_hp_loss":0,"event_name":"Living Wall","floor":3,"gold_loss":0},{"damage_healed":0,"gold_gain":0,"player_choice":"Searched \u00271\u0027 times","damage_taken":0,"relics_obtained":["MawBank"],"max_hp_gain":0,"max_hp_loss":0,"event_name":"Dead Adventurer","floor":8,"gold_loss":0},{"damage_healed":0,"gold_gain":0,"player_choice":"Success","damage_taken":33,"relics_obtained":["Molten Egg 2"],"max_hp_gain":0,"max_hp_loss":0,"event_name":"Scrap Ooze","floor":11,"gold_loss":0},{"cards_removed":["Strike_R"],"damage_healed":0,"gold_gain":0,"player_choice":"Purged","damage_taken":0,"max_hp_gain":0,"max_hp_loss":0,"event_name":"Purifier","floor":13,"gold_loss":0}],"is_beta":false,"boss_relics":[],"items_purged_floors":[4],"is_endless":false,"potions_floor_spawned":[2,7],"killed_by":"Slime Boss","ascension_level":11}