{"gold_per_floor":[110,185,360,76,86,86,103,103,103,113,113,127,139,151,151,151],"floor_reached":16,"playtime":503,"items_purged":["Doubt"],"score":154,"play_id":"9602641a-c902-4ace-88fe-281acb6ddbab","local_time":"20190826210610","is_ascension_mode":true,"campfire_choices":[{"data":"Bash","floor":6,"key":"SMITH"},{"floor":15,"key":"REST"}],"neow_cost":"NONE","seed_source_timestamp":100790426712800,"circlet_count":0,"master_deck":["AscendersBane","Strike_R","Strike_R","Strike_R","Strike_R","Defend_R","Defend_R","Defend_R","Defend_R","Bash+1","Shrug It Off","Thunderclap","Cleave","Armaments"],"relics":["Burning Blood","Brimstone","Ornamental Fan"],"potions_floor_usage":[8,10],"damage_taken":[{"damage":19,"enemies":"Small Slimes","floor":1,"turns":5},{"damage":9,"enemies":"2 Louse","floor":5,"turns":2},{"damage":13,"enemies":"Jaw Worm","floor":7,"turns":2},{"damage":3,"enemies":"Lots of Slimes","floor":8,"turns":2},{"damage":21,"enemies":"3 Louse","floor":10,"turns":3},{"damage":7,"enemies":"Looter","floor":12,"turns":3},{"damage":11,"enemies":"Red Slaver","floor":13,"turns":3},{"damage":20,"enemies":"Gremlin Gang","floor":14,"turns":3},{"damage":35,"enemies":"Hexaghost","floor":16,"turns":4}],"seed_played":"7501102620729099817","potions_obtained":[{"floor":5,"key":"SkillPotion"},{"floor":7,"key":"SmokeBomb"}],"is_trial":false,"path_per_floor":["M","?","?","$","M","R","M","M","T","M","?","M","M","M","R","B"],"character_chosen":"IRONCLAD","items_purchased":["Brimstone"],"campfire_rested":1,"item_purchase_floors":[4],"current_hp_per_floor":[67,56,56,56,53,53,46,49,49,34,27,26,21,7,33,0],"gold":151,"neow_bonus":"TEN_PERCENT_HP_BONUS","is_prod":false,"is_daily":false,"chose_seed":false,"campfire_upgraded":1,"win_rate":0,"timestamp":1566867970,"path_taken":["M","?","?","?","M","R","M","?","T","M","?","M","M","M","R","BOSS"],"build_version":"2019-07-17","purchased_purges":1,"victory":false,"max_hp_per_floor":[88,88,88,88,88,88,88,88,88,88,88,88,88,88,88,88],"card_choices":[{"not_picked":["Warcry","Wild Strike","Clothesline"],"picked":"SKIP","floor":1},{"not_picked":["Hemokinesis","Spot Weakness"],"picked":"Shrug It Off","floor":5},{"not_picked":["Perfected Strike","Clash","Feed"],"picked":"SKIP","floor":7},{"not_picked":["Carnage","Flex"],"picked":"Thunderclap","floor":10},{"not_picked":["Dropkick","Havoc"],"picked":"Cleave","floor":12},{"not_picked":["Perfected Strike","Headbutt","True Grit"],"picked":"SKIP","floor":13},{"not_picked":["Clash","Bloodletting"],"picked":"Armaments","floor":14}],"player_experience":4108259,"relics_obtained":[{"floor":9,"key":"Ornamental Fan"}],"event_choices":[{"damage_healed":0,"gold_gain":75,"player_choice":"Gather Gold","damage_taken":11,"max_hp_gain":0,"max_hp_loss":0,"event_name":"World of Goop","floor":2,"gold_loss":0},{"damage_healed":0,"gold_gain":175,"player_choice":"AGREE","damage_taken":0,"max_hp_gain":0,"max_hp_loss":0,"event_name":"Liars Game","floor":3,"gold_loss":0,"cards_obtained":["Doubt"]},{"cards_removed":["Strike_R"],"damage_healed":0,"gold_gain":0,"player_choice":"Card Removal","damage_taken":7,"max_hp_gain":0,"max_hp_loss":0,"event_name":"Golden Wing","floor":11,"gold_loss":0}],"is_beta":false,"boss_relics":[],"items_purged_floors":[4],"is_endless":false,"potions_floor_spawned":[5,7,8],"killed_by":"Hexaghost","ascension_level":12}