{"gold_per_floor":[113,63,76,76,0,0,38,53,104,29,0,14,45,45],"floor_reached":14,"playtime":353,"items_purged":["Strike_G"],"score":147,"play_id":"cec7ddc8-1577-447f-8acf-9cecd6875a1e","local_time":"20190823200722","is_ascension_mode":true,"campfire_choices":[{"data":"Footwork","floor":6,"key":"SMITH"}],"neow_cost":"NONE","seed_source_timestamp":708392732278700,"circlet_count":0,"master_deck":["Strike_G","Strike_G","Strike_G","Defend_G","Defend_G","Defend_G","Defend_G","Defend_G","Survivor","Neutralize","Quick Slash","Footwork+1","Backstab","Burst","Noxious Fumes","Deadly Poison"],"relics":["Ring of the Snake","NeowsBlessing","Golden Idol","Snake Skull","PreservedInsect","Odd Mushroom"],"potions_floor_usage":[13],"damage_taken":[{"damage":0,"enemies":"2 Louse","floor":1,"turns":1},{"damage":0,"enemies":"Jaw Worm","floor":3,"turns":1},{"damage":0,"enemies":"Lagavulin","floor":7,"turns":1},{"damage":0,"enemies":"Cultist","floor":8,"turns":3},{"damage":0,"enemies":"Looter","floor":11,"turns":4},{"damage":13,"enemies":"Gremlin Gang","floor":12,"turns":4},{"damage":18,"enemies":"The Mushroom Lair","floor":13,"turns":4},{"damage":18,"enemies":"Exordium Thugs","floor":14,"turns":4}],"seed_played":"6741400649876504372","potions_obtained":[{"floor":7,"key":"GhostInAJar"},{"floor":12,"key":"LiquidBronze"},{"floor":13,"key":"Weak Potion"}],"is_trial":false,"path_per_floor":["M","?","M","?","$","R","E","M","T","$","M","M","?","M"],"character_chosen":"THE_SILENT","items_purchased":["Footwork"],"campfire_rested":0,"item_purchase_floors":[5],"current_hp_per_floor":[63,63,63,46,46,46,46,46,46,46,46,33,15,0],"gold":45,"neow_bonus":"THREE_ENEMY_KILL","is_prod":false,"is_daily":false,"chose_seed":false,"campfire_upgraded":1,"win_rate":0,"timestamp":1566554842,"path_taken":["M","?","M","?","$","R","E","M","T","$","M","M","?","M"],"build_version":"2019-07-17","purchased_purges":1,"victory":false,"max_hp_per_floor":[70,70,70,70,70,70,70,70,70,70,70,70,70,70],"card_choices":[{"not_picked":["Dodge and Roll","Cloak And Dagger","Backflip"],"picked":"SKIP","floor":1},{"not_picked":["Dodge and Roll","Dagger Throw"],"picked":"Quick Slash","floor":3},{"not_picked":["Dodge and Roll","Deflect"],"picked":"Backstab","floor":7},{"not_picked":["Dagger Spray","All Out Attack"],"picked":"Burst","floor":8},{"not_picked":["Blade Dance","Cloak And Dagger"],"picked":"Noxious Fumes","floor":11},{"not_picked":["Sucker Punch","Prepared"],"picked":"Deadly Poison","floor":12}],"player_experience":89913,"relics_obtained":[{"floor":7,"key":"Snake Skull"},{"floor":9,"key":"PreservedInsect"},{"floor":13,"key":"Odd Mushroom"}],"event_choices":[{"cards_removed":["Strike_G"],"damage_healed":0,"gold_gain":0,"player_choice":"Card Removal","damage_taken":0,"max_hp_gain":0,"max_hp_loss":0,"event_name":"The Cleric","floor":2,"gold_loss":50},{"damage_healed":0,"gold_gain":0,"player_choice":"Take Damage","damage_taken":17,"relics_obtained":["Golden Idol"],"max_hp_gain":0,"max_hp_loss":0,"event_name":"Golden Idol","floor":4,"gold_loss":0},{"damage_healed":0,"gold_gain":0,"player_choice":"Fought Mushrooms","damage_taken":0,"max_hp_gain":0,"max_hp_loss":0,"event_name":"Mushrooms","floor":13,"gold_loss":0}],"is_beta":false,"boss_relics":[],"items_purged_floors":[10],"is_endless":false,"potions_floor_spawned":[7,12,13],"killed_by":"Exordium Thugs","ascension_level":6}