{"gold_per_floor":[213,225,235,410,37,37,66,83,83,103,103,120,153,228,228,325,325,341,355,305,316,346,346,377,377,377,407,248,248,273,373,373,470,470,488,507,70,90,312,312,312,337,337,337,39,49,49,69,69,69],"floor_reached":51,"playtime":3069,"items_purged":["Doubt"],"score":1141,"play_id":"ae40e55d-38d5-4249-a454-8e28c51368d4","local_time":"20190822011429","is_ascension_mode":true,"campfire_choices":[{"data":"Bash","floor":6.0,"key":"SMITH"},{"data":"Inflame","floor":11.0,"key":"SMITH"},{"data":"Iron Wave","floor":15.0,"key":"SMITH"},{"data":"Heavy Blade","floor":23.0,"key":"SMITH"},{"data":"Iron Wave","floor":25.0,"key":"SMITH"},{"data":"Twin Strike","floor":29.0,"key":"SMITH"},{"floor":32,"key":"REST"},{"data":"Inflame","floor":40,"key":"SMITH"},{"data":"Perfected Strike","floor":44,"key":"SMITH"},{"floor":49,"key":"REST"}],"neow_cost":"NONE","seed_source_timestamp":77845429030168,"circlet_count":0,"master_deck":["Strike_R","Strike_R","Strike_R","Strike_R","Strike_R","Defend_R","Defend_R","Defend_R","Defend_R","Bash+1","Wild Strike","Iron Wave+1","Power Through","Shrug It Off","Iron Wave+1","Impervious","Anger","Inflame+1","Twin Strike+1","Shrug It Off","Feed","Heavy Blade+1","Havoc+1","Shrug It Off","Clothesline","Uppercut+1","Perfected Strike+1","Evolve","Dropkick","Perfected Strike+1","Whirlwind+1","Reaper","Inflame+1","Disarm+1","Combust+1","Sword Boomerang+1","Twin Strike+1","Whirlwind+1","Clothesline+1","Sword Boomerang+1","Metallicize+1","Heavy Blade+1"],"special_seed":0,"relics":["Burning Blood","Sling","Oddly Smooth Stone","Mercury Hourglass","Du-Vu Doll","Mark of Pain","Red Mask","Ancient Tea Set","Ornamental Fan","Paper Frog","Art of War","Prayer Wheel","Singing Bowl","Runic Cube","Molten Egg 2","Strange Spoon","Sundial","Pantograph","Dodecahedron","OrangePellets"],"potions_floor_usage":[31,33,38,46,48,48,50],"damage_taken":[{"damage":1.0,"enemies":"Cultist","floor":1.0,"turns":4.0},{"damage":7.0,"enemies":"Jaw Worm","floor":2.0,"turns":3.0},{"damage":0.0,"enemies":"Small Slimes","floor":3.0,"turns":2.0},{"damage":18.0,"enemies":"Lagavulin","floor":7.0,"turns":6.0},{"damage":8.0,"enemies":"Red Slaver","floor":8.0,"turns":4.0},{"damage":1.0,"enemies":"Blue Slaver","floor":10.0,"turns":4.0},{"damage":12.0,"enemies":"Large Slime","floor":12.0,"turns":5.0},{"damage":0.0,"enemies":"3 Sentries","floor":13.0,"turns":4.0},{"damage":19.0,"enemies":"The Guardian","floor":16.0,"turns":12.0},{"damage":15.0,"enemies":"Spheric Guardian","floor":18.0,"turns":5.0},{"damage":5.0,"enemies":"Shell Parasite","floor":19.0,"turns":6.0},{"damage":27.0,"enemies":"Shelled Parasite and Fungi","floor":21.0,"turns":6.0},{"damage":15.0,"enemies":"Masked Bandits","floor":22.0,"turns":4.0},{"damage":32.0,"enemies":"Gremlin Leader","floor":24.0,"turns":8.0},{"damage":7.0,"enemies":"Slavers","floor":27.0,"turns":5.0},{"damage":15.0,"enemies":"Gremlin Leader","floor":30.0,"turns":5.0},{"damage":6,"enemies":"Colosseum Slavers","floor":31,"turns":4},{"damage":5,"enemies":"Colosseum Nobs","floor":31,"turns":4},{"damage":27,"enemies":"Champ","floor":33,"turns":10},{"damage":0,"enemies":"Orb Walker","floor":35,"turns":3},{"damage":12,"enemies":"3 Darklings","floor":36,"turns":9},{"damage":4,"enemies":"Jaw Worm Horde","floor":38,"turns":4},{"damage":48,"enemies":"Giant Head","floor":42,"turns":8},{"damage":16,"enemies":"Transient","floor":46,"turns":5},{"damage":20,"enemies":"Spire Growth","floor":48,"turns":4},{"damage":89,"enemies":"Time Eater","floor":50,"turns":10}],"seed_played":"-1999201106850559577","potions_obtained":[{"floor":3.0,"key":"Strength Potion"},{"floor":7.0,"key":"GamblersBrew"},{"floor":8.0,"key":"Explosive Potion"},{"floor":13.0,"key":"Regen Potion"},{"floor":16.0,"key":"Regen Potion"},{"floor":22.0,"key":"Energy Potion"},{"floor":30.0,"key":"SkillPotion"},{"floor":31,"key":"Energy Potion"},{"floor":33,"key":"Poison Potion"},{"floor":38,"key":"SneckoOil"},{"floor":42,"key":"Energy Potion"},{"floor":46,"key":"GamblersBrew"}],"is_trial":false,"path_per_floor":["M","M","M","?","$","R","E","M","T","M","R","M","E","?","R","B",null,"M","M","?","M","?","R","E","R","T","E","$","R","E","?","R","B",null,"M","M","$","M","?","R","T","E","T","R","$","M","?","M","R","B",null],"character_chosen":"IRONCLAD","items_purchased":["Sling","Shrug It Off","Iron Wave","Strength Potion","Evolve","Dropkick","Molten Egg 2","Strange Spoon","OrangePellets","Whirlwind+1","Clothesline+1"],"campfire_rested":2,"item_purchase_floors":[5,5,5,28,28,28,37,37,45,45,45],"current_hp_per_floor":[77,76,80,80,80,80,68,66,66,71,71,65,71,71,71,58,75,66,67,67,83,77,77,51,51,51,53,53,53,44,45,71,50,79,89,92,92,94,94,94,94,54,54,54,54,53,53,39,68,10],"gold":69,"neow_bonus":"HUNDRED_GOLD","is_prod":false,"is_daily":false,"chose_seed":false,"campfire_upgraded":8,"win_rate":1,"timestamp":1566400469,"path_taken":["M","M","M","?","$","R","E","M","T","M","R","M","E","?","R","BOSS","M","M","?","?","?","R","E","R","T","E","$","R","E","?","R","BOSS","M","M","$","M","?","R","?","E","T","R","$","M","?","M","R","BOSS"],"build_version":"2019-07-17","purchased_purges":1,"victory":true,"max_hp_per_floor":[80,80,80,80,80,80,80,80,80,80,80,80,80,80,80,80,80,80,80,80,83,86,86,86,86,86,89,89,89,89,89,89,89,89,89,92,92,94,94,94,94,96,96,96,96,98,98,98,98,98],"card_choices":[{"not_picked":["Havoc","Headbutt"],"picked":"Wild Strike","floor":1.0},{"not_picked":["Cleave","Twin Strike"],"picked":"Iron Wave","floor":2.0},{"not_picked":["Pommel Strike","Rage"],"picked":"Power Through","floor":3.0},{"not_picked":["Sword Boomerang","Wild Strike"],"picked":"Impervious","floor":7.0},{"not_picked":["Sentinel","Clash"],"picked":"Anger","floor":8.0},{"not_picked":["Dropkick","Armaments"],"picked":"Inflame","floor":10.0},{"not_picked":["Rage","Pommel Strike"],"picked":"Twin Strike","floor":12.0},{"not_picked":["Flame Barrier","Havoc"],"picked":"Shrug It Off","floor":13.0},{"not_picked":["Barricade","Dark Embrace"],"picked":"Feed","floor":16.0},{"not_picked":["Infernal Blade","Clothesline"],"picked":"Heavy Blade","floor":18.0},{"not_picked":["Thunderclap","True Grit"],"picked":"Havoc+1","floor":19.0},{"not_picked":["Flame Barrier","Body Slam+1"],"picked":"Shrug It Off","floor":21.0},{"not_picked":["Body Slam","Dropkick+1"],"picked":"Clothesline","floor":22.0},{"not_picked":["Thunderclap","Infernal Blade+1"],"picked":"Uppercut+1","floor":24.0},{"not_picked":["Shrug It Off+1","Fire Breathing+1"],"picked":"Perfected Strike+1","floor":27.0},{"not_picked":["Barricade","Dark Embrace"],"picked":"Perfected Strike","floor":30.0},{"not_picked":["Havoc","Reckless Charge+1"],"picked":"Whirlwind+1","floor":31},{"not_picked":["Impervious","Barricade"],"picked":"Reaper","floor":33},{"not_picked":["Warcry+1","True Grit"],"picked":"Inflame","floor":35},{"not_picked":["Ghostly Armor","Thunderclap"],"picked":"Disarm+1","floor":35},{"not_picked":["Warcry+1","Headbutt"],"picked":"Combust+1","floor":36},{"not_picked":["Blood for Blood","Entrench+1"],"picked":"Sword Boomerang","floor":36},{"not_picked":["Disarm","Infernal Blade+1","Second Wind"],"picked":"Singing Bowl","floor":38},{"not_picked":["Offering","Combust"],"picked":"Twin Strike+1","floor":38},{"not_picked":["Havoc","Searing Blow+1","Clash+1"],"picked":"Singing Bowl","floor":42},{"not_picked":["Shrug It Off+1","Clash+1"],"picked":"Sword Boomerang+1","floor":46},{"not_picked":["Havoc+1","Body Slam+1","Disarm"],"picked":"Singing Bowl","floor":46},{"not_picked":["Clothesline+1","Evolve"],"picked":"Metallicize+1","floor":48},{"not_picked":["Cleave+1","Armaments"],"picked":"Heavy Blade+1","floor":48}],"player_experience":50842,"relics_obtained":[{"floor":7.0,"key":"Oddly Smooth Stone"},{"floor":9.0,"key":"Mercury Hourglass"},{"floor":13.0,"key":"Du-Vu Doll"},{"floor":22.0,"key":"Red Mask"},{"floor":24.0,"key":"Ancient Tea Set"},{"floor":26.0,"key":"Ornamental Fan"},{"floor":27.0,"key":"Paper Frog"},{"floor":30.0,"key":"Art of War"},{"floor":31,"key":"Prayer Wheel"},{"floor":31,"key":"Singing Bowl"},{"floor":41,"key":"Sundial"},{"floor":42,"key":"Pantograph"},{"floor":43,"key":"Dodecahedron"}],"event_choices":[{"damage_healed":0.0,"max_hp_gain":0.0,"max_hp_loss":0.0,"gold_gain":175.0,"event_name":"Liars Game","player_choice":"AGREE","floor":4.0,"gold_loss":0.0,"damage_taken":0.0,"cards_obtained":["Doubt"]},{"damage_healed":0.0,"max_hp_gain":0.0,"max_hp_loss":0.0,"gold_gain":75.0,"event_name":"Golden Wing","player_choice":"Gained Gold","floor":14.0,"gold_loss":0.0,"damage_taken":0.0},{"damage_healed":0.0,"max_hp_gain":0.0,"max_hp_loss":0.0,"gold_gain":0.0,"event_name":"The Joust","player_choice":"Bet on Owner","floor":20.0,"gold_loss":50.0,"damage_taken":0.0},{"damage_healed":0.0,"max_hp_gain":0.0,"max_hp_loss":0.0,"gold_gain":0.0,"event_name":"Masked Bandits","player_choice":"Fought Bandits","floor":22.0,"gold_loss":0.0,"damage_taken":0.0},{"damage_healed":0,"gold_gain":0,"player_choice":"Fight","damage_taken":0,"max_hp_gain":0,"max_hp_loss":0,"event_name":"Colosseum","floor":31,"gold_loss":0},{"damage_healed":0,"gold_gain":0,"player_choice":"Fought Nobs","damage_taken":0,"max_hp_gain":0,"max_hp_loss":0,"event_name":"Colosseum","floor":31,"gold_loss":0},{"damage_healed":0,"gold_gain":222,"player_choice":"Wore Mask","damage_taken":0,"max_hp_gain":0,"max_hp_loss":0,"event_name":"Tomb of Lord Red Mask","floor":39,"gold_loss":0},{"damage_healed":0,"gold_gain":0,"player_choice":"Upgraded","damage_taken":0,"max_hp_gain":0,"max_hp_loss":0,"event_name":"Upgrade Shrine","floor":47,"gold_loss":0,"cards_upgraded":["Sword Boomerang"]}],"is_beta":false,"boss_relics":[{"not_picked":["Black Blood","Busted Crown"],"picked":"Mark of Pain"},{"not_picked":["Empty Cage","Pandora\u0027s Box"],"picked":"Runic Cube"}],"items_purged_floors":[5],"is_endless":false,"potions_floor_spawned":[3,7,8,13,16,22,30,31,33,38,42,46],"ascension_level":9}