{"gold_per_floor":[116,126,126,126,8,8,83,108,108,108,127,158,158,208,208,286,286,286,186,8,8,8,8,8,8,8,8,8,8,8,8,8,8,8,8,8,8,8,8,8,8],"floor_reached":41,"playtime":1764,"items_purged":[],"score":873,"play_id":"0f0fb377-edab-48a0-957d-2959731a1fed","local_time":"20190824142620","is_ascension_mode":true,"campfire_choices":[{"data":"Metallicize","floor":6,"key":"SMITH"},{"data":"Berserk","floor":10,"key":"SMITH"},{"floor":13,"key":"REST"},{"data":"Metallicize","floor":15,"key":"SMITH"},{"data":"Barricade","floor":23,"key":"SMITH"},{"floor":28,"key":"REST"},{"data":"Entrench","floor":32,"key":"SMITH"}],"neow_cost":"NONE","seed_source_timestamp":206769157234300,"circlet_count":0,"master_deck":["AscendersBane","Strike_R+1","Strike_R","Strike_R","Strike_R+1","Strike_R","Defend_R+1","Defend_R","Defend_R+1","Defend_R","Bash+1","Thunderclap","Disarm","Metallicize+1","Berserk+1","Battle Trance","Metallicize+1","Barricade+1","Entrench+1","Shrug It Off","Whirlwind+1","Flame Barrier+1","Body Slam+1","Offering","Uppercut+1","Decay","Offering","Burning Pact+1"],"relics":["Burning Blood","Lantern","Molten Egg 2","Sundial","Dream Catcher","Ectoplasm","Letter Opener","War Paint","Ancient Tea Set","Sozu","Orichalcum"],"potions_floor_usage":[12,16,19,19,22,25,30,35],"damage_taken":[{"damage":1,"enemies":"Small Slimes","floor":1,"turns":3},{"damage":6,"enemies":"2 Louse","floor":2,"turns":2},{"damage":10,"enemies":"Gremlin Nob","floor":8,"turns":4},{"damage":5,"enemies":"Cultist","floor":11,"turns":4},{"damage":9,"enemies":"3 Sentries","floor":12,"turns":7},{"damage":34,"enemies":"Hexaghost","floor":16,"turns":12},{"damage":33,"enemies":"3 Byrds","floor":18,"turns":7},{"damage":33,"enemies":"2 Thieves","floor":19,"turns":4},{"damage":12,"enemies":"Snake Plant","floor":22,"turns":5},{"damage":18,"enemies":"Centurion and Healer","floor":24,"turns":9},{"damage":23,"enemies":"Cultist and Chosen","floor":25,"turns":8},{"damage":12,"enemies":"Gremlin Leader","floor":29,"turns":5},{"damage":8,"enemies":"Shelled Parasite and Fungi","floor":30,"turns":7},{"damage":27,"enemies":"Champ","floor":33,"turns":9},{"damage":0,"enemies":"3 Darklings","floor":35,"turns":1},{"damage":18,"enemies":"Orb Walker","floor":38,"turns":4},{"damage":20,"enemies":"Nemesis","floor":40,"turns":7},{"damage":58,"enemies":"Transient","floor":41,"turns":5}],"seed_played":"-7879257302115321455","potions_obtained":[{"floor":1,"key":"SteroidPotion"},{"floor":11,"key":"Weak Potion"},{"floor":16,"key":"BloodPotion"},{"floor":18,"key":"BloodPotion"},{"floor":21,"key":"Poison Potion"},{"floor":21,"key":"Fruit Juice"},{"floor":24,"key":"SpeedPotion"},{"floor":29,"key":"Strength Potion"}],"is_trial":false,"path_per_floor":["M","M","?","?","$","R","?","E","T","R","M","E","R","?","R","B",null,"M","M","$","?","M","R","M","M","T","T","R","E","M","?","R","B",null,"M","?","?","M","$","E","M"],"character_chosen":"IRONCLAD","items_purchased":["Disarm","Metallicize","Whirlwind+1","Flame Barrier"],"campfire_rested":2,"item_purchase_floors":[5,5,20,20],"current_hp_per_floor":[73,73,73,50,50,50,39,35,35,35,36,33,55,55,55,27,63,36,45,45,45,44,44,32,15,15,15,39,33,31,31,31,10,63,69,69,69,57,57,43,0],"gold":8,"neow_bonus":"RANDOM_COMMON_RELIC","is_prod":false,"is_daily":false,"chose_seed":false,"campfire_upgraded":5,"win_rate":0,"timestamp":1566624380,"path_taken":["M","M","?","?","$","R","?","E","T","R","M","E","R","?","R","BOSS","M","M","?","?","M","R","?","M","T","?","R","E","M","?","R","BOSS","M","?","?","?","$","E","?"],"build_version":"2019-07-17","purchased_purges":0,"victory":false,"max_hp_per_floor":[75,75,75,75,75,75,75,75,75,75,75,75,75,75,75,75,75,75,75,75,75,80,80,80,80,80,80,80,80,80,80,80,80,80,80,80,80,80,80,80,80],"card_choices":[{"not_picked":["Intimidate","Twin Strike"],"picked":"Thunderclap","floor":1},{"not_picked":["Reckless Charge","True Grit","Anger"],"picked":"SKIP","floor":2},{"not_picked":["Cleave","Thunderclap"],"picked":"Berserk","floor":8},{"not_picked":["Perfected Strike+1","Armaments"],"picked":"Battle Trance","floor":11},{"not_picked":["Clash+1","Combust","Burning Pact"],"picked":"SKIP","floor":12},{"not_picked":["Blood for Blood+1","Burning Pact"],"picked":"Metallicize","floor":13},{"not_picked":["Juggernaut","Exhume"],"picked":"Barricade","floor":16},{"not_picked":["Armaments","Spot Weakness"],"picked":"Entrench","floor":18},{"not_picked":["Thunderclap+1","Havoc"],"picked":"Shrug It Off","floor":19},{"not_picked":["Wild Strike+1","Anger+1","Twin Strike+1"],"picked":"SKIP","floor":22},{"not_picked":["Fire Breathing","Rampage+1"],"picked":"Body Slam+1","floor":24},{"not_picked":["Headbutt+1","Sever Soul+1"],"picked":"Offering","floor":25},{"not_picked":["Thunderclap+1","Combust"],"picked":"Uppercut+1","floor":29},{"not_picked":["Sword Boomerang+1","Bloodletting","Wild Strike+1"],"picked":"SKIP","floor":30},{"not_picked":["Berserk","Double Tap"],"picked":"Offering","floor":33},{"not_picked":["Thunderclap+1","Intimidate","Shrug It Off"],"picked":"SKIP","floor":35},{"not_picked":["Dual Wield","Heavy Blade+1","Wild Strike+1"],"picked":"SKIP","floor":38},{"not_picked":["Sword Boomerang+1","Flex"],"picked":"Burning Pact+1","floor":40}],"player_experience":204740,"relics_obtained":[{"floor":8,"key":"Molten Egg 2"},{"floor":9,"key":"Sundial"},{"floor":12,"key":"Dream Catcher"},{"floor":26,"key":"Letter Opener"},{"floor":27,"key":"War Paint"},{"floor":29,"key":"Ancient Tea Set"},{"floor":40,"key":"Orichalcum"}],"event_choices":[{"damage_healed":0,"gold_gain":0,"player_choice":"Grow","damage_taken":0,"max_hp_gain":0,"max_hp_loss":0,"event_name":"Living Wall","floor":3,"gold_loss":0,"cards_upgraded":["Bash"]},{"damage_healed":0,"gold_gain":0,"player_choice":"Entered Light","damage_taken":23,"max_hp_gain":0,"max_hp_loss":0,"event_name":"Shining Light","floor":4,"gold_loss":0,"cards_upgraded":["Strike_R","Strike_R"]},{"damage_healed":0,"gold_gain":75,"player_choice":"Gather Gold","damage_taken":11,"max_hp_gain":0,"max_hp_loss":0,"event_name":"World of Goop","floor":7,"gold_loss":0},{"damage_healed":0,"gold_gain":50,"player_choice":"Pray","damage_taken":0,"max_hp_gain":0,"max_hp_loss":0,"event_name":"Golden Shrine","floor":14,"gold_loss":0},{"damage_healed":0,"gold_gain":0,"player_choice":"Got Potions","damage_taken":0,"max_hp_gain":0,"max_hp_loss":0,"event_name":"Lab","floor":21,"gold_loss":0},{"damage_healed":0,"gold_gain":0,"player_choice":"Smashed Altar","damage_taken":0,"max_hp_gain":0,"max_hp_loss":0,"event_name":"Forgotten Altar","floor":31,"gold_loss":0,"cards_obtained":["Decay"]},{"damage_healed":0,"gold_gain":0,"player_choice":"Ignored","damage_taken":0,"max_hp_gain":0,"max_hp_loss":0,"event_name":"Mysterious Sphere","floor":36,"gold_loss":0},{"damage_healed":0,"gold_gain":0,"player_choice":"Upgraded","damage_taken":0,"max_hp_gain":0,"max_hp_loss":0,"event_name":"Upgrade Shrine","floor":37,"gold_loss":0,"cards_upgraded":["Flame Barrier"]}],"is_beta":false,"boss_relics":[{"not_picked":["Snecko Eye","Black Star"],"picked":"Ectoplasm"},{"not_picked":["Tiny House","Lizard Tail"],"picked":"Sozu"}],"items_purged_floors":[],"is_endless":false,"potions_floor_spawned":[1,11,16,18,24,29,35],"killed_by":"Transient","ascension_level":17}