{"gold_per_floor":[110,120,120,132,132,161,180,180,180,205,217,236,12,12,12,108,108,122,122,47,60,0,0,44,44,44,60,91,91,104,104,104,197,197,218,138,161,185,208,208,158,158,182,196,209,25,50,65,65,65],"floor_reached":51,"playtime":3019,"items_purged":["Injury","Strike_G+1","Strike_G+1"],"score":1164,"play_id":"21eacdcf-4bef-4489-81d4-f5d1917fe310","local_time":"20190826193700","is_ascension_mode":true,"campfire_choices":[{"floor":8.0,"key":"REST"},{"floor":15.0,"key":"REST"},{"data":"Dash","floor":23.0,"key":"SMITH"},{"floor":25.0,"key":"REST"},{"floor":29.0,"key":"REST"},{"floor":32.0,"key":"REST"},{"data":"Leg Sweep","floor":40,"key":"SMITH"},{"data":"Wraith Form v2","floor":42,"key":"SMITH"},{"floor":49,"key":"REST"}],"neow_cost":"NONE","seed_source_timestamp":0,"circlet_count":0,"master_deck":["AscendersBane","Strike_G+1","Strike_G+1","Strike_G+1","Defend_G+1","Defend_G+1","Defend_G+1","Defend_G+1","Defend_G+1","Survivor+1","Neutralize","Quick Slash","Blur","Caltrops","Leg Sweep+1","Terror","Leg Sweep","Noxious Fumes","Mayhem","Unload","Skewer+1","Dash+1","PiercingWail","Wraith Form v2+1","Flying Knee","Venomology","Dash","Deadly Poison","Escape Plan+1"],"special_seed":0,"relics":["Velvet Choker","Dead Branch","Calipers","Unceasing Top","Blood Vial","Golden Idol","Runic Pyramid","Oddly Smooth Stone","The Courier","Strawberry","Busted Crown","Omamori"],"potions_floor_usage":[39,44,45,45,46,48,50,50],"damage_taken":[{"damage":2.0,"enemies":"Jaw Worm","floor":1.0,"turns":5.0},{"damage":1.0,"enemies":"2 Louse","floor":2.0,"turns":3.0},{"damage":4.0,"enemies":"Cultist","floor":4.0,"turns":4.0},{"damage":22.0,"enemies":"3 Sentries","floor":6.0,"turns":9.0},{"damage":12.0,"enemies":"Gremlin Gang","floor":7.0,"turns":5.0},{"damage":20.0,"enemies":"Lagavulin","floor":10.0,"turns":11.0},{"damage":0.0,"enemies":"Blue Slaver","floor":11.0,"turns":4.0},{"damage":1.0,"enemies":"2 Fungi Beasts","floor":12.0,"turns":4.0},{"damage":24.0,"enemies":"The Guardian","floor":16.0,"turns":13.0},{"damage":0.0,"enemies":"Chosen","floor":18.0,"turns":4.0},{"damage":13.0,"enemies":"3 Byrds","floor":21.0,"turns":4.0},{"damage":35.0,"enemies":"Slavers","floor":24.0,"turns":6.0},{"damage":5.0,"enemies":"Snecko","floor":27.0,"turns":5.0},{"damage":28.0,"enemies":"Gremlin Leader","floor":28.0,"turns":7.0},{"damage":1.0,"enemies":"Centurion and Healer","floor":30.0,"turns":7.0},{"damage":38.0,"enemies":"Automaton","floor":33.0,"turns":13.0},{"damage":0.0,"enemies":"Orb Walker","floor":35.0,"turns":5.0},{"damage":0.0,"enemies":"3 Darklings","floor":37.0,"turns":7.0},{"damage":9,"enemies":"4 Shapes","floor":38,"turns":5},{"damage":0,"enemies":"Maw","floor":39,"turns":7},{"damage":0,"enemies":"Sphere and 2 Shapes","floor":44,"turns":5},{"damage":7,"enemies":"Transient","floor":45,"turns":5},{"damage":12,"enemies":"3 Darklings","floor":47,"turns":6},{"damage":13,"enemies":"Jaw Worm Horde","floor":48,"turns":4},{"damage":32,"enemies":"Time Eater","floor":50,"turns":15}],"seed_played":"2666549695380823089","potions_obtained":[{"floor":2.0,"key":"SpeedPotion"},{"floor":4.0,"key":"FearPotion"},{"floor":16.0,"key":"Energy Potion"},{"floor":21.0,"key":"SmokeBomb"},{"floor":24.0,"key":"LiquidBronze"},{"floor":37.0,"key":"PowerPotion"},{"floor":44,"key":"SteroidPotion"},{"floor":45,"key":"Fruit Juice"}],"is_trial":false,"path_per_floor":["M","M","?","M","?","E","M","R","T","E","M","M","$","?","R","B",null,"M","?","$","M","?","R","E","R","T","M","E","R","M","?","R","B",null,"M","$","M","M","M","R","?","R","T","M","M","$","M","M","R","B",null],"character_chosen":"THE_SILENT","items_purchased":["Noxious Fumes","Mayhem","Fruit Juice"],"campfire_rested":6,"item_purchase_floors":[13,13,46],"current_hp_per_floor":[57,56,56,52,52,30,18,37,37,17,19,20,20,20,39,17,54,56,56,56,45,45,45,12,31,31,28,9,30,31,31,52,16,59,61,61,63,56,58,58,58,58,58,60,60,65,55,44,68,38],"gold":65,"neow_bonus":"BOSS_RELIC","is_prod":false,"is_daily":false,"chose_seed":false,"campfire_upgraded":3,"win_rate":0,"timestamp":1566819420,"path_taken":["M","M","?","M","?","E","?","R","T","E","?","M","$","?","R","BOSS","M","?","$","M","?","R","E","R","T","M","E","R","M","?","R","BOSS","M","$","M","M","M","R","?","R","T","?","M","$","M","M","R","BOSS"],"build_version":"2019-07-17","purchased_purges":3,"victory":true,"max_hp_per_floor":[66,66,66,66,66,66,66,66,66,66,66,66,66,66,66,66,66,66,66,66,66,66,66,66,66,66,66,73,73,73,73,73,73,73,73,73,73,73,73,73,73,73,73,73,78,83,83,83,83,83],"card_choices":[{"not_picked":["Outmaneuver","Deflect"],"picked":"Quick Slash","floor":1.0},{"not_picked":["Calculated Gamble","Flying Knee","Underhanded Strike"],"picked":"SKIP","floor":2.0},{"not_picked":["Distraction","Dagger Throw"],"picked":"Blur","floor":4.0},{"not_picked":["Catalyst","Deflect","Endless Agony"],"picked":"SKIP","floor":6.0},{"not_picked":["PiercingWail","Prepared"],"picked":"Caltrops","floor":7.0},{"not_picked":["Blur","Predator"],"picked":"Leg Sweep","floor":10.0},{"not_picked":["Outmaneuver","Deflect"],"picked":"Terror","floor":11.0},{"not_picked":["Outmaneuver","Tools of the Trade"],"picked":"Leg Sweep","floor":12.0},{"not_picked":["Tools of the Trade","Glass Knife"],"picked":"Unload","floor":16.0},{"not_picked":["Deadly Poison","Sucker Punch"],"picked":"Skewer+1","floor":18.0},{"not_picked":["Eviscerate","Poisoned Stab"],"picked":"Dash","floor":21.0},{"not_picked":["Well Laid Plans","Terror","Riddle With Holes"],"picked":"SKIP","floor":24.0},{"not_picked":["PiercingWail","Reflex","Backflip"],"picked":"SKIP","floor":27.0},{"not_picked":["Reflex","Backflip"],"picked":"PiercingWail","floor":27.0},{"not_picked":["Slice","Dagger Throw"],"picked":"Wraith Form v2","floor":28.0},{"not_picked":["Deflect","Sucker Punch"],"picked":"Flying Knee","floor":30.0},{"not_picked":["Unload","Night Terror"],"picked":"Venomology","floor":33.0},{"not_picked":[],"picked":"Dash","floor":35.0},{"not_picked":[],"picked":"Deadly Poison","floor":37.0},{"not_picked":["Sucker Punch"],"picked":"SKIP","floor":38},{"not_picked":[],"picked":"Escape Plan","floor":39},{"not_picked":["Well Laid Plans"],"picked":"SKIP","floor":44},{"not_picked":["Terror"],"picked":"SKIP","floor":45},{"not_picked":["Sucker Punch"],"picked":"SKIP","floor":47},{"not_picked":["Slice+1"],"picked":"SKIP","floor":48}],"player_experience":896931,"relics_obtained":[{"floor":6.0,"key":"Calipers"},{"floor":9.0,"key":"Unceasing Top"},{"floor":10.0,"key":"Blood Vial"},{"floor":24.0,"key":"Oddly Smooth Stone"},{"floor":26.0,"key":"The Courier"},{"floor":28.0,"key":"Strawberry"},{"floor":43,"key":"Omamori"}],"event_choices":[{"damage_healed":0.0,"max_hp_gain":0.0,"max_hp_loss":0.0,"gold_gain":0.0,"event_name":"Golden Wing","player_choice":"Ignored","floor":3.0,"gold_loss":0.0,"damage_taken":0.0},{"damage_healed":0.0,"max_hp_gain":0.0,"max_hp_loss":0.0,"gold_gain":0.0,"event_name":"WeMeetAgain","player_choice":"Gave Potion","floor":5.0,"gold_loss":0.0,"damage_taken":0.0,"relics_obtained":["Dead Branch"]},{"damage_healed":0.0,"max_hp_gain":0.0,"max_hp_loss":0.0,"gold_gain":0.0,"event_name":"Golden Idol","player_choice":"Take Wound","floor":14.0,"gold_loss":0.0,"damage_taken":0.0,"relics_obtained":["Golden Idol"],"cards_obtained":["Injury"]},{"damage_healed":0.0,"max_hp_gain":0.0,"max_hp_loss":0.0,"gold_gain":0.0,"event_name":"Back to Basics","player_choice":"Simplicity","floor":19.0,"gold_loss":0.0,"damage_taken":0.0,"cards_upgraded":["Strike_G","Strike_G","Strike_G","Strike_G","Strike_G","Defend_G","Defend_G","Defend_G","Defend_G","Defend_G"]},{"damage_healed":0.0,"max_hp_gain":0.0,"max_hp_loss":0.0,"gold_gain":0.0,"event_name":"Masked Bandits","player_choice":"Paid Fearfully","floor":22.0,"gold_loss":60.0,"damage_taken":0.0},{"damage_healed":0.0,"max_hp_gain":0.0,"max_hp_loss":0.0,"gold_gain":0.0,"event_name":"The Mausoleum","player_choice":"Ignored","floor":31.0,"gold_loss":0.0,"damage_taken":0.0},{"damage_healed":0,"gold_gain":0,"player_choice":"Upgraded Two","damage_taken":0,"max_hp_gain":0,"max_hp_loss":0,"event_name":"Designer","floor":41,"gold_loss":50,"cards_upgraded":["Escape Plan","Survivor"]}],"is_beta":false,"boss_relics":[{"not_picked":["Runic Dome","Pandora\u0027s Box"],"picked":"Runic Pyramid"},{"not_picked":["Philosopher\u0027s Stone","Astrolabe"],"picked":"Busted Crown"}],"items_purged_floors":[20,36,46],"is_endless":false,"potions_floor_spawned":[2,4,16,21,24,30,37,38,44,45,47],"ascension_level":15}