{"gold_per_floor":[209,209,43,53,69,103,115,178,178,178,178,197,197,225,225,326,326,342,357,10,21,33,33,60,10,37,37],"floor_reached":27,"playtime":1728,"items_purged":["Defend_B","Defend_B"],"score":266,"play_id":"87773e95-8793-428f-a33d-834c82b21748","local_time":"20190826012929","is_ascension_mode":true,"campfire_choices":[{"floor":10,"key":"REST"},{"floor":13,"key":"REST"},{"floor":15,"key":"REST"},{"floor":23,"key":"REST"}],"neow_cost":"NONE","seed_source_timestamp":1028444934574900,"circlet_count":0,"master_deck":["Strike_B","Strike_B","Defend_B","Defend_B","Zap","Dualcast","Capacitor","Bandage Up","Coolheaded","Tempest","Defragment","Biased Cognition","Loop","Thunder Strike","Barrage","Impatience","Cold Snap+1","Lockon","Biased Cognition"],"relics":["Cracked Core","FaceOfCleric","Kunai","Tiny Chest","Meat on the Bone","Cables","Incense Burner","Empty Cage","Bronze Scales","Ornamental Fan","Dream Catcher"],"potions_floor_usage":[8,8,8,16,24,27],"damage_taken":[{"damage":2,"enemies":"2 Louse","floor":1,"turns":3},{"damage":1,"enemies":"Cultist","floor":4,"turns":3},{"damage":4,"enemies":"Jaw Worm","floor":5,"turns":4},{"damage":34,"enemies":"Gremlin Nob","floor":6,"turns":4},{"damage":19,"enemies":"Exordium Wildlife","floor":7,"turns":4},{"damage":17,"enemies":"3 Sentries","floor":8,"turns":5},{"damage":8,"enemies":"Looter","floor":12,"turns":3},{"damage":28,"enemies":"Lagavulin","floor":14,"turns":5},{"damage":20,"enemies":"Hexaghost","floor":16,"turns":9},{"damage":16,"enemies":"Shell Parasite","floor":18,"turns":9},{"damage":53,"enemies":"3 Byrds","floor":19,"turns":4},{"damage":22,"enemies":"Shelled Parasite and Fungi","floor":21,"turns":4},{"damage":21,"enemies":"Centurion and Healer","floor":22,"turns":5},{"damage":51,"enemies":"Gremlin Leader","floor":24,"turns":7},{"damage":23,"enemies":"Book of Stabbing","floor":27,"turns":3}],"seed_played":"7162049333307283063","potions_obtained":[{"floor":1,"key":"EssenceOfSteel"},{"floor":6,"key":"Fire Potion"},{"floor":7,"key":"Block Potion"},{"floor":12,"key":"Block Potion"},{"floor":16,"key":"SteroidPotion"},{"floor":19,"key":"SteroidPotion"},{"floor":22,"key":"EssenceOfSteel"},{"floor":24,"key":"EssenceOfSteel"}],"is_trial":false,"path_per_floor":["M","?","$","M","M","E","M","E","T","R","T","M","R","E","R","B",null,"M","M","$","M","M","R","E","?","T","E"],"character_chosen":"DEFECT","items_purchased":["Bandage Up","Impatience","Bronze Scales"],"campfire_rested":4,"item_purchase_floors":[3,20,20],"current_hp_per_floor":[73,73,73,75,73,44,30,18,18,42,42,51,75,52,76,61,83,72,36,36,31,27,53,19,19,19,0],"gold":37,"neow_bonus":"HUNDRED_GOLD","is_prod":false,"is_daily":false,"chose_seed":false,"campfire_upgraded":0,"win_rate":0,"timestamp":1566793769,"path_taken":["M","?","$","M","?","E","M","E","T","R","?","M","R","E","R","BOSS","M","M","$","M","M","R","E","?","T","E"],"build_version":"2019-07-17","purchased_purges":2,"victory":false,"max_hp_per_floor":[75,75,75,76,77,78,79,80,80,80,80,81,81,82,82,83,83,84,85,85,86,87,87,88,88,88,88],"card_choices":[{"not_picked":["Beam Cell","Undo"],"picked":"Capacitor","floor":1},{"not_picked":["Scrape","Leap"],"picked":"Coolheaded","floor":4},{"not_picked":["Scrape","Self Repair"],"picked":"Tempest","floor":5},{"not_picked":["FTL","Streamline"],"picked":"Defragment","floor":6},{"not_picked":["Conserve Battery","Steam Power"],"picked":"Biased Cognition","floor":7},{"not_picked":["Conserve Battery","Steam","Rebound"],"picked":"SKIP","floor":8},{"not_picked":["Sweeping Beam","Cold Snap","Go for the Eyes"],"picked":"SKIP","floor":12},{"not_picked":["Undo","Aggregate"],"picked":"Loop","floor":14},{"not_picked":["Machine Learning","Amplify"],"picked":"Thunder Strike","floor":16},{"not_picked":["Chaos","Doom and Gloom","Hologram"],"picked":"SKIP","floor":18},{"not_picked":["Coolheaded","Sweeping Beam+1"],"picked":"Barrage","floor":19},{"not_picked":["Doom and Gloom","Streamline"],"picked":"Cold Snap+1","floor":21},{"not_picked":["Aggregate","Rebound+1"],"picked":"Lockon","floor":22},{"not_picked":["Steam Power+1","Core Surge"],"picked":"Biased Cognition","floor":24}],"player_experience":181519,"relics_obtained":[{"floor":6,"key":"Kunai"},{"floor":8,"key":"Tiny Chest"},{"floor":9,"key":"Meat on the Bone"},{"floor":11,"key":"Cables"},{"floor":14,"key":"Incense Burner"},{"floor":24,"key":"Ornamental Fan"},{"floor":26,"key":"Dream Catcher"}],"event_choices":[{"damage_healed":0,"gold_gain":0,"player_choice":"Trade","damage_taken":0,"relics_obtained":["FaceOfCleric"],"max_hp_gain":0,"max_hp_loss":0,"event_name":"FaceTrader","floor":2,"gold_loss":0},{"damage_healed":0,"gold_gain":0,"player_choice":"Bet on Owner","damage_taken":0,"max_hp_gain":0,"max_hp_loss":0,"event_name":"The Joust","floor":25,"gold_loss":50}],"is_beta":false,"boss_relics":[{"not_picked":["Orrery","Calling Bell"],"picked":"Empty Cage"}],"items_purged_floors":[3,20],"is_endless":false,"potions_floor_spawned":[1,6,7,12,16,19,22,24],"killed_by":"Book of Stabbing","ascension_level":1}