{"gold_per_floor":[111,111,123,123,137,137,157,157,210,210,245,170,170,187,187,187],"floor_reached":16,"playtime":499,"items_purged":[],"score":186,"play_id":"6c23f638-4678-4ce8-98ac-509a48660819","local_time":"20190827112213","is_ascension_mode":true,"campfire_choices":[{"data":"Madness","floor":6,"key":"SMITH"},{"data":"Cleave","floor":8,"key":"SMITH"},{"floor":10,"key":"REST"},{"data":"Pummel","floor":13,"key":"SMITH"},{"floor":15,"key":"REST"}],"neow_cost":"TEN_PERCENT_HP_LOSS","seed_source_timestamp":456185734654400,"circlet_count":0,"master_deck":["AscendersBane","Strike_R","Strike_R","Strike_R","Strike_R","Defend_R","Defend_R","Defend_R","Defend_R","Bash+1","Finesse+1","Madness+1","Corruption","Clothesline+1","Pummel+1","Cleave+1","Impervious"],"relics":["Burning Blood","Odd Mushroom","Art of War","Kunai"],"potions_floor_usage":[7,11,16],"damage_taken":[{"damage":8,"enemies":"2 Louse","floor":1,"turns":4},{"damage":6,"enemies":"Cultist","floor":3,"turns":4},{"damage":8,"enemies":"Small Slimes","floor":5,"turns":4},{"damage":16,"enemies":"The Mushroom Lair","floor":7,"turns":4},{"damage":37,"enemies":"3 Sentries","floor":11,"turns":7},{"damage":11,"enemies":"3 Louse","floor":14,"turns":4},{"damage":42,"enemies":"Hexaghost","floor":16,"turns":8}],"seed_played":"1547495717520061418","potions_obtained":[{"floor":3,"key":"Fire Potion"},{"floor":5,"key":"GamblersBrew"},{"floor":14,"key":"EssenceOfSteel"}],"is_trial":false,"path_per_floor":["M","?","M","?","M","R","?","R","T","R","E","?","R","M","R","B"],"character_chosen":"IRONCLAD","items_purchased":[],"campfire_rested":2,"item_purchase_floors":[],"current_hp_per_floor":[66,66,66,46,44,44,34,34,34,54,23,23,23,18,38,0],"gold":187,"neow_bonus":"RANDOM_COLORLESS_2","is_prod":false,"is_daily":false,"chose_seed":false,"campfire_upgraded":3,"win_rate":0,"timestamp":1566872533,"path_taken":["M","?","?","?","M","R","?","R","T","R","E","?","R","M","R","BOSS"],"build_version":"2019-07-17","purchased_purges":0,"victory":false,"max_hp_per_floor":[68,68,68,68,68,68,68,68,68,68,68,68,68,68,68,68],"card_choices":[{"not_picked":["Rampage","Power Through"],"picked":"Corruption","floor":1},{"not_picked":["True Grit","Anger"],"picked":"Clothesline","floor":3},{"not_picked":["Clash","Reckless Charge"],"picked":"Pummel","floor":5},{"not_picked":["Twin Strike","Searing Blow"],"picked":"Cleave","floor":7},{"not_picked":["Iron Wave","Feel No Pain","Intimidate"],"picked":"SKIP","floor":11},{"not_picked":["Disarm","Sword Boomerang"],"picked":"Impervious","floor":14}],"player_experience":216368,"relics_obtained":[{"floor":7,"key":"Odd Mushroom"},{"floor":9,"key":"Art of War"},{"floor":11,"key":"Kunai"}],"event_choices":[{"damage_healed":0,"gold_gain":0,"player_choice":"Upgraded","damage_taken":0,"max_hp_gain":0,"max_hp_loss":0,"event_name":"Upgrade Shrine","floor":2,"gold_loss":0,"cards_upgraded":["Bash"]},{"damage_healed":0,"gold_gain":0,"player_choice":"Entered Light","damage_taken":20,"max_hp_gain":0,"max_hp_loss":0,"event_name":"Shining Light","floor":4,"gold_loss":0,"cards_upgraded":["Finesse","Clothesline"]},{"damage_healed":0,"gold_gain":0,"player_choice":"Fought Mushrooms","damage_taken":0,"max_hp_gain":0,"max_hp_loss":0,"event_name":"Mushrooms","floor":7,"gold_loss":0},{"cards_removed":["Strike_R"],"damage_healed":0,"gold_gain":0,"player_choice":"Card Removal","damage_taken":0,"max_hp_gain":0,"max_hp_loss":0,"event_name":"The Cleric","floor":12,"gold_loss":75}],"is_beta":false,"boss_relics":[],"items_purged_floors":[],"is_endless":false,"potions_floor_spawned":[3,5,14],"killed_by":"Hexaghost","ascension_level":18}