{"gold_per_floor":[113,33,33,49,49,76,87,87,87,87,99,133,151,226,226,324,374,392,376,39,49,68,68,167,16,16,16],"floor_reached":27,"playtime":1799,"items_purged":["Defend_B","Defend_B"],"score":287,"play_id":"898d8ce5-998d-429d-9e28-2db5d19a4216","local_time":"20190826022427","is_ascension_mode":true,"campfire_choices":[{"data":"Blizzard","floor":8,"key":"SMITH"},{"floor":10,"key":"REST"},{"floor":15,"key":"REST"},{"floor":23,"key":"REST"}],"neow_cost":"NONE","seed_source_timestamp":1031672408725300,"circlet_count":0,"master_deck":["Strike_B","Strike_B","Strike_B","Defend_B","Zap","Dualcast","Glacier","Consume","Blizzard+1","Capacitor+1","Glacier","BootSequence"],"relics":["Cracked Core","Orichalcum","Gambling Chip","Incense Burner","Bottled Lightning","Tiny House","Pantograph","PreservedInsect"],"potions_floor_usage":[6,12,16,27,27,27],"damage_taken":[{"damage":5,"enemies":"Jaw Worm","floor":1,"turns":2},{"damage":1,"enemies":"2 Louse","floor":4,"turns":3},{"damage":0,"enemies":"Lagavulin","floor":6,"turns":9},{"damage":4,"enemies":"Small Slimes","floor":7,"turns":6},{"damage":6,"enemies":"3 Louse","floor":11,"turns":3},{"damage":0,"enemies":"3 Sentries","floor":12,"turns":8},{"damage":4,"enemies":"Lots of Slimes","floor":13,"turns":6},{"damage":6,"enemies":"Slime Boss","floor":16,"turns":14},{"damage":14,"enemies":"3 Byrds","floor":18,"turns":6},{"damage":19,"enemies":"2 Thieves","floor":19,"turns":5},{"damage":1,"enemies":"Centurion and Healer","floor":21,"turns":6},{"damage":37,"enemies":"3 Cultists","floor":22,"turns":7},{"damage":40,"enemies":"Gremlin Leader","floor":27,"turns":4}],"seed_played":"8246383629481364792","potions_obtained":[{"floor":4,"key":"Fire Potion"},{"floor":7,"key":"Weak Potion"},{"floor":11,"key":"AttackPotion"},{"floor":17,"key":"Swift Potion"},{"floor":22,"key":"SteroidPotion"}],"is_trial":false,"path_per_floor":["M","$","?","M","?","E","M","R","T","R","M","E","M","?","R","B",null,"M","M","$","M","M","R","?","$","T","E"],"character_chosen":"DEFECT","items_purchased":["Glacier","Pantograph","Explosive Potion"],"campfire_rested":3,"item_purchase_floors":[2,20,25],"current_hp_per_floor":[70,70,70,69,62,62,58,58,58,75,69,69,65,54,75,69,80,66,47,47,46,9,33,33,33,33,0],"gold":16,"neow_bonus":"RANDOM_COMMON_RELIC","is_prod":false,"is_daily":false,"chose_seed":false,"campfire_upgraded":1,"win_rate":0,"timestamp":1566797067,"path_taken":["M","$","?","M","?","E","M","R","T","R","M","E","M","?","R","BOSS","M","M","$","M","M","R","?","$","T","E"],"build_version":"2019-07-17","purchased_purges":2,"victory":false,"max_hp_per_floor":[75,75,75,75,75,75,75,75,75,75,75,75,75,75,75,75,80,80,80,80,80,80,80,80,80,80,80],"card_choices":[{"not_picked":["Streamline","Hello World","Leap"],"picked":"SKIP","floor":1},{"not_picked":["Steam","Barrage","Sweeping Beam"],"picked":"SKIP","floor":4},{"not_picked":["Genetic Algorithm","Chaos"],"picked":"Blizzard","floor":6},{"not_picked":["Lockon","Reboot","Sunder"],"picked":"SKIP","floor":7},{"not_picked":["Lockon","Reboot","Sunder"],"picked":"SKIP","floor":7},{"not_picked":["Ball Lightning","Gash","Sweeping Beam"],"picked":"SKIP","floor":11},{"not_picked":["Skim","Hello World"],"picked":"Capacitor","floor":12},{"not_picked":["Leap","Compile Driver","Fusion"],"picked":"SKIP","floor":13},{"not_picked":["Hologram+1","Auto Shields"],"picked":"Glacier","floor":18},{"not_picked":["Rebound","Reprogram","Sweeping Beam"],"picked":"SKIP","floor":19},{"not_picked":["Chaos+1","Streamline","Aggregate"],"picked":"SKIP","floor":21},{"not_picked":["Sweeping Beam","Leap"],"picked":"BootSequence","floor":22}],"player_experience":184717,"relics_obtained":[{"floor":6,"key":"Gambling Chip"},{"floor":9,"key":"Incense Burner"},{"floor":12,"key":"Bottled Lightning"},{"floor":26,"key":"PreservedInsect"}],"event_choices":[{"damage_healed":0,"gold_gain":0,"cards_transformed":["Strike_B"],"player_choice":"Change","damage_taken":0,"max_hp_gain":0,"max_hp_loss":0,"event_name":"Living Wall","floor":3,"gold_loss":0,"cards_obtained":["Consume"]},{"cards_removed":["Defend_B"],"damage_healed":0,"gold_gain":0,"player_choice":"Card Removal","damage_taken":7,"max_hp_gain":0,"max_hp_loss":0,"event_name":"Golden Wing","floor":5,"gold_loss":0},{"damage_healed":0,"gold_gain":75,"player_choice":"Gather Gold","damage_taken":11,"max_hp_gain":0,"max_hp_loss":0,"event_name":"World of Goop","floor":14,"gold_loss":0},{"damage_healed":0,"gold_gain":99,"player_choice":"Stole From Cult","damage_taken":0,"max_hp_gain":0,"max_hp_loss":0,"event_name":"Nest","floor":24,"gold_loss":0}],"is_beta":false,"boss_relics":[{"not_picked":["Philosopher\u0027s Stone","Ectoplasm"],"picked":"Tiny House"}],"items_purged_floors":[20,25],"is_endless":false,"potions_floor_spawned":[4,7,11,22],"killed_by":"Gremlin Leader","ascension_level":1}