{"gold_per_floor":[111,57,67,86,86,119,38,38,65,90,90,90,104,159,159,263,263,280,280,300,300,310,340,340,357,404,404,404,414,414,414,414,414],"floor_reached":33,"playtime":5171,"items_purged":[],"score":273,"play_id":"70326b5a-5a8f-4ace-b496-27c842bd80c7","local_time":"20190817105358","is_ascension_mode":false,"campfire_choices":[{"data":"Footwork","floor":8,"key":"SMITH"},{"floor":12,"key":"REST"},{"floor":15,"key":"REST"},{"floor":24,"key":"REST"},{"floor":28,"key":"REST"},{"floor":30,"key":"REST"},{"data":"J.A.X.","floor":32,"key":"SMITH"}],"neow_cost":"NONE","seed_source_timestamp":281271572236699,"circlet_count":0,"master_deck":["Strike_G+1","Strike_G+1","Strike_G+1","Strike_G+1","Strike_G+1","Defend_G+1","Defend_G+1","Defend_G+1","Survivor","Neutralize","Flying Knee","Flying Knee","Masterful Stab","Footwork+1","Burst","Flying Knee+1","Backstab+1","Leg Sweep+1","Infinite Blades","J.A.X.+1"],"relics":["Ring of the Snake","Bronze Scales","Juzu Bracelet","Potion Belt","Nloth\u0027s Gift","Centennial Puzzle","Vajra"],"potions_floor_usage":[6,10,10,22,23,33,33],"damage_taken":[{"damage":0,"enemies":"Small Slimes","floor":1,"turns":4},{"damage":0,"enemies":"Jaw Worm","floor":3,"turns":3},{"damage":0,"enemies":"2 Louse","floor":4,"turns":3},{"damage":8,"enemies":"Lagavulin","floor":6,"turns":5},{"damage":14,"enemies":"Gremlin Nob","floor":10,"turns":4},{"damage":6,"enemies":"Red Slaver","floor":13,"turns":3},{"damage":23,"enemies":"Lagavulin Event","floor":14,"turns":5},{"damage":41,"enemies":"The Guardian","floor":16,"turns":18},{"damage":0,"enemies":"3 Byrds","floor":18,"turns":3},{"damage":12,"enemies":"Spheric Guardian","floor":20,"turns":4},{"damage":0,"enemies":"Snake Plant","floor":22,"turns":4},{"damage":32,"enemies":"Gremlin Leader","floor":23,"turns":7},{"damage":0,"enemies":"Snecko","floor":25,"turns":6},{"damage":15,"enemies":"Centurion and Healer","floor":29,"turns":5},{"damage":86,"enemies":"Champ","floor":33,"turns":11}],"seed_played":"-6267307154517445458","potions_obtained":[{"floor":1,"key":"Swift Potion"},{"floor":3,"key":"GamblersBrew"},{"floor":4,"key":"Energy Potion"},{"floor":18,"key":"SpeedPotion"},{"floor":20,"key":"Ancient Potion"},{"floor":22,"key":"GhostInAJar"},{"floor":29,"key":"SkillPotion"}],"is_trial":false,"path_per_floor":["M","$","M","M","?","E","$","R","T","E","?","R","M","?","R","B",null,"M","?","M","?","M","E","R","M","T","?","R","M","R","?","R","B"],"character_chosen":"THE_SILENT","items_purchased":["Flying Knee","Footwork"],"campfire_rested":5,"item_purchase_floors":[2,7],"current_hp_per_floor":[70,70,70,70,70,62,62,62,62,48,48,69,63,40,61,20,70,70,70,58,58,58,26,47,47,47,47,68,53,70,70,70,0],"gold":414,"neow_bonus":"REMOVE_CARD","is_prod":false,"is_daily":false,"chose_seed":false,"campfire_upgraded":2,"win_rate":0.0,"timestamp":1566050038,"path_taken":["M","$","M","M","?","E","$","R","T","E","?","R","M","?","R","BOSS","M","?","M","?","M","E","R","M","T","?","R","M","R","?","R","BOSS"],"build_version":"2019-07-17","purchased_purges":0,"victory":false,"max_hp_per_floor":[70,70,70,70,70,70,70,70,70,70,70,70,70,70,70,70,70,70,70,70,70,70,70,70,70,70,70,70,70,70,70,70,70],"card_choices":[{"not_picked":["Catalyst","Dodge and Roll","Reflex"],"picked":"SKIP","floor":1},{"not_picked":["PiercingWail","Bouncing Flask"],"picked":"Flying Knee","floor":3},{"not_picked":["Acrobatics","Eviscerate","PiercingWail"],"picked":"SKIP","floor":4},{"not_picked":["Slice","Poisoned Stab","Eviscerate"],"picked":"SKIP","floor":6},{"not_picked":["PiercingWail","Dagger Spray","Catalyst"],"picked":"SKIP","floor":10},{"not_picked":["Quick Slash","Acrobatics","Slice"],"picked":"SKIP","floor":13},{"not_picked":["Doppelganger","Adrenaline"],"picked":"Burst","floor":16},{"not_picked":["Slice","Dagger Spray"],"picked":"Flying Knee+1","floor":18},{"not_picked":["Finisher","Blade Dance"],"picked":"Backstab+1","floor":20},{"not_picked":["Wraith Form v2","Poisoned Stab","Distraction"],"picked":"SKIP","floor":22},{"not_picked":["Blade Dance","Venomology"],"picked":"Leg Sweep+1","floor":23},{"not_picked":["Underhanded Strike+1","Deadly Poison+1","Blade Dance"],"picked":"SKIP","floor":25},{"not_picked":["Sucker Punch","Slice"],"picked":"Infinite Blades","floor":29}],"player_experience":72641,"relics_obtained":[{"floor":6,"key":"Bronze Scales"},{"floor":9,"key":"Juzu Bracelet"},{"floor":10,"key":"Potion Belt"},{"floor":23,"key":"Centennial Puzzle"},{"floor":26,"key":"Vajra"}],"event_choices":[{"damage_healed":0,"gold_gain":0,"cards_transformed":["Defend_G"],"player_choice":"Change","damage_taken":0,"max_hp_gain":0,"max_hp_loss":0,"event_name":"Living Wall","floor":5,"gold_loss":0,"cards_obtained":["Masterful Stab"]},{"damage_healed":0,"gold_gain":0,"player_choice":"Ignored","damage_taken":0,"max_hp_gain":0,"max_hp_loss":0,"event_name":"Liars Game","floor":11,"gold_loss":0},{"damage_healed":0,"gold_gain":0,"player_choice":"Searched \u00272\u0027 times","damage_taken":0,"relics_obtained":["Bag of Marbles"],"max_hp_gain":0,"max_hp_loss":0,"event_name":"Dead Adventurer","floor":14,"gold_loss":0},{"damage_healed":0,"gold_gain":0,"player_choice":"Simplicity","damage_taken":0,"max_hp_gain":0,"max_hp_loss":0,"event_name":"Back to Basics","floor":19,"gold_loss":0,"cards_upgraded":["Strike_G","Strike_G","Strike_G","Strike_G","Strike_G","Defend_G","Defend_G","Defend_G"]},{"damage_healed":0,"gold_gain":0,"player_choice":"Traded Relic","damage_taken":0,"relics_obtained":["Nloth\u0027s Gift"],"max_hp_gain":0,"max_hp_loss":0,"event_name":"N\u0027loth","floor":21,"relics_lost":["Bag of Marbles"],"gold_loss":0},{"damage_healed":0,"gold_gain":0,"player_choice":"Ignored","damage_taken":0,"max_hp_gain":0,"max_hp_loss":0,"event_name":"Ghosts","floor":27,"gold_loss":0},{"damage_healed":0,"gold_gain":0,"player_choice":"Obtain J.A.X.","damage_taken":0,"max_hp_gain":0,"max_hp_loss":0,"event_name":"Drug Dealer","floor":31,"gold_loss":0,"cards_obtained":["J.A.X."]}],"is_beta":false,"boss_relics":[{"not_picked":["Fusion Hammer","Cursed Key","Ectoplasm"]}],"items_purged_floors":[],"is_endless":false,"potions_floor_spawned":[1,3,4,18,20,22,29],"killed_by":"Champ","ascension_level":0}