{"gold_per_floor":[368,368,383,395,409,435,435,460,460,460,478,478,122,135,135,135],"floor_reached":16,"playtime":1122,"items_purged":["Strike_R"],"score":174,"play_id":"03835d7d-55ea-40a6-bfa0-64bb547b3aa6","local_time":"20190604132006","is_ascension_mode":true,"campfire_choices":[{"data":"Flame Barrier","floor":7,"key":"SMITH"},{"floor":10,"key":"REST"},{"data":"Havoc","floor":12,"key":"SMITH"},{"floor":15,"key":"REST"}],"neow_cost":"TEN_PERCENT_HP_LOSS","seed_source_timestamp":243315386452600,"circlet_count":0,"master_deck":["AscendersBane","Strike_R","Strike_R","Strike_R","Strike_R","Defend_R","Defend_R","Defend_R","Defend_R","Bash","Havoc+1","Whirlwind","Fiend Fire","Flame Barrier+1","True Grit","Havoc+1","Flame Barrier","Shrug It Off"],"relics":["Burning Blood","Torii","Question Card","Singing Bowl","Pear"],"potions_floor_usage":[6,14],"damage_taken":[{"damage":4,"enemies":"Small Slimes","floor":1,"turns":4},{"damage":1,"enemies":"Cultist","floor":3,"turns":3},{"damage":3,"enemies":"Jaw Worm","floor":4,"turns":4},{"damage":10,"enemies":"2 Fungi Beasts","floor":5,"turns":5},{"damage":32,"enemies":"Gremlin Nob","floor":6,"turns":4},{"damage":36,"enemies":"Lagavulin","floor":8,"turns":7},{"damage":7,"enemies":"Exordium Wildlife","floor":11,"turns":4},{"damage":19,"enemies":"Large Slime","floor":14,"turns":6},{"damage":54,"enemies":"Hexaghost","floor":16,"turns":16}],"seed_played":"3341187359544976385","potions_obtained":[{"floor":3,"key":"Strength Potion"},{"floor":8,"key":"Energy Potion"},{"floor":11,"key":"Dexterity Potion"},{"floor":14,"key":"Ancient Potion"}],"is_trial":false,"path_per_floor":["M","?","M","M","M","E","R","E","T","R","M","R","$","M","R","B"],"character_chosen":"IRONCLAD","items_purchased":["Flame Barrier","Pear"],"campfire_rested":2,"item_purchase_floors":[13,13],"current_hp_per_floor":[72,72,72,72,68,42,42,12,12,33,32,32,42,29,53,0],"gold":135,"neow_bonus":"TWO_FIFTY_GOLD","is_prod":false,"is_daily":false,"chose_seed":false,"campfire_upgraded":2,"win_rate":0,"timestamp":1559668806,"path_taken":["M","?","M","?","M","E","R","E","T","R","M","R","$","M","R","BOSS"],"build_version":"2019-01-23","purchased_purges":1,"victory":false,"max_hp_per_floor":[72,72,72,72,72,72,72,72,72,72,72,72,82,82,82,82],"card_choices":[{"not_picked":["Twin Strike","Rage"],"picked":"Havoc","floor":1},{"not_picked":["Iron Wave","True Grit"],"picked":"Whirlwind","floor":3},{"not_picked":["Iron Wave","Clash"],"picked":"Fiend Fire","floor":4},{"not_picked":["Infernal Blade","Rage","Iron Wave"],"picked":"SKIP","floor":5},{"not_picked":["Whirlwind","Clash"],"picked":"Flame Barrier","floor":6},{"not_picked":["Blood for Blood","Dropkick"],"picked":"True Grit","floor":8},{"not_picked":["Second Wind","Body Slam","Iron Wave"],"picked":"Havoc","floor":11},{"not_picked":["Pommel Strike","Second Wind","Rampage"],"picked":"Shrug It Off","floor":14}],"player_experience":3944642,"relics_obtained":[{"floor":6,"key":"Torii"},{"floor":8,"key":"Question Card"},{"floor":9,"key":"Singing Bowl"}],"event_choices":[{"damage_healed":0,"gold_gain":0,"player_choice":"Upgraded","damage_taken":0,"max_hp_gain":0,"max_hp_loss":0,"event_name":"Upgrade Shrine","floor":2,"gold_loss":0,"cards_upgraded":["Havoc"]}],"is_beta":false,"boss_relics":[],"items_purged_floors":[13],"is_endless":false,"potions_floor_spawned":[3,8,11,14],"killed_by":"Hexaghost","ascension_level":11}