{"gold_per_floor":[119,119,133,133,148,148,161,161,216,216,60,95,125],"floor_reached":13,"playtime":516,"items_purged":["Exhume"],"score":133,"play_id":"6852e8a1-7323-457c-9599-0ace89577753","local_time":"20190826204227","is_ascension_mode":true,"campfire_choices":[{"data":"Bash","floor":6,"key":"SMITH"},{"data":"Entrench","floor":8,"key":"SMITH"},{"data":"Shrug It Off","floor":10,"key":"SMITH"}],"neow_cost":"NONE","seed_source_timestamp":99354725115000,"circlet_count":0,"master_deck":["AscendersBane","Strike_R+1","Strike_R+1","Strike_R","Strike_R","Defend_R","Defend_R","Defend_R","Defend_R+1","Bash+1","Shrug It Off+1","Armaments+1","Entrench+1","Ghostly Armor","Bludgeon"],"relics":["Burning Blood","Ancient Tea Set","Whetstone"],"potions_floor_usage":[12,13],"damage_taken":[{"damage":9,"enemies":"Jaw Worm","floor":1,"turns":4},{"damage":6,"enemies":"Cultist","floor":3,"turns":5},{"damage":3,"enemies":"Small Slimes","floor":5,"turns":5},{"damage":3,"enemies":"Looter","floor":7,"turns":4},{"damage":52,"enemies":"Lagavulin","floor":12,"turns":11},{"damage":25,"enemies":"Lagavulin Event","floor":13,"turns":5}],"seed_played":"-687540661904405758","potions_obtained":[{"floor":3,"key":"SneckoOil"},{"floor":5,"key":"SpeedPotion"}],"is_trial":false,"path_per_floor":["M","?","M","?","M","R","M","R","T","R","$","E","?"],"character_chosen":"IRONCLAD","items_purchased":["Ghostly Armor"],"campfire_rested":0,"item_purchase_floors":[11],"current_hp_per_floor":[77,77,77,59,62,62,65,65,65,65,65,19,0],"gold":125,"neow_bonus":"TEN_PERCENT_HP_BONUS","is_prod":false,"is_daily":false,"chose_seed":false,"campfire_upgraded":3,"win_rate":0,"timestamp":1566866547,"path_taken":["M","?","?","?","M","R","M","R","T","R","$","E","?"],"build_version":"2019-07-17","purchased_purges":1,"victory":false,"max_hp_per_floor":[88,88,88,88,88,88,88,88,88,88,88,88,88],"card_choices":[{"not_picked":["Havoc","Ghostly Armor"],"picked":"Shrug It Off","floor":1},{"not_picked":["Body Slam","Rampage"],"picked":"Armaments","floor":3},{"not_picked":["Perfected Strike","Body Slam","Clash"],"picked":"SKIP","floor":5},{"not_picked":["Headbutt","Twin Strike"],"picked":"Entrench","floor":7},{"not_picked":["Dual Wield","Body Slam"],"picked":"Bludgeon","floor":12}],"player_experience":4106857,"relics_obtained":[{"floor":9,"key":"Ancient Tea Set"},{"floor":12,"key":"Whetstone"}],"event_choices":[{"damage_healed":0,"gold_gain":0,"cards_transformed":["Strike_R"],"player_choice":"Transformed","damage_taken":0,"max_hp_gain":0,"max_hp_loss":0,"event_name":"Transmorgrifier","floor":2,"gold_loss":0,"cards_obtained":["Exhume"]},{"damage_healed":0,"gold_gain":0,"player_choice":"Entered Light","damage_taken":18,"max_hp_gain":0,"max_hp_loss":0,"event_name":"Shining Light","floor":4,"gold_loss":0,"cards_upgraded":["Armaments","Defend_R"]},{"damage_healed":0,"gold_gain":30,"player_choice":"Searched \u00272\u0027 times","damage_taken":0,"max_hp_gain":0,"max_hp_loss":0,"event_name":"Dead Adventurer","floor":13,"gold_loss":0}],"is_beta":false,"boss_relics":[],"items_purged_floors":[11],"is_endless":false,"potions_floor_spawned":[3,5],"killed_by":"Lagavulin Event","ascension_level":12}