{"gold_per_floor":[110,110,74,86,11,11,36,36,36,61,161,161,173,187,187,290,290,309,319,319,24,41,41,55,55,82,82,94,94,109,119,119,214,264,281,297,297,397,397,397,428,428,453,469,488,503,503,40,40,40,40,40,40,40],"floor_reached":54,"playtime":2856,"items_purged":["Strike_R","Strike_R"],"score":1061,"play_id":"36da4181-9420-46d6-b105-09096a176e6f","local_time":"20190604155713","is_ascension_mode":true,"campfire_choices":[{"data":"Corruption","floor":6,"key":"SMITH"},{"data":"Juggernaut","floor":8,"key":"SMITH"},{"data":"Flame Barrier","floor":12,"key":"SMITH"},{"data":"Metallicize","floor":15,"key":"SMITH"},{"data":"Juggernaut","floor":23,"key":"SMITH"},{"data":"Feed","floor":25,"key":"SMITH"},{"data":"Inflame","floor":29,"key":"SMITH"},{"floor":32,"key":"RECALL"},{"data":"Strike_R","floor":40,"key":"PURGE"},{"data":"Strike_R","floor":42,"key":"PURGE"},{"floor":47,"key":"REST"},{"data":"Dark Embrace","floor":49,"key":"SMITH"},{"data":"Flame Barrier","floor":52,"key":"SMITH"}],"neow_cost":"TEN_PERCENT_HP_LOSS","seed_source_timestamp":251009852408900,"circlet_count":0,"master_deck":["AscendersBane","Defend_R+1","Defend_R","Defend_R","Defend_R","Bash+1","Metallicize+1","Corruption+1","Juggernaut+1","Flame Barrier+1","Juggernaut+1","Inflame+1","Feed+1","Inflame+1","Clash+1","Dark Embrace+1","Flame Barrier+1","Shrug It Off+1","Master of Strategy","Warcry+1","Metallicize"],"relics":["Burning Blood","Bird Faced Urn","Bottled Tornado","Vajra","Eternal Feather","TheAbacus","Happy Flower","Tiny House","Peace Pipe","Boot","Red Skull","Strange Spoon","Strawberry"],"potions_floor_usage":[7,14,14,18,24,28,33,35,36,38,44,50,50],"damage_taken":[{"damage":11,"enemies":"2 Louse","floor":1,"turns":3},{"damage":0,"enemies":"Cultist","floor":4,"turns":4},{"damage":25,"enemies":"Gremlin Nob","floor":7,"turns":5},{"damage":14,"enemies":"Lagavulin","floor":10,"turns":6},{"damage":4,"enemies":"Jaw Worm","floor":13,"turns":3},{"damage":7,"enemies":"Gremlin Gang","floor":14,"turns":3},{"damage":41,"enemies":"Slime Boss","floor":16,"turns":12},{"damage":0,"enemies":"Chosen","floor":18,"turns":4},{"damage":23,"enemies":"Shell Parasite","floor":19,"turns":6},{"damage":8,"enemies":"Sentry and Sphere","floor":22,"turns":5},{"damage":46,"enemies":"Cultist and Chosen","floor":24,"turns":5},{"damage":12,"enemies":"3 Cultists","floor":28,"turns":5},{"damage":1,"enemies":"Snecko","floor":30,"turns":4},{"damage":14,"enemies":"Chosen and Byrds","floor":31,"turns":5},{"damage":74,"enemies":"Automaton","floor":33,"turns":9},{"damage":40,"enemies":"3 Darklings","floor":35,"turns":6},{"damage":4,"enemies":"3 Shapes","floor":36,"turns":5},{"damage":14,"enemies":"Mind Bloom Boss Battle","floor":38,"turns":6},{"damage":65,"enemies":"Giant Head","floor":41,"turns":8},{"damage":49,"enemies":"Transient","floor":44,"turns":5},{"damage":25,"enemies":"Writhing Mass","floor":45,"turns":6},{"damage":1,"enemies":"Sphere and 2 Shapes","floor":46,"turns":4},{"damage":109,"enemies":"Awakened One","floor":50,"turns":10},{"damage":122,"enemies":"Shield and Spear","floor":54,"turns":6}],"seed_played":"-3908367681901853248","potions_obtained":[{"floor":1,"key":"Strength Potion"},{"floor":10,"key":"Explosive Potion"},{"floor":13,"key":"AttackPotion"},{"floor":16,"key":"Regen Potion"},{"floor":22,"key":"Regen Potion"},{"floor":24,"key":"EssenceOfSteel"},{"floor":31,"key":"BloodPotion"},{"floor":34,"key":"Fire Potion"},{"floor":35,"key":"Fruit Juice"},{"floor":36,"key":"Swift Potion"},{"floor":41,"key":"Weak Potion"},{"floor":46,"key":"EssenceOfSteel"}],"is_trial":false,"path_per_floor":["M","?","$","M","$","R","E","R","T","E","?","R","M","M","R","B",null,"M","M","?","$","M","R","M","R","T","$","M","R","M","M","R","B",null,"M","M","?","?","?","R","E","R","T","M","M","M","R","$","R","B",null,"R","$","E"],"character_chosen":"IRONCLAD","items_purchased":["Metallicize","TheAbacus","Strange Spoon","Strawberry","Metallicize","Weak Potion"],"campfire_rested":1,"item_purchase_floors":[3,21,48,48,48,48],"current_hp_per_floor":[67,67,67,72,72,72,53,53,53,51,51,51,59,64,64,35,63,72,59,59,59,67,72,42,51,51,51,59,68,80,80,80,28,75,60,80,80,86,86,93,48,60,60,31,30,53,96,103,112,21,89,101,101,0],"gold":40,"neow_bonus":"ONE_RARE_RELIC","is_prod":false,"is_daily":false,"chose_seed":false,"campfire_upgraded":9,"win_rate":0,"timestamp":1559678233,"path_taken":["M","?","$","M","?","R","E","R","T","E","?","R","M","?","R","BOSS","M","M","?","$","?","R","M","R","T","$","M","R","M","M","R","BOSS","M","M","?","?","?","R","E","R","T","M","?","?","R","$","R","BOSS","R","$","E"],"build_version":"2019-01-23","purchased_purges":2,"victory":false,"max_hp_per_floor":[72,72,72,72,72,72,72,72,72,72,72,72,72,72,72,72,72,72,72,72,72,72,72,72,72,72,72,76,76,80,80,80,84,89,94,98,93,93,93,93,97,97,97,97,101,105,105,112,112,112,112,112,112,112],"card_choices":[{"not_picked":["Disarm","Flex","Perfected Strike"],"picked":"SKIP","floor":1},{"not_picked":["Feel No Pain","Carnage"],"picked":"Corruption","floor":4},{"not_picked":["Body Slam","Dual Wield"],"picked":"Juggernaut","floor":7},{"not_picked":["Havoc","Clothesline"],"picked":"Flame Barrier","floor":10},{"not_picked":["Flex","Thunderclap","Dual Wield"],"picked":"SKIP","floor":13},{"not_picked":["Pummel","Infernal Blade","Bloodletting"],"picked":"SKIP","floor":14},{"not_picked":["Double Tap","Immolate"],"picked":"Juggernaut","floor":16},{"not_picked":["Perfected Strike","Heavy Blade","Twin Strike"],"picked":"SKIP","floor":18},{"not_picked":["Body Slam","Infernal Blade"],"picked":"Inflame","floor":19},{"not_picked":["Perfected Strike","Rage","Dual Wield"],"picked":"SKIP","floor":22},{"not_picked":["Disarm","Cleave"],"picked":"Feed","floor":24},{"not_picked":["Clothesline","Whirlwind","Uppercut+1"],"picked":"SKIP","floor":28},{"not_picked":["Sword Boomerang","Armaments"],"picked":"Inflame+1","floor":30},{"not_picked":["Burning Pact+1","Power Through"],"picked":"Clash+1","floor":31},{"not_picked":["Fiend Fire","Immolate"],"picked":"Dark Embrace","floor":33},{"not_picked":["Uppercut+1","True Grit"],"picked":"Flame Barrier","floor":35},{"not_picked":["Searing Blow+1","Twin Strike+1","Wild Strike+1"],"picked":"SKIP","floor":36},{"not_picked":["Flame Barrier","Clash"],"picked":"Shrug It Off+1","floor":38},{"not_picked":["Mind Blast","Dark Shackles"],"picked":"Master of Strategy","floor":39},{"not_picked":["Evolve+1","Havoc+1","Dual Wield"],"picked":"SKIP","floor":41},{"not_picked":["Sword Boomerang+1","Dropkick+1","Flex"],"picked":"SKIP","floor":44},{"not_picked":["Flex+1","Clash","Shockwave+1"],"picked":"SKIP","floor":45},{"not_picked":["Infernal Blade","Twin Strike+1"],"picked":"Warcry+1","floor":46}],"player_experience":3948771,"relics_obtained":[{"floor":7,"key":"Bottled Tornado"},{"floor":10,"key":"Vajra"},{"floor":26,"key":"Happy Flower"},{"floor":38,"key":"Peace Pipe"},{"floor":41,"key":"Boot"},{"floor":43,"key":"Red Skull"}],"event_choices":[{"damage_healed":0,"gold_gain":0,"player_choice":"Upgraded","damage_taken":0,"max_hp_gain":0,"max_hp_loss":0,"event_name":"Upgrade Shrine","floor":2,"gold_loss":0,"cards_upgraded":["Bash"]},{"damage_healed":0,"gold_gain":100,"player_choice":"Gold","damage_taken":0,"max_hp_gain":0,"max_hp_loss":0,"event_name":"Wheel of Change","floor":11,"gold_loss":0},{"cards_removed":["Strike_R"],"damage_healed":0,"gold_gain":0,"player_choice":"Offered Basic","damage_taken":0,"max_hp_gain":0,"max_hp_loss":0,"event_name":"Bonfire Elementals","floor":20,"gold_loss":0},{"damage_healed":0,"gold_gain":0,"player_choice":"Max HP","damage_taken":0,"max_hp_gain":0,"max_hp_loss":5,"event_name":"Winding Halls","floor":37,"gold_loss":0},{"damage_healed":0,"gold_gain":0,"player_choice":"Fight","damage_taken":0,"max_hp_gain":0,"max_hp_loss":0,"event_name":"MindBloom","floor":38,"gold_loss":0},{"damage_healed":0,"gold_gain":0,"player_choice":"Memory 1","damage_taken":0,"max_hp_gain":0,"max_hp_loss":0,"event_name":"SensoryStone","floor":39,"gold_loss":0}],"is_beta":false,"boss_relics":[{"not_picked":["Runic Cube","White Beast Statue"],"picked":"Eternal Feather"},{"not_picked":["Velvet Choker","Pandora\u0027s Box"],"picked":"Tiny House"}],"items_purged_floors":[5,21],"is_endless":false,"potions_floor_spawned":[1,10,13,16,22,24,31,35,36,41,46],"killed_by":"Shield and Spear","ascension_level":11}