{"gold_per_floor":[364,514,527,527,32,59,59,59,83,97,97,77,87,114,114,193,193,206,217,230,130,45,45,73,73,96,111,25,35,62,82,82,82],"floor_reached":33,"playtime":707,"items_purged":["Doubt","Strike_R"],"score":590,"play_id":"73e3a7f4-62f3-40b6-bfe6-697d604e00e7","local_time":"20190405181632","is_ascension_mode":true,"campfire_choices":[{"data":"Bash","floor":7,"key":"SMITH"},{"data":"Whirlwind","floor":11,"key":"SMITH"},{"data":"Limit Break","floor":15,"key":"SMITH"},{"data":"Battle Trance","floor":23,"key":"SMITH"},{"floor":32,"key":"REST"}],"neow_cost":"TEN_PERCENT_HP_LOSS","seed_source_timestamp":1032778129069465,"circlet_count":0,"master_deck":["AscendersBane","Strike_R","Strike_R","Strike_R","Strike_R","Defend_R","Defend_R","Defend_R","Defend_R","Bash+1","Shrug It Off","Thunderclap","Battle Trance+1","Cleave","Whirlwind+1","Twin Strike","Limit Break+1","Immolate","Shrug It Off","Pommel Strike+1","Shrug It Off","Decay","Sword Boomerang","Flame Barrier","Corruption"],"relics":["Burning Blood","Red Skull","Bag of Marbles","Ancient Tea Set","Dream Catcher","Vajra","Runic Dome","Boot","Darkstone Periapt","Centennial Puzzle","Happy Flower"],"potions_floor_usage":[6,24,24,30,33,33],"damage_taken":[{"damage":4,"enemies":"Jaw Worm","floor":1,"turns":5},{"damage":6,"enemies":"2 Louse","floor":3,"turns":3},{"damage":45,"enemies":"3 Sentries","floor":6,"turns":9},{"damage":0,"enemies":"Cultist","floor":10,"turns":1},{"damage":0,"enemies":"3 Louse","floor":13,"turns":1},{"damage":22,"enemies":"Lagavulin","floor":14,"turns":6},{"damage":26,"enemies":"The Guardian","floor":16,"turns":6},{"damage":23,"enemies":"2 Thieves","floor":18,"turns":3},{"damage":24,"enemies":"Shell Parasite","floor":19,"turns":3},{"damage":6,"enemies":"Centurion and Healer","floor":20,"turns":2},{"damage":8,"enemies":"Book of Stabbing","floor":24,"turns":3},{"damage":0,"enemies":"Chosen and Byrds","floor":27,"turns":2},{"damage":0,"enemies":"Snecko","floor":29,"turns":2},{"damage":14,"enemies":"Slavers","floor":30,"turns":3},{"damage":0,"enemies":"Shelled Parasite and Fungi","floor":31,"turns":1},{"damage":83,"enemies":"Automaton","floor":33,"turns":8}],"seed_played":"-3638124942220949453","potions_obtained":[{"floor":3,"key":"Poison Potion"},{"floor":10,"key":"Ancient Potion"},{"floor":12,"key":"LiquidBronze"},{"floor":13,"key":"Dexterity Potion"},{"floor":20,"key":"Block Potion"},{"floor":27,"key":"SpeedPotion"},{"floor":30,"key":"GamblersBrew"}],"is_trial":false,"path_per_floor":["M","?","M","?","$","E","R","T","T","M","R","?","M","E","R","B",null,"M","M","M","$","?","R","E","?","T","M","$","M","E","M","R","B"],"character_chosen":"IRONCLAD","items_purchased":["Red Skull","Battle Trance","Bag of Marbles","Regen Potion"],"campfire_rested":1,"item_purchase_floors":[5,5,5,28],"current_hp_per_floor":[68,68,68,73,73,34,34,34,34,40,40,40,46,30,30,10,57,40,22,22,22,22,22,20,26,26,32,32,38,39,45,68,0],"gold":82,"neow_bonus":"TWO_FIFTY_GOLD","is_prod":false,"is_daily":false,"chose_seed":false,"campfire_upgraded":4,"win_rate":0,"timestamp":1554498992,"path_taken":["M","?","M","?","$","E","R","?","T","M","R","?","?","E","R","BOSS","M","M","M","$","?","R","E","?","T","M","?","M","E","M","R","BOSS"],"build_version":"2019-01-23","purchased_purges":2,"victory":false,"max_hp_per_floor":[68,68,68,73,73,73,73,73,73,73,73,73,73,73,73,73,73,73,73,73,73,73,73,73,79,79,79,79,79,79,79,79,79],"card_choices":[{"not_picked":["Rupture","Flex"],"picked":"Shrug It Off","floor":1},{"not_picked":["Blood for Blood","Shrug It Off"],"picked":"Thunderclap","floor":3},{"not_picked":["Body Slam","Sword Boomerang"],"picked":"Cleave","floor":6},{"not_picked":["Evolve","Rupture"],"picked":"Whirlwind","floor":10},{"not_picked":["Flex","Anger"],"picked":"Twin Strike","floor":13},{"not_picked":["Heavy Blade","Sentinel"],"picked":"Limit Break","floor":14},{"not_picked":["Limit Break","Barricade"],"picked":"Immolate","floor":16},{"not_picked":["Rage","Iron Wave"],"picked":"Shrug It Off","floor":18},{"not_picked":["Iron Wave","Heavy Blade"],"picked":"Pommel Strike+1","floor":19},{"not_picked":["Twin Strike","Sentinel"],"picked":"Shrug It Off","floor":20},{"not_picked":["Havoc","Anger","Perfected Strike"],"picked":"SKIP","floor":24},{"not_picked":["Warcry","Rampage","Sever Soul"],"picked":"SKIP","floor":27},{"not_picked":["Uppercut","Warcry"],"picked":"Sword Boomerang","floor":29},{"not_picked":["Wild Strike+1","Burning Pact","Intimidate"],"picked":"SKIP","floor":30},{"not_picked":["Uppercut+1","Shockwave"],"picked":"Flame Barrier","floor":31},{"not_picked":["Feel No Pain","Juggernaut"],"picked":"Corruption","floor":32}],"player_experience":2012334,"relics_obtained":[{"floor":6,"key":"Ancient Tea Set"},{"floor":9,"key":"Dream Catcher"},{"floor":14,"key":"Vajra"},{"floor":24,"key":"Darkstone Periapt"},{"floor":26,"key":"Centennial Puzzle"},{"floor":30,"key":"Happy Flower"}],"event_choices":[{"damage_healed":0,"gold_gain":150,"player_choice":"AGREE","damage_taken":0,"max_hp_gain":0,"max_hp_loss":0,"event_name":"Liars Game","floor":2,"gold_loss":0,"cards_obtained":["Doubt"]},{"damage_healed":0,"gold_gain":0,"player_choice":"Donut","damage_taken":0,"max_hp_gain":5,"max_hp_loss":0,"event_name":"Big Fish","floor":4,"gold_loss":0},{"damage_healed":0,"gold_gain":0,"player_choice":"Bought 1 Potion","damage_taken":0,"max_hp_gain":0,"max_hp_loss":0,"event_name":"The Woman in Blue","floor":12,"gold_loss":0},{"damage_healed":0,"gold_gain":0,"player_choice":"Obtained Relic","damage_taken":0,"relics_obtained":["Boot"],"max_hp_gain":0,"max_hp_loss":0,"event_name":"Addict","floor":22,"gold_loss":85},{"damage_healed":0,"gold_gain":0,"player_choice":"Smashed Altar","damage_taken":0,"max_hp_gain":0,"max_hp_loss":0,"event_name":"Forgotten Altar","floor":25,"gold_loss":0,"cards_obtained":["Decay"]}],"is_beta":false,"boss_relics":[{"not_picked":["Runic Cube","White Beast Statue"],"picked":"Runic Dome"}],"items_purged_floors":[5,21],"is_endless":false,"potions_floor_spawned":[3,10,13,16,19,20,27,30],"killed_by":"Automaton","ascension_level":20}