{"gold_per_floor":[110,120,138,156,29,61,61,88,88,88,122,47,77,21,21,96,96,115,131,143,10,30,30,44,79,106,134,134,169,24,24,24,103,103,123,94,106,106,6,35,35,52,105,105,140,240,240,36,36,36],"floor_reached":50,"playtime":1995,"items_purged":["Strike_G","Strike_G","Strike_G"],"score":1318,"play_id":"d16f3eb9-c485-40ef-9aa0-6d14319f0d1f","local_time":"20190424204132","is_ascension_mode":true,"campfire_choices":[{"floor":7.0,"key":"REST"},{"floor":10.0,"key":"REST"},{"data":"Noxious Fumes","floor":15.0,"key":"SMITH"},{"floor":23.0,"key":"REST"},{"floor":28.0,"key":"REST"},{"floor":32.0,"key":"REST"},{"floor":41,"key":"REST"},{"floor":44,"key":"RECALL"},{"floor":47,"key":"DIG"},{"floor":49,"key":"DIG"}],"neow_cost":"NONE","seed_source_timestamp":854662613522287,"circlet_count":0,"master_deck":["AscendersBane","Defend_G","Defend_G","Defend_G","Defend_G","Defend_G","Strike_G+1","Strike_G+1","Survivor","Neutralize","Dash","All Out Attack","Dagger Throw","Noxious Fumes+1","Deadly Poison","Die Die Die","Deflect","Malaise","Backflip","Cloak And Dagger","Cloak And Dagger","Blur","Well Laid Plans","Footwork","Adrenaline","Dodge and Roll","Backflip","Adrenaline","Footwork"],"special_seed":0,"relics":["Ring of the Snake","Anchor","Snake Skull","Mercury Hourglass","Gremlin Horn","Orichalcum","Whetstone","Fusion Hammer","Vajra","Boot","Bottled Tornado","Juzu Bracelet","Shovel","Centennial Puzzle","Tingsha","Prayer Wheel","Pen Nib","Blue Candle"],"potions_floor_usage":[45,50,50],"damage_taken":[{"damage":1.0,"enemies":"Cultist","floor":1.0,"turns":5.0},{"damage":0.0,"enemies":"Jaw Worm","floor":2.0,"turns":3.0},{"damage":0.0,"enemies":"Small Slimes","floor":3.0,"turns":2.0},{"damage":5.0,"enemies":"Exordium Thugs","floor":4.0,"turns":4.0},{"damage":24.0,"enemies":"3 Sentries","floor":6.0,"turns":7.0},{"damage":12.0,"enemies":"Lagavulin","floor":8.0,"turns":5.0},{"damage":16.0,"enemies":"Gremlin Nob","floor":11.0,"turns":4.0},{"damage":0.0,"enemies":"3 Sentries","floor":13.0,"turns":5.0},{"damage":19.0,"enemies":"The Guardian","floor":16.0,"turns":9.0},{"damage":0.0,"enemies":"3 Byrds","floor":18.0,"turns":4.0},{"damage":16.0,"enemies":"Spheric Guardian","floor":19.0,"turns":4.0},{"damage":19.0,"enemies":"Snecko","floor":20.0,"turns":6.0},{"damage":0.0,"enemies":"Centurion and Healer","floor":22.0,"turns":6.0},{"damage":21.0,"enemies":"Shelled Parasite and Fungi","floor":24.0,"turns":5.0},{"damage":0.0,"enemies":"Gremlin Leader","floor":25.0,"turns":5.0},{"damage":9.0,"enemies":"Book of Stabbing","floor":27.0,"turns":6.0},{"damage":0.0,"enemies":"Gremlin Leader","floor":29.0,"turns":5.0},{"damage":25.0,"enemies":"Automaton","floor":33.0,"turns":10.0},{"damage":16.0,"enemies":"3 Darklings","floor":35.0,"turns":4.0},{"damage":1,"enemies":"3 Shapes","floor":37,"turns":4},{"damage":11,"enemies":"Nemesis","floor":40,"turns":9},{"damage":10,"enemies":"Spire Growth","floor":42,"turns":8},{"damage":1,"enemies":"Reptomancer","floor":45,"turns":8},{"damage":1,"enemies":"Mind Bloom Boss Battle","floor":46,"turns":8},{"damage":42,"enemies":"Awakened One","floor":50,"turns":16}],"seed_played":"-3380344464268591155","potions_obtained":[{"floor":1.0,"key":"Energy Potion"},{"floor":6.0,"key":"Ancient Potion"},{"floor":13.0,"key":"EntropicBrew"},{"floor":27.0,"key":"Regen Potion"},{"floor":33.0,"key":"SpeedPotion"},{"floor":45,"key":"Block Potion"}],"is_trial":false,"path_per_floor":["M","M","M","M","$","E","R","E","T","R","E","$","E","$","R","B",null,"M","M","M","?","M","R","M","E","T","E","R","E","$","?","R","B",null,"M","$","M","?","$","E","R","M","T","R","E","?","R","$","R","B"],"character_chosen":"THE_SILENT","items_purchased":["Noxious Fumes","Deadly Poison","Fire Potion","Well Laid Plans","Strength Potion","Dodge and Roll","Footwork"],"campfire_rested":6,"item_purchase_floors":[5,5,14,30,30,36,48],"current_hp_per_floor":[58,58,58,53,53,29,48,36,36,55,39,39,39,39,39,20,55,55,39,20,20,20,39,18,18,18,9,28,42,42,42,61,36,59,43,43,42,42,42,31,50,40,40,40,39,38,38,38,38,0],"gold":36,"neow_bonus":"RANDOM_COMMON_RELIC","is_prod":false,"is_daily":false,"chose_seed":false,"campfire_upgraded":1,"win_rate":0,"timestamp":1556149292,"path_taken":["M","?","M","M","$","E","R","E","T","R","E","$","E","?","R","BOSS","M","M","M","?","?","R","M","E","T","E","R","E","?","?","R","BOSS","M","$","M","?","?","E","R","M","T","R","E","?","R","$","R","BOSS"],"build_version":"2019-01-23","purchased_purges":3,"victory":false,"max_hp_per_floor":[66,66,66,66,66,66,66,66,66,66,66,66,66,66,66,66,66,66,66,66,66,66,66,66,66,66,66,66,66,66,66,66,66,66,66,66,66,66,66,66,66,66,66,66,66,66,66,66,66,66],"card_choices":[{"not_picked":["Slice","Dodge and Roll"],"picked":"Dash","floor":1.0},{"not_picked":["Acrobatics","Backflip"],"picked":"All Out Attack","floor":2.0},{"not_picked":["Predator","PiercingWail"],"picked":"Dagger Throw","floor":3.0},{"not_picked":["Bane","Sucker Punch","Venomology"],"picked":"SKIP","floor":4.0},{"not_picked":["Escape Plan","Caltrops"],"picked":"Die Die Die","floor":6.0},{"not_picked":["Blur","Caltrops"],"picked":"Deflect","floor":8.0},{"not_picked":["Deflect","Flying Knee","Unload"],"picked":"SKIP","floor":11.0},{"not_picked":["Dagger Spray","Outmaneuver","All Out Attack"],"picked":"SKIP","floor":13.0},{"not_picked":["Venomology","Night Terror"],"picked":"Malaise","floor":16.0},{"not_picked":["Prepared","Acrobatics"],"picked":"Backflip","floor":18.0},{"not_picked":["Reflex+1","Sucker Punch"],"picked":"Cloak And Dagger","floor":19.0},{"not_picked":["Concentrate","Acrobatics"],"picked":"Cloak And Dagger","floor":20.0},{"not_picked":["Choke","Expertise","Quick Slash"],"picked":"SKIP","floor":22.0},{"not_picked":["Outmaneuver","Infinite Blades","Deadly Poison"],"picked":"SKIP","floor":24.0},{"not_picked":["Dagger Throw","Unload"],"picked":"Blur","floor":25.0},{"not_picked":["Tools of the Trade","Blade Dance","Cloak And Dagger"],"picked":"SKIP","floor":27.0},{"not_picked":["Outmaneuver","Deflect","Sucker Punch"],"picked":"SKIP","floor":29.0},{"not_picked":["Unload","Venomology"],"picked":"Adrenaline","floor":33.0},{"not_picked":["Setup","Calculated Gamble","Masterful Stab"],"picked":"SKIP","floor":35.0},{"not_picked":["Finisher","Dash","Acrobatics"],"picked":"SKIP","floor":37},{"not_picked":["Poisoned Stab","Deadly Poison+1"],"picked":"Backflip","floor":40},{"not_picked":["Accuracy","Blade Dance","Quick Slash"],"picked":"SKIP","floor":42},{"not_picked":["Slice","Skewer"],"picked":"Adrenaline","floor":45}],"player_experience":2168114,"relics_obtained":[{"floor":6.0,"key":"Snake Skull"},{"floor":8.0,"key":"Mercury Hourglass"},{"floor":9.0,"key":"Gremlin Horn"},{"floor":11.0,"key":"Orichalcum"},{"floor":13.0,"key":"Whetstone"},{"floor":25.0,"key":"Boot"},{"floor":27.0,"key":"Bottled Tornado"},{"floor":29.0,"key":"Juzu Bracelet"},{"floor":40,"key":"Shovel"},{"floor":43,"key":"Centennial Puzzle"},{"floor":45,"key":"Tingsha"},{"floor":46,"key":"Prayer Wheel"},{"floor":47,"key":"Pen Nib"},{"floor":49,"key":"Blue Candle"}],"event_choices":[{"damage_healed":0.0,"max_hp_gain":0.0,"max_hp_loss":0.0,"gold_gain":0.0,"event_name":"WeMeetAgain","player_choice":"Paid Gold","floor":21.0,"gold_loss":133.0,"damage_taken":0.0,"relics_obtained":["Vajra"]},{"damage_healed":0.0,"max_hp_gain":0.0,"max_hp_loss":0.0,"gold_gain":0.0,"event_name":"The Library","player_choice":"Read","floor":31.0,"gold_loss":0.0,"damage_taken":0.0,"cards_obtained":["Footwork"]},{"damage_healed":0,"gold_gain":0,"player_choice":"0 cards matched","damage_taken":0,"max_hp_gain":0,"max_hp_loss":0,"event_name":"Match and Keep!","floor":38,"gold_loss":0,"cards_obtained":[]},{"damage_healed":0,"gold_gain":0,"player_choice":"Fight","damage_taken":0,"max_hp_gain":0,"max_hp_loss":0,"event_name":"MindBloom","floor":46,"gold_loss":0}],"is_beta":false,"boss_relics":[{"not_picked":["Empty Cage","Snecko Eye"],"picked":"Fusion Hammer"},{"not_picked":["Runic Dome","Velvet Choker","Calling Bell"]}],"items_purged_floors":[12,39,48],"is_endless":false,"potions_floor_spawned":[1,6,13,16,19,20,27,33,42,45,46],"killed_by":"Awakened One","ascension_level":20}