{"gold_per_floor":[114,134,134,151,2,2,13,44,44,44,219,248,261,274,274,378,378,389,389,389,407,160,160,195,195,195,230,244,119,119,134,134,236,236,249,249,264,276,293,293,311,311],"floor_reached":42,"playtime":6119,"items_purged":["Bash","Defend_R","Doubt"],"score":495,"play_id":"8505b66d-657c-4f8a-b880-f17568c74bc5","local_time":"20190107223011","is_ascension_mode":true,"campfire_choices":[{"floor":6.0,"key":"RECALL"},{"data":"Immolate","floor":10.0,"key":"SMITH"},{"floor":15.0,"key":"REST"},{"floor":23,"key":"REST"},{"floor":25,"key":"REST"},{"floor":30,"key":"REST"},{"data":"Double Tap","floor":32,"key":"SMITH"},{"floor":40,"key":"REST"}],"neow_cost":"TEN_PERCENT_HP_LOSS","seed_source_timestamp":0,"circlet_count":0,"master_deck":["Strike_R","Strike_R","Strike_R","Defend_R+1","Defend_R","Defend_R+1","Bash","Body Slam","Immolate+1","Reckless Charge","Ghostly Armor","Madness","Brutality","Body Slam","Rupture","Combust","Shrug It Off","Flame Barrier","Double Tap+1","Reckless Charge","Anger+1","Sword Boomerang+1","Warcry+1","Rupture","Juggernaut","Twin Strike+1","Headbutt+1","Rage+1","Parasite","Battle Trance","Twin Strike+1"],"special_seed":0,"relics":["Burning Blood","Blood Vial","Runic Cube","Enchiridion","Nloth\u0027s Gift","War Paint","Happy Flower","Red Skull","Centennial Puzzle","White Beast Statue"],"potions_floor_usage":[28,28,33,33,39,42],"damage_taken":[{"damage":0.0,"enemies":"2 Louse","floor":1.0,"turns":1.0},{"damage":0.0,"enemies":"Cultist","floor":2.0,"turns":3.0},{"damage":3.0,"enemies":"Small Slimes","floor":4.0,"turns":4.0},{"damage":8.0,"enemies":"Looter","floor":7.0,"turns":3.0},{"damage":9.0,"enemies":"Lagavulin","floor":8.0,"turns":6.0},{"damage":32.0,"enemies":"Gremlin Nob","floor":12.0,"turns":4.0},{"damage":8.0,"enemies":"Blue Slaver","floor":13.0,"turns":4.0},{"damage":11.0,"enemies":"Red Slaver","floor":14.0,"turns":3.0},{"damage":33.0,"enemies":"Slime Boss","floor":16.0,"turns":8.0},{"damage":22,"enemies":"2 Thieves","floor":18,"turns":4},{"damage":6,"enemies":"3 Byrds","floor":21,"turns":2},{"damage":31,"enemies":"Slavers","floor":24,"turns":3},{"damage":24,"enemies":"Book of Stabbing","floor":27,"turns":5},{"damage":9,"enemies":"Snake Plant","floor":28,"turns":4},{"damage":19,"enemies":"Chosen and Byrds","floor":31,"turns":5},{"damage":38,"enemies":"Collector","floor":33,"turns":6},{"damage":33,"enemies":"3 Darklings","floor":35,"turns":6},{"damage":5,"enemies":"3 Shapes","floor":37,"turns":4},{"damage":11,"enemies":"Sphere and 2 Shapes","floor":38,"turns":3},{"damage":46,"enemies":"Writhing Mass","floor":39,"turns":4},{"damage":21,"enemies":"Jaw Worm Horde","floor":41,"turns":3},{"damage":33,"enemies":"Giant Head","floor":42,"turns":5}],"seed_played":"-1283203871651561459","potions_obtained":[{"floor":2.0,"key":"Weak Potion"},{"floor":4.0,"key":"AttackPotion"},{"floor":7.0,"key":"Regen Potion"},{"floor":13.0,"key":"GamblersBrew"},{"floor":16.0,"key":"GamblersBrew"},{"floor":28,"key":"Swift Potion"},{"floor":35,"key":"FearPotion"},{"floor":37,"key":"SpeedPotion"},{"floor":38,"key":"SneckoOil"},{"floor":39,"key":"Ancient Potion"},{"floor":41,"key":"GamblersBrew"}],"is_trial":false,"path_per_floor":["M","M","?","M","$","R","M","E","T","R","?","E","M","M","R","B",null,"M","?","?","M","$","R","E","R","T","E","M","$","R","M","R","B",null,"M","?","M","M","M","R","M","E"],"character_chosen":"IRONCLAD","items_purchased":["Rupture","War Paint"],"campfire_rested":5,"item_purchase_floors":[5,22],"current_hp_per_floor":[72,72,72,72,72,72,70,67,67,67,67,43,43,40,61,51,72,56,40,40,42,42,63,40,61,61,45,44,44,65,54,54,24,72,45,45,48,45,7,28,15,0],"gold":311,"neow_bonus":"TRANSFORM_TWO_CARDS","is_prod":false,"is_daily":false,"chose_seed":false,"campfire_upgraded":2,"win_rate":0,"timestamp":1546918211,"path_taken":["M","M","?","M","?","R","M","E","T","R","?","E","M","M","R","BOSS","M","?","?","M","$","R","E","R","T","E","M","$","R","M","R","BOSS","M","?","M","?","M","R","?","E"],"build_version":"2019-01-03v4","purchased_purges":3,"victory":false,"max_hp_per_floor":[72,72,72,72,72,72,72,72,72,72,72,72,72,72,72,72,72,72,72,72,72,72,72,72,72,72,72,72,72,72,72,72,72,72,72,72,72,72,72,72,72,72],"card_choices":[{"not_picked":["Cleave","Heavy Blade"],"picked":"Reckless Charge","floor":1.0},{"not_picked":["Flame Barrier","Second Wind"],"picked":"Ghostly Armor","floor":2.0},{"not_picked":["Iron Wave","Pummel"],"picked":"Body Slam","floor":4.0},{"not_picked":["Flex","Headbutt","Inflame"],"picked":"SKIP","floor":7.0},{"not_picked":["Pummel","Clothesline"],"picked":"Combust","floor":8.0},{"not_picked":["Clothesline","Iron Wave"],"picked":"Shrug It Off","floor":12.0},{"not_picked":["Headbutt","Flex"],"picked":"Flame Barrier","floor":13.0},{"not_picked":["Whirlwind","Flex","Clash"],"picked":"SKIP","floor":14.0},{"not_picked":["Barricade","Impervious"],"picked":"Double Tap","floor":16.0},{"not_picked":["Pummel","Pommel Strike"],"picked":"Reckless Charge","floor":18},{"not_picked":["Second Wind","Seeing Red"],"picked":"Anger+1","floor":21},{"not_picked":["Offering","Evolve+1","Anger"],"picked":"SKIP","floor":24},{"not_picked":["Iron Wave","Body Slam+1"],"picked":"Sword Boomerang+1","floor":27},{"not_picked":["Body Slam+1","Heavy Blade"],"picked":"Warcry+1","floor":28},{"not_picked":["Blood for Blood","Immolate"],"picked":"Rupture","floor":31},{"not_picked":["Feed","Bludgeon"],"picked":"Juggernaut","floor":33},{"not_picked":["Cleave+1","Offering"],"picked":"Twin Strike+1","floor":35},{"not_picked":["Perfected Strike","Clothesline"],"picked":"Headbutt+1","floor":37},{"not_picked":["Feel No Pain","Whirlwind"],"picked":"Rage+1","floor":38},{"not_picked":["Cleave","Clothesline+1"],"picked":"Battle Trance","floor":39},{"not_picked":["Anger+1","Armaments+1"],"picked":"Twin Strike+1","floor":41}],"player_experience":123136,"relics_obtained":[{"floor":8.0,"key":"Blood Vial"},{"floor":12.0,"key":"Gremlin Horn"},{"floor":19,"key":"Enchiridion"},{"floor":24,"key":"Happy Flower"},{"floor":26,"key":"Red Skull"},{"floor":27,"key":"Centennial Puzzle"}],"event_choices":[{"damage_healed":0.0,"max_hp_gain":0.0,"max_hp_loss":0.0,"gold_gain":0.0,"event_name":"Match and Keep!","player_choice":"3 cards matched","floor":3.0,"gold_loss":0.0,"damage_taken":0.0,"cards_obtained":["Bash","Madness","Brutality"]},{"damage_healed":0.0,"max_hp_gain":0.0,"max_hp_loss":0.0,"gold_gain":0.0,"event_name":"Match and Keep!","player_choice":"3 cards matched","floor":3.0,"gold_loss":0.0,"damage_taken":0.0,"cards_obtained":["Bash","Madness","Brutality"]},{"damage_healed":0.0,"max_hp_gain":0.0,"max_hp_loss":0.0,"gold_gain":175.0,"event_name":"Liars Game","player_choice":"AGREE","floor":11.0,"gold_loss":0.0,"damage_taken":0.0,"cards_obtained":["Doubt"]},{"damage_healed":0,"gold_gain":0,"player_choice":"Obtained Book","damage_taken":16,"max_hp_gain":0,"max_hp_loss":0,"event_name":"Cursed Tome","floor":19,"gold_loss":0},{"damage_healed":0,"gold_gain":0,"player_choice":"Traded Relic","damage_taken":0,"relics_obtained":["Nloth\u0027s Gift"],"max_hp_gain":0,"max_hp_loss":0,"event_name":"N\u0027loth","floor":20,"relics_lost":["Gremlin Horn"],"gold_loss":0},{"damage_healed":0,"gold_gain":0,"player_choice":"Ignored","damage_taken":0,"max_hp_gain":0,"max_hp_loss":0,"event_name":"SecretPortal","floor":36,"gold_loss":0}],"is_beta":false,"boss_relics":[{"not_picked":["Busted Crown","Fusion Hammer"],"picked":"Runic Cube"},{"not_picked":["Black Star","Calling Bell"],"picked":"White Beast Statue"}],"items_purged_floors":[5,22,29],"is_endless":false,"potions_floor_spawned":[2,4,7,13,16,24,28,35,37,38,39,41],"killed_by":"Giant Head","ascension_level":2}