{"gold_per_floor":[118,133,4,18,30,30,60,60,135,135,147,161,171,78,78,78],"floor_reached":16,"playtime":2015,"items_purged":["Strike_G"],"score":208,"play_id":"d0d497ea-f6e2-4565-b7fc-0f88c2e71ad6","local_time":"20190505000648","is_ascension_mode":true,"campfire_choices":[{"data":"Skewer","floor":6.0,"key":"SMITH"},{"floor":8.0,"key":"REST"},{"data":"Well Laid Plans","floor":10.0,"key":"SMITH"},{"data":"Cloak And Dagger","floor":15.0,"key":"SMITH"}],"neow_cost":"NONE","seed_source_timestamp":46531074201700,"circlet_count":0,"master_deck":["AscendersBane","Defend_G","Defend_G","Defend_G","Defend_G","Defend_G","Strike_G","Strike_G","Strike_G","Strike_G","Survivor","Neutralize","After Image","Poisoned Stab","Skewer+1","Deadly Poison","Outmaneuver","Well Laid Plans+1","Dagger Spray","Cloak And Dagger+1","PiercingWail","Leg Sweep"],"special_seed":0,"relics":["Ring of the Snake","Nunchaku","Meat on the Bone"],"potions_floor_usage":[16,16],"damage_taken":[{"damage":3.0,"enemies":"Small Slimes","floor":1.0,"turns":5.0},{"damage":0.0,"enemies":"Cultist","floor":2.0,"turns":4.0},{"damage":0.0,"enemies":"2 Louse","floor":4.0,"turns":3.0},{"damage":10.0,"enemies":"Gremlin Gang","floor":5.0,"turns":5.0},{"damage":36.0,"enemies":"Gremlin Nob","floor":7.0,"turns":4.0},{"damage":1.0,"enemies":"Large Slime","floor":11.0,"turns":7.0},{"damage":2.0,"enemies":"Blue Slaver","floor":12.0,"turns":4.0},{"damage":0.0,"enemies":"Looter","floor":13.0,"turns":2.0},{"damage":44,"enemies":"Slime Boss","floor":16,"turns":12}],"seed_played":"2758725269027734055","potions_obtained":[{"floor":4.0,"key":"PowerPotion"},{"floor":7.0,"key":"SkillPotion"},{"floor":12.0,"key":"LiquidBronze"}],"is_trial":false,"path_per_floor":["M","M","$","M","M","R","E","R","T","R","M","M","M","$","R","B"],"character_chosen":"THE_SILENT","items_purchased":["Fire Potion","Leg Sweep","PowerPotion"],"campfire_rested":1,"item_purchase_floors":[3,14,14],"current_hp_per_floor":[56,56,56,56,46,46,10,29,29,29,40,38,38,38,38,0],"gold":78,"neow_bonus":"ONE_RANDOM_RARE_CARD","is_prod":false,"is_daily":false,"chose_seed":false,"campfire_upgraded":3,"win_rate":0,"timestamp":1557040008,"path_taken":["M","M","$","M","M","R","E","R","T","R","M","M","M","$","R","BOSS"],"build_version":"2019-01-23","purchased_purges":1,"victory":false,"max_hp_per_floor":[66,66,66,66,66,66,66,66,66,66,66,66,66,66,66,66],"card_choices":[{"not_picked":["Quick Slash","Calculated Gamble"],"picked":"Poisoned Stab","floor":1.0},{"not_picked":["Outmaneuver","PiercingWail"],"picked":"Skewer","floor":2.0},{"not_picked":["Flying Knee","Blade Dance"],"picked":"Deadly Poison","floor":4.0},{"not_picked":["PiercingWail","Finisher"],"picked":"Outmaneuver","floor":5.0},{"not_picked":["Setup","Quick Slash"],"picked":"Well Laid Plans","floor":7.0},{"not_picked":["Prepared","Unload"],"picked":"Dagger Spray","floor":11.0},{"not_picked":["Poisoned Stab","Dodge and Roll"],"picked":"Cloak And Dagger","floor":12.0},{"not_picked":["Deadly Poison","Quick Slash"],"picked":"PiercingWail","floor":13.0}],"player_experience":1151352,"relics_obtained":[{"floor":7.0,"key":"Nunchaku"},{"floor":9.0,"key":"Meat on the Bone"}],"event_choices":[],"is_beta":false,"boss_relics":[],"items_purged_floors":[3],"is_endless":false,"potions_floor_spawned":[4,7,12],"killed_by":"Slime Boss","ascension_level":20}