{"gold_per_floor":[16,26,40,40,59,90,109,109,109,119,153,9,9,28,28,131,131,144,44,44,44,44,44,73,73,373,391,423,434,349,361,361,361],"floor_reached":33,"playtime":3765,"items_purged":["Strike_G","Strike_G"],"score":297,"play_id":"6a22b8e3-b921-40b8-ad5b-2542aeab0725","local_time":"20180716000550","is_ascension_mode":false,"campfire_choices":[{"floor":8,"key":"REST"},{"floor":13,"key":"REST"},{"floor":15,"key":"REST"},{"floor":23,"key":"DIG"},{"floor":32,"key":"DIG"}],"neow_cost":"NO_GOLD","seed_source_timestamp":425535721706209,"circlet_count":0,"master_deck":["Defend_G","Defend_G","Defend_G","Defend_G","Defend_G","Strike_G","Strike_G","Strike_G","Survivor","Neutralize","Adrenaline","Crippling Poison","Outmaneuver","Tools of the Trade","Noxious Fumes","All Out Attack","PiercingWail","Expertise","PiercingWail","Malaise","PiercingWail","After Image+1","Slice","Crippling Poison","Terror","Tools of the Trade","All Out Attack","Endless Agony","Slice"],"relics":["Ring of the Snake","Letter Opener","Shovel","Incense Burner","Black Star","Du-Vu Doll","Meat on the Bone","Gremlin Horn","Old Coin","Ancient Tea Set","Anchor","Prayer Wheel","Blood Vial"],"potions_floor_usage":[6,6,11,16,24,24,33,33],"damage_taken":[{"damage":0,"enemies":"Jaw Worm","floor":1,"turns":4},{"damage":0,"enemies":"2 Louse","floor":2,"turns":2},{"damage":0,"enemies":"Small Slimes","floor":3,"turns":4},{"damage":6,"enemies":"Red Slaver","floor":5,"turns":6},{"damage":29,"enemies":"Lagavulin","floor":6,"turns":9},{"damage":11,"enemies":"Looter","floor":7,"turns":4},{"damage":4,"enemies":"3 Louse","floor":10,"turns":3},{"damage":37,"enemies":"Gremlin Nob","floor":11,"turns":6},{"damage":6,"enemies":"Blue Slaver","floor":14,"turns":5},{"damage":30,"enemies":"The Guardian","floor":16,"turns":13},{"damage":9,"enemies":"3 Byrds","floor":18,"turns":4},{"damage":7,"enemies":"Gremlin Leader","floor":24,"turns":9},{"damage":9,"enemies":"Spheric Guardian","floor":27,"turns":5},{"damage":26,"enemies":"Book of Stabbing","floor":28,"turns":8},{"damage":8,"enemies":"Snake Plant","floor":29,"turns":6},{"damage":7,"enemies":"Cultist and Chosen","floor":31,"turns":6},{"damage":57,"enemies":"Champ","floor":33,"turns":17}],"seed_played":"5852236572059054499","potions_obtained":[{"floor":2,"key":"Strength Potion"},{"floor":3,"key":"Block Potion"},{"floor":7,"key":"Dexterity Potion"},{"floor":14,"key":"Fire Potion"},{"floor":16,"key":"Strength Potion"},{"floor":18,"key":"SkillPotion"},{"floor":29,"key":"SpeedPotion"},{"floor":31,"key":"LiquidBronze"}],"is_trial":false,"path_per_floor":["M","M","M","?","M","E","M","R","T","M","E","$","R","M","R","B",null,"M","$","?","?","?","R","E","?","T","M","E","M","?","M","R"],"character_chosen":"THE_SILENT","items_purchased":["Malaise"],"campfire_rested":3,"item_purchase_floors":[12],"current_hp_per_floor":[70,70,70,70,64,35,24,45,45,41,4,4,25,19,40,10,70,61,61,61,61,48,48,41,41,41,44,30,34,34,39,39,0],"gold":361,"neow_bonus":"THREE_RARE_CARDS","is_prod":false,"is_daily":false,"chose_seed":false,"campfire_upgraded":0,"win_rate":0.0,"timestamp":1531717550,"path_taken":["M","M","M","?","M","E","?","R","T","M","E","$","R","M","R","BOSS","M","$","?","?","?","R","E","?","T","M","E","?","?","M","R","BOSS"],"build_version":"2018-07-12","purchased_purges":2,"victory":false,"max_hp_per_floor":[70,70,70,70,70,70,70,70,70,70,70,70,70,70,70,70,70,70,70,70,70,75,75,75,75,75,75,75,75,75,75,75,75],"card_choices":[{"not_picked":["Wraith Form v2","Envenom"],"picked":"Adrenaline","floor":0},{"not_picked":["Dodge and Roll","Leg Sweep"],"picked":"Crippling Poison","floor":1},{"not_picked":["Bane","Slice"],"picked":"Outmaneuver","floor":2},{"not_picked":["Acrobatics","Flying Knee"],"picked":"Tools of the Trade","floor":3},{"not_picked":["Finisher","Underhanded Strike"],"picked":"Noxious Fumes","floor":5},{"not_picked":["Dagger Throw","Deadly Poison"],"picked":"All Out Attack","floor":6},{"not_picked":["Dodge and Roll","Backflip"],"picked":"PiercingWail","floor":7},{"not_picked":["Dodge and Roll","Quick Slash"],"picked":"Expertise","floor":10},{"not_picked":["Leg Sweep","Envenom"],"picked":"PiercingWail","floor":11},{"not_picked":["Flechettes","Distraction"],"picked":"PiercingWail","floor":14},{"not_picked":["Doppelganger","Tools of the Trade"],"picked":"After Image","floor":16},{"not_picked":["Sucker Punch","Dodge and Roll"],"picked":"Slice","floor":18},{"not_picked":["Reflex","Burst"],"picked":"Crippling Poison","floor":24},{"not_picked":["Calculated Gamble","Flechettes"],"picked":"Terror","floor":27},{"not_picked":["Dodge and Roll+1","Poisoned Stab"],"picked":"Tools of the Trade","floor":28},{"not_picked":["Choke","Bane"],"picked":"All Out Attack","floor":29},{"not_picked":["Masterful Stab+1","Predator"],"picked":"Endless Agony","floor":31},{"not_picked":["Dodge and Roll","Calculated Gamble"],"picked":"Slice","floor":31}],"player_experience":55154,"relics_obtained":[{"floor":6,"key":"Letter Opener"},{"floor":9,"key":"Shovel"},{"floor":11,"key":"Incense Burner"},{"floor":23,"key":"Du-Vu Doll"},{"floor":24,"key":"Meat on the Bone"},{"floor":24,"key":"Gremlin Horn"},{"floor":26,"key":"Old Coin"},{"floor":28,"key":"Ancient Tea Set"},{"floor":28,"key":"Anchor"},{"floor":32,"key":"Blood Vial"}],"event_choices":[{"event_name":"Liars Game","player_choice":"disagreed","floor":4,"damage_taken":0},{"event_name":"Beggar","player_choice":"Ignored","floor":20,"damage_taken":0},{"event_name":"Upgrade Shrine","player_choice":"Upgraded","floor":21,"damage_taken":0},{"event_name":"Forgotten Altar","player_choice":"Shed Blood","floor":22,"damage_taken":0},{"event_name":"Ghosts","player_choice":"Ignored","floor":25,"damage_taken":0},{"event_name":"Addict","player_choice":"Obtained Relic","floor":30,"damage_taken":0}],"boss_relics":[{"not_picked":["Philosopher\u0027s Stone","Fusion Hammer"],"picked":"Black Star"}],"items_purged_floors":[12,19],"is_endless":false,"potions_floor_spawned":[2,3,7,14,16,18,29,31],"killed_by":"Champ","ascension_level":0}