{"gold_per_floor":[362,375,375,388,63,63,93,109,109,109,172,196,196,227,227,304,304,320,320,370,370,86,121,138,138,138,168,186,214,232,243,243,243,243,260,143,68,15,15,48,48,48,48,77,88,119,130,165,165,165,165,165,165,39,70,70],"floor_reached":56,"playtime":2768,"items_purged":["Strike_G"],"score":2258,"play_id":"83e9c096-bf6e-4c83-a7ea-377108863160","local_time":"20190430201006","is_ascension_mode":true,"campfire_choices":[{"data":"Apotheosis","floor":6.0,"key":"SMITH"},{"data":"Neutralize","floor":10.0,"key":"SMITH"},{"data":"Footwork","floor":13.0,"key":"SMITH"},{"data":"Deadly Poison","floor":15.0,"key":"SMITH"},{"floor":25.0,"key":"REST"},{"floor":32.0,"key":"REST"},{"floor":41.0,"key":"REST"},{"floor":49.0,"key":"RECALL"},{"floor":53,"key":"REST"}],"neow_cost":"PERCENT_DAMAGE","seed_source_timestamp":0,"circlet_count":0,"master_deck":["AscendersBane","Defend_G","Defend_G","Defend_G","Defend_G","Defend_G","Strike_G","Strike_G","Survivor","Neutralize+1","Deadly Poison+1","Infinite Blades","Backstab","Apotheosis+1","Well Laid Plans","PiercingWail","Footwork+1","Leg Sweep+1","Die Die Die","Crippling Poison+1","Corpse Explosion+1","Deflect+1","Escape Plan+1","Cloak And Dagger+1","Deflect+1","Terror+1","Footwork","Backflip+1","Endless Agony","Deadly Poison+1","Footwork","Acrobatics+1","Caltrops","Dodge and Roll+1","After Image"],"special_seed":0,"relics":["Ring of the Snake","PreservedInsect","Odd Mushroom","Toxic Egg 2","Fusion Hammer","Mummified Hand","Bag of Marbles","Letter Opener","Darkstone Periapt","Unceasing Top","Black Star","Incense Burner","Lantern","Bottled Tornado","Molten Egg 2","Pantograph","Art of War","Omamori","Bottled Flame","The Courier","Anchor","Oddly Smooth Stone","Shuriken"],"potions_floor_usage":[56,56],"damage_taken":[{"damage":3.0,"enemies":"Small Slimes","floor":1.0,"turns":5.0},{"damage":2.0,"enemies":"Jaw Worm","floor":2.0,"turns":5.0},{"damage":0.0,"enemies":"2 Louse","floor":4.0,"turns":3.0},{"damage":1.0,"enemies":"Lagavulin","floor":7.0,"turns":6.0},{"damage":0.0,"enemies":"Looter","floor":8.0,"turns":3.0},{"damage":3.0,"enemies":"The Mushroom Lair","floor":12.0,"turns":4.0},{"damage":12.0,"enemies":"3 Sentries","floor":14.0,"turns":7.0},{"damage":2.0,"enemies":"Hexaghost","floor":16.0,"turns":10.0},{"damage":6.0,"enemies":"3 Byrds","floor":18.0,"turns":5.0},{"damage":16.0,"enemies":"Book of Stabbing","floor":23.0,"turns":6.0},{"damage":0.0,"enemies":"2 Thieves","floor":24.0,"turns":3.0},{"damage":0.0,"enemies":"Slavers","floor":27.0,"turns":1.0},{"damage":0.0,"enemies":"Centurion and Healer","floor":28.0,"turns":4.0},{"damage":10.0,"enemies":"Book of Stabbing","floor":29.0,"turns":4.0},{"damage":18.0,"enemies":"Chosen and Byrds","floor":30.0,"turns":7.0},{"damage":2.0,"enemies":"Cultist and Chosen","floor":31.0,"turns":6.0},{"damage":16.0,"enemies":"Collector","floor":33.0,"turns":10.0},{"damage":0.0,"enemies":"3 Darklings","floor":35.0,"turns":5.0},{"damage":33.0,"enemies":"Reptomancer","floor":40.0,"turns":8.0},{"damage":0.0,"enemies":"Giant Head","floor":44.0,"turns":10.0},{"damage":0.0,"enemies":"Orb Walker","floor":45.0,"turns":4.0},{"damage":0.0,"enemies":"Reptomancer","floor":46.0,"turns":6.0},{"damage":0.0,"enemies":"Transient","floor":47.0,"turns":6.0},{"damage":0.0,"enemies":"Nemesis","floor":48.0,"turns":7.0},{"damage":40.0,"enemies":"Time Eater","floor":50.0,"turns":19.0},{"damage":35,"enemies":"Awakened One","floor":51,"turns":23},{"damage":42,"enemies":"Shield and Spear","floor":55,"turns":10},{"damage":70,"enemies":"The Heart","floor":56,"turns":5}],"seed_played":"8674002687240296853","potions_obtained":[{"floor":2.0,"key":"Dexterity Potion"},{"floor":14.0,"key":"Poison Potion"},{"floor":23.0,"key":"Weak Potion"},{"floor":30.0,"key":"PowerPotion"},{"floor":31.0,"key":"PowerPotion"},{"floor":35.0,"key":"Strength Potion"}],"is_trial":false,"path_per_floor":["M","M","?","M","$","R","E","M","T","R","?","?","R","E","R","B",null,"M","?","?","?","$","E","M","R","T","E","M","E","M","M","R","B",null,"M","$","?","$","T","E","R","$","T","E","M","E","M","E","R","B","B",null,"R","$","E","B"],"character_chosen":"THE_SILENT","items_purchased":["Apotheosis","Well Laid Plans","AttackPotion","Mummified Hand","Footwork","Deadly Poison+1","Anchor"],"campfire_rested":4,"item_purchase_floors":[5,5,5,22,36,38,54],"current_hp_per_floor":[41,39,39,39,39,39,38,38,38,38,38,35,35,23,23,21,55,49,49,49,31,31,15,15,36,36,36,36,26,8,6,27,11,56,56,56,56,56,56,23,44,44,44,44,44,44,44,44,44,29,19,58,71,71,29,0],"gold":70,"neow_bonus":"TWO_FIFTY_GOLD","is_prod":false,"is_daily":false,"chose_seed":false,"campfire_upgraded":4,"win_rate":0,"timestamp":1556665806,"path_taken":["M","M","?","M","$","R","E","M","T","R","?","?","R","E","R","BOSS","M","?","?","?","$","E","M","R","T","E","M","E","M","M","R","BOSS","M","$","?","$","?","E","R","?","T","E","M","E","?","E","R","BOSS","BOSS","R","$","E","BOSS"],"build_version":"2019-01-23","purchased_purges":1,"victory":false,"max_hp_per_floor":[66,66,66,66,66,66,66,66,66,66,66,66,66,66,66,66,66,66,66,66,71,71,71,71,71,71,71,71,71,71,71,71,71,71,71,71,71,71,71,71,71,71,71,71,71,71,71,71,71,71,71,71,71,71,71,71],"card_choices":[{"not_picked":["Underhanded Strike","Choke"],"picked":"Deadly Poison","floor":1.0},{"not_picked":["Slice","Backflip"],"picked":"Infinite Blades","floor":2.0},{"not_picked":["Bane","Dagger Throw"],"picked":"Backstab","floor":4.0},{"not_picked":["Blade Dance","Venomology","Acrobatics"],"picked":"SKIP","floor":7.0},{"not_picked":["Tactician","Outmaneuver"],"picked":"PiercingWail","floor":8.0},{"not_picked":["Slice","All Out Attack"],"picked":"Footwork","floor":12.0},{"not_picked":["Acrobatics","Dagger Throw"],"picked":"Leg Sweep","floor":14.0},{"not_picked":["Glass Knife","Envenom"],"picked":"Die Die Die","floor":16.0},{"not_picked":["Poisoned Stab","Outmaneuver+1","Blade Dance+1"],"picked":"SKIP","floor":18.0},{"not_picked":["Poisoned Stab","Outmaneuver+1","Blade Dance+1"],"picked":"SKIP","floor":18.0},{"not_picked":["Cloak And Dagger+1","Outmaneuver+1"],"picked":"Corpse Explosion+1","floor":23.0},{"not_picked":["Poisoned Stab","Deadly Poison+1"],"picked":"Deflect+1","floor":24.0},{"not_picked":["Slice+1","Phantasmal Killer+1"],"picked":"Escape Plan+1","floor":27.0},{"not_picked":["Outmaneuver+1","Underhanded Strike"],"picked":"Cloak And Dagger+1","floor":28.0},{"not_picked":["Slice+1","Underhanded Strike"],"picked":"Deflect+1","floor":29.0},{"not_picked":["Reflex+1","Dagger Spray","Flying Knee"],"picked":"SKIP","floor":30.0},{"not_picked":["Reflex+1","Dagger Spray","Flying Knee"],"picked":"SKIP","floor":30.0},{"not_picked":["Poisoned Stab","Choke","Flying Knee"],"picked":"SKIP","floor":31.0},{"not_picked":["Blade Dance+1","All Out Attack"],"picked":"Terror+1","floor":35.0},{"not_picked":["Dagger Throw+1","Concentrate+1"],"picked":"Footwork","floor":40.0},{"not_picked":["Sucker Punch+1","Deadly Poison+1"],"picked":"Acrobatics+1","floor":44.0},{"not_picked":["Quick Slash+1","Poisoned Stab+1","Cloak And Dagger+1"],"picked":"SKIP","floor":45.0},{"not_picked":["Predator+1","Terror+1"],"picked":"Caltrops","floor":46.0},{"not_picked":["Riddle With Holes+1","Infinite Blades+1"],"picked":"Dodge and Roll+1","floor":47.0},{"not_picked":["Footwork+1","Quick Slash+1"],"picked":"After Image","floor":48.0},{"not_picked":["Poisoned Stab+1","Dagger Spray+1","Deadly Poison+1"],"picked":"SKIP","floor":55}],"player_experience":2239049,"relics_obtained":[{"floor":7.0,"key":"PreservedInsect"},{"floor":12.0,"key":"Odd Mushroom"},{"floor":14.0,"key":"Toxic Egg 2"},{"floor":23.0,"key":"Bag of Marbles"},{"floor":26.0,"key":"Letter Opener"},{"floor":27.0,"key":"Darkstone Periapt"},{"floor":29.0,"key":"Unceasing Top"},{"floor":39.0,"key":"Incense Burner"},{"floor":40.0,"key":"Lantern"},{"floor":40.0,"key":"Bottled Tornado"},{"floor":43.0,"key":"Molten Egg 2"},{"floor":44.0,"key":"Pantograph"},{"floor":44.0,"key":"Art of War"},{"floor":46.0,"key":"Omamori"},{"floor":46.0,"key":"Bottled Flame"},{"floor":48.0,"key":"The Courier"},{"floor":55,"key":"Oddly Smooth Stone"},{"floor":55,"key":"Shuriken"}],"event_choices":[{"damage_healed":0.0,"max_hp_gain":0.0,"max_hp_loss":0.0,"gold_gain":0.0,"event_name":"Scrap Ooze","player_choice":"Fled","floor":3.0,"gold_loss":0.0,"damage_taken":0.0},{"damage_healed":0.0,"max_hp_gain":0.0,"max_hp_loss":0.0,"gold_gain":63.0,"event_name":"Golden Wing","player_choice":"Gained Gold","floor":11.0,"gold_loss":0.0,"damage_taken":0.0},{"damage_healed":0.0,"max_hp_gain":0.0,"max_hp_loss":0.0,"gold_gain":0.0,"event_name":"Mushrooms","player_choice":"Fought Mushrooms","floor":12.0,"gold_loss":0.0,"damage_taken":0.0},{"damage_healed":0.0,"max_hp_gain":0.0,"max_hp_loss":0.0,"gold_gain":0.0,"event_name":"The Library","player_choice":"Read","floor":19.0,"gold_loss":0.0,"damage_taken":0.0,"cards_obtained":["Crippling Poison"]},{"damage_healed":0.0,"max_hp_gain":0.0,"max_hp_loss":0.0,"gold_gain":50.0,"event_name":"Nest","player_choice":"Stole From Cult","floor":20.0,"gold_loss":0.0,"damage_taken":0.0},{"damage_healed":0.0,"max_hp_gain":5.0,"max_hp_loss":0.0,"gold_gain":0.0,"event_name":"Forgotten Altar","player_choice":"Shed Blood","floor":21.0,"gold_loss":0.0,"damage_taken":23.0},{"damage_healed":0.0,"max_hp_gain":0.0,"max_hp_loss":0.0,"gold_gain":0.0,"cards_transformed":["Strike_G","Strike_G"],"event_name":"Designer","player_choice":"Transformed Cards","floor":37.0,"gold_loss":75.0,"damage_taken":0.0,"cards_obtained":["Backflip","Endless Agony"]}],"is_beta":false,"boss_relics":[{"not_picked":["Pandora\u0027s Box","Coffee Dripper"],"picked":"Fusion Hammer"},{"not_picked":["Calling Bell","Sozu"],"picked":"Black Star"}],"items_purged_floors":[36],"is_endless":false,"potions_floor_spawned":[2,8,14,23,30,31,33,35,40,46],"killed_by":"The Heart","ascension_level":20}