{"gold_per_floor":[115,3,13,26,43,75,75,106,106,106,6,6,19,38,38,38],"floor_reached":16,"playtime":3330,"items_purged":["Normality","Strike_G"],"score":224,"play_id":"b15c070e-93d0-4b0b-9a68-262a1a735c2f","local_time":"20190512231753","is_ascension_mode":true,"campfire_choices":[{"floor":7.0,"key":"REST"},{"floor":10.0,"key":"REST"},{"floor":15.0,"key":"REST"}],"neow_cost":"CURSE","seed_source_timestamp":45078862419600,"circlet_count":0,"master_deck":["AscendersBane","Defend_G","Defend_G","Defend_G","Defend_G","Defend_G","Strike_G","Strike_G","Strike_G","Survivor","Neutralize","Footwork","Skewer","Slice","Deadly Poison","Well Laid Plans","Deflect","Doppelganger"],"special_seed":0,"relics":["Ring of the Snake","Girya","Oddly Smooth Stone","Centennial Puzzle","Orichalcum"],"potions_floor_usage":[16],"damage_taken":[{"damage":6.0,"enemies":"Cultist","floor":1.0,"turns":5.0},{"damage":0.0,"enemies":"2 Louse","floor":3.0,"turns":2.0},{"damage":0.0,"enemies":"Small Slimes","floor":4.0,"turns":3.0},{"damage":8.0,"enemies":"3 Louse","floor":5.0,"turns":6.0},{"damage":54.0,"enemies":"Lagavulin","floor":6.0,"turns":11.0},{"damage":15.0,"enemies":"3 Sentries","floor":8.0,"turns":10.0},{"damage":5.0,"enemies":"Blue Slaver","floor":13.0,"turns":4.0},{"damage":2.0,"enemies":"Looter","floor":14.0,"turns":2.0},{"damage":41,"enemies":"Hexaghost","floor":16,"turns":14}],"seed_played":"-3678405798759169885","potions_obtained":[{"floor":4.0,"key":"Swift Potion"},{"floor":5.0,"key":"Regen Potion"},{"floor":13.0,"key":"Explosive Potion"},{"floor":14.0,"key":"Strength Potion"}],"is_trial":false,"path_per_floor":["M","$","M","M","M","E","R","E","T","R","$","?","M","M","R","B"],"character_chosen":"THE_SILENT","items_purchased":["Skewer"],"campfire_rested":3,"item_purchase_floors":[2],"current_hp_per_floor":[53,53,53,53,45,6,25,10,10,29,29,29,24,22,41,0],"gold":38,"neow_bonus":"ONE_RARE_RELIC","is_prod":false,"is_daily":false,"chose_seed":false,"campfire_upgraded":0,"win_rate":0,"timestamp":1557728273,"path_taken":["M","$","M","?","?","E","R","E","T","R","$","?","?","M","R","BOSS"],"build_version":"2019-01-23","purchased_purges":2,"victory":false,"max_hp_per_floor":[66,66,66,66,66,66,66,66,66,66,66,66,66,66,66,66],"card_choices":[{"not_picked":["Flying Knee","Bane"],"picked":"Footwork","floor":1.0},{"not_picked":["Underhanded Strike","Prepared"],"picked":"Slice","floor":3.0},{"not_picked":["Tactician","Quick Slash"],"picked":"Deadly Poison","floor":4.0},{"not_picked":["Infinite Blades","Dodge and Roll"],"picked":"Well Laid Plans","floor":5.0},{"not_picked":["Skewer","Well Laid Plans"],"picked":"Deflect","floor":6.0},{"not_picked":["Flechettes","Poisoned Stab","Backflip"],"picked":"SKIP","floor":8.0},{"not_picked":["Cloak And Dagger","Setup","Prepared"],"picked":"SKIP","floor":13.0},{"not_picked":["Acrobatics","Reflex"],"picked":"Doppelganger","floor":14.0}],"player_experience":1304999,"relics_obtained":[{"floor":6.0,"key":"Oddly Smooth Stone"},{"floor":8.0,"key":"Centennial Puzzle"},{"floor":9.0,"key":"Orichalcum"}],"event_choices":[{"cards_removed":["Strike_G"],"damage_healed":0.0,"max_hp_gain":0.0,"max_hp_loss":0.0,"gold_gain":0.0,"event_name":"Bonfire Elementals","player_choice":"Offered Basic","floor":12.0,"gold_loss":0.0,"damage_taken":0.0}],"is_beta":false,"boss_relics":[],"items_purged_floors":[2,11],"is_endless":false,"potions_floor_spawned":[4,5,13,14],"killed_by":"Hexaghost","ascension_level":20}