{"gold_per_floor":[218,293,311,331,2,37,37,37,37,71,82,82,114,130,130,207,207,181,181,17,17,17,17,35,35,62,97,97,114,142,142,142,221,221,231,248,248,265,265,265,278,306,353,378,390,390,85,102,102,102,102,102,102,27,60,60],"floor_reached":57,"playtime":1917,"items_purged":["Strike_R"],"score":2761,"play_id":"5fb38de1-e7ff-4696-866f-cf0dde05b8f4","local_time":"20190403181928","is_ascension_mode":true,"campfire_choices":[{"data":"Whirlwind","floor":7.0,"key":"SMITH"},{"floor":12.0,"key":"REST"},{"data":"Armaments","floor":15.0,"key":"SMITH"},{"data":"1","floor":23.0,"key":"LIFT"},{"data":"2","floor":25.0,"key":"LIFT"},{"data":"3","floor":32.0,"key":"LIFT"},{"data":"Demon Form","floor":40.0,"key":"SMITH"},{"data":"Body Slam","floor":46.0,"key":"SMITH"},{"floor":49.0,"key":"RECALL"},{"data":"Heavy Blade","floor":53.0,"key":"SMITH"}],"neow_cost":"NONE","seed_source_timestamp":858234005380229,"circlet_count":0,"master_deck":["AscendersBane","Strike_R+1","Strike_R","Strike_R","Defend_R","Defend_R","Defend_R","Defend_R","Bash+1","Armaments+1","Whirlwind+1","Demon Form+1","Battle Trance","Reaper","Shrug It Off","Disarm","Iron Wave","Sword Boomerang","Reaper","Thunderclap","Anger","Shrug It Off+1","Offering","True Grit+1","Headbutt+1","Iron Wave+1","Heavy Blade+1","Thunderclap","Body Slam+1","Flame Barrier","Feel No Pain","Disarm","Reaper","Dark Embrace","Corruption","Flame Barrier"],"special_seed":0,"relics":["Burning Blood","Bag of Marbles","Shuriken","Bag of Preparation","Kunai","Du-Vu Doll","Coffee Dripper","Centennial Puzzle","Girya","Anchor","Potion Belt","Matryoshka","Champion Belt","Sozu","Whetstone","Boot","Orichalcum","Bronze Scales"],"potions_floor_usage":[56,56,56],"damage_taken":[{"damage":14.0,"enemies":"Jaw Worm","floor":1.0,"turns":5.0},{"damage":2.0,"enemies":"2 Louse","floor":3.0,"turns":4.0},{"damage":4.0,"enemies":"Small Slimes","floor":4.0,"turns":4.0},{"damage":24.0,"enemies":"3 Sentries","floor":6.0,"turns":5.0},{"damage":30.0,"enemies":"Lagavulin","floor":10.0,"turns":7.0},{"damage":14.0,"enemies":"Exordium Thugs","floor":11.0,"turns":3.0},{"damage":5.0,"enemies":"Gremlin Nob","floor":13.0,"turns":3.0},{"damage":5.0,"enemies":"Blue Slaver","floor":14.0,"turns":8.0},{"damage":17.0,"enemies":"Hexaghost","floor":16.0,"turns":9.0},{"damage":18.0,"enemies":"2 Thieves","floor":18.0,"turns":4.0},{"damage":3.0,"enemies":"3 Byrds","floor":24.0,"turns":4.0},{"damage":16.0,"enemies":"Book of Stabbing","floor":27.0,"turns":5.0},{"damage":0.0,"enemies":"Snecko","floor":29.0,"turns":2.0},{"damage":2.0,"enemies":"Slavers","floor":30.0,"turns":3.0},{"damage":57.0,"enemies":"Collector","floor":33.0,"turns":8.0},{"damage":0.0,"enemies":"Orb Walker","floor":35.0,"turns":2.0},{"damage":7.0,"enemies":"3 Shapes","floor":36.0,"turns":2.0},{"damage":1.0,"enemies":"Sphere and 2 Shapes","floor":38.0,"turns":3.0},{"damage":24.0,"enemies":"Spire Growth","floor":41.0,"turns":4.0},{"damage":9.0,"enemies":"Nemesis","floor":42.0,"turns":7.0},{"damage":13.0,"enemies":"Giant Head","floor":44.0,"turns":5.0},{"damage":0.0,"enemies":"3 Darklings","floor":45.0,"turns":1.0},{"damage":6.0,"enemies":"Maw","floor":48.0,"turns":5.0},{"damage":54.0,"enemies":"Awakened One","floor":50.0,"turns":11.0},{"damage":67.0,"enemies":"Donu and Deca","floor":51.0,"turns":9.0},{"damage":51.0,"enemies":"Shield and Spear","floor":55.0,"turns":5.0},{"damage":66,"enemies":"The Heart","floor":56,"turns":8}],"seed_played":"-3840920794793768818","potions_obtained":[{"floor":3.0,"key":"LiquidBronze"},{"floor":10.0,"key":"Energy Potion"},{"floor":14.0,"key":"PowerPotion"},{"floor":27.0,"key":"Explosive Potion"},{"floor":29.0,"key":"SteroidPotion"},{"floor":30.0,"key":"SpeedPotion"},{"floor":31.0,"key":"Strength Potion"}],"is_trial":false,"path_per_floor":["M","?","M","M","$","E","R","$","T","E","M","R","E","M","R","B",null,"M","?","$","?","?","R","M","R","T","E","T","M","E","?","R","B",null,"M","M","?","M","?","R","M","E","T","E","M","R","$","M","R","B","B",null,"R","$","E","B",null],"character_chosen":"IRONCLAD","items_purchased":["Demon Form","Battle Trance","Bag of Marbles","Centennial Puzzle","Feel No Pain","Disarm","Reaper","Corruption"],"campfire_rested":1,"item_purchase_floors":[5,5,5,20,47,47,47,54],"current_hp_per_floor":[60,49,53,55,55,37,37,37,37,28,24,46,53,56,56,45,68,64,64,64,64,64,64,74,74,74,75,75,75,75,75,75,56,70,75,74,74,75,75,75,63,75,75,75,75,75,75,75,75,57,60,71,71,71,57,43],"gold":60,"neow_bonus":"HUNDRED_GOLD","is_prod":false,"is_daily":false,"chose_seed":false,"campfire_upgraded":5,"win_rate":0,"timestamp":1554326368,"path_taken":["M","?","M","M","$","E","R","$","T","E","M","R","E","M","R","BOSS","M","?","$","?","?","R","M","R","T","E","?","?","E","?","R","BOSS","M","M","?","M","?","R","M","E","T","E","?","R","$","M","R","BOSS","BOSS","R","$","E","BOSS"],"build_version":"2019-01-23","purchased_purges":1,"victory":true,"max_hp_per_floor":[75,75,75,75,75,75,75,75,75,75,75,75,75,75,75,75,75,75,75,75,75,75,75,75,75,75,75,75,75,75,75,75,75,75,75,75,75,75,75,75,75,75,75,75,75,75,75,75,75,75,75,75,75,75,75,75],"card_choices":[{"not_picked":["Thunderclap","Metallicize"],"picked":"Armaments","floor":1.0},{"not_picked":["Searing Blow","Clash","Burning Pact"],"picked":"SKIP","floor":3.0},{"not_picked":["Armaments","Heavy Blade"],"picked":"Whirlwind","floor":4.0},{"not_picked":["Dropkick","Warcry"],"picked":"Reaper","floor":6.0},{"not_picked":["Limit Break","Clash"],"picked":"Shrug It Off","floor":10.0},{"not_picked":["Twin Strike","Flex"],"picked":"Disarm","floor":11.0},{"not_picked":["Body Slam","Battle Trance"],"picked":"Iron Wave","floor":13.0},{"not_picked":["Pommel Strike","Wild Strike"],"picked":"Sword Boomerang","floor":14.0},{"not_picked":["Impervious","Berserk"],"picked":"Reaper","floor":16.0},{"not_picked":["Searing Blow","Cleave","Warcry"],"picked":"SKIP","floor":18.0},{"not_picked":["Clothesline","True Grit"],"picked":"Thunderclap","floor":24.0},{"not_picked":["Headbutt","Armaments"],"picked":"Anger","floor":27.0},{"not_picked":["Disarm","Sword Boomerang"],"picked":"Shrug It Off+1","floor":29.0},{"not_picked":["Evolve","Whirlwind"],"picked":"Offering","floor":30.0},{"not_picked":["Wild Strike+1","Carnage"],"picked":"True Grit+1","floor":35.0},{"not_picked":["Flex","Sever Soul"],"picked":"Headbutt+1","floor":36.0},{"not_picked":["Sword Boomerang+1","Pommel Strike"],"picked":"Iron Wave+1","floor":38.0},{"not_picked":["Body Slam","Iron Wave"],"picked":"Heavy Blade","floor":41.0},{"not_picked":["Infernal Blade","Twin Strike"],"picked":"Thunderclap","floor":42.0},{"not_picked":["Body Slam","Iron Wave","Twin Strike"],"picked":"SKIP","floor":44.0},{"not_picked":["Iron Wave","Twin Strike"],"picked":"Body Slam","floor":44.0},{"not_picked":["Warcry","Spot Weakness"],"picked":"Flame Barrier","floor":45.0},{"not_picked":["Anger+1","Headbutt"],"picked":"Dark Embrace","floor":48.0},{"not_picked":["Rupture+1","Havoc"],"picked":"Flame Barrier","floor":55.0}],"player_experience":1976578,"relics_obtained":[{"floor":6.0,"key":"Shuriken"},{"floor":9.0,"key":"Bag of Preparation"},{"floor":10.0,"key":"Kunai"},{"floor":13.0,"key":"Du-Vu Doll"},{"floor":26.0,"key":"Anchor"},{"floor":27.0,"key":"Potion Belt"},{"floor":28.0,"key":"Matryoshka"},{"floor":30.0,"key":"Champion Belt"},{"floor":42.0,"key":"Whetstone"},{"floor":43.0,"key":"Boot"},{"floor":44.0,"key":"Orichalcum"},{"floor":55.0,"key":"Bronze Scales"}],"event_choices":[{"damage_healed":0.0,"max_hp_gain":0.0,"max_hp_loss":0.0,"gold_gain":75.0,"event_name":"World of Goop","player_choice":"Gather Gold","floor":2.0,"gold_loss":0.0,"damage_taken":11.0},{"damage_healed":0.0,"max_hp_gain":0.0,"max_hp_loss":0.0,"gold_gain":0.0,"event_name":"Beggar","player_choice":"Ignored","floor":19.0,"gold_loss":0.0,"damage_taken":0.0},{"damage_healed":0.0,"max_hp_gain":0.0,"max_hp_loss":0.0,"gold_gain":0.0,"event_name":"The Mausoleum","player_choice":"Opened","floor":21.0,"gold_loss":0.0,"damage_taken":0.0,"relics_obtained":["Girya"],"cards_obtained":["Writhe"]},{"damage_healed":0.0,"max_hp_gain":0.0,"max_hp_loss":0.0,"gold_gain":0.0,"event_name":"Lab","player_choice":"Got Potions","floor":31.0,"gold_loss":0.0,"damage_taken":0.0},{"cards_removed":["Strike_R"],"damage_healed":0.0,"max_hp_gain":0.0,"max_hp_loss":0.0,"gold_gain":0.0,"event_name":"Falling","player_choice":"Removed Attack","floor":37.0,"gold_loss":0.0,"damage_taken":0.0},{"cards_removed":["Writhe"],"damage_healed":0.0,"max_hp_gain":0.0,"max_hp_loss":0.0,"gold_gain":0.0,"event_name":"Fountain of Cleansing","player_choice":"Removed Curses","floor":39.0,"gold_loss":0.0,"damage_taken":0.0}],"is_beta":false,"boss_relics":[{"not_picked":["Tiny House","White Beast Statue"],"picked":"Coffee Dripper"},{"not_picked":["Runic Dome","Empty Cage"],"picked":"Sozu"}],"items_purged_floors":[47],"is_endless":false,"potions_floor_spawned":[3,10,14,16,27,29,30,33,36,41,45],"ascension_level":20}