{"gold_per_floor":[116,132,142,142,11,11,37,37,37,52,68,103,153,163,163,234,234,244,6,6,25,25],"floor_reached":22,"playtime":677,"items_purged":["Strike_G"],"score":392,"play_id":"490e3d18-9117-4039-bf9e-af6ba9ccf72d","local_time":"20190424215516","is_ascension_mode":true,"campfire_choices":[{"data":"Poisoned Stab","floor":6,"key":"SMITH"},{"data":"Neutralize","floor":8,"key":"SMITH"},{"data":"Noxious Fumes","floor":15,"key":"SMITH"}],"neow_cost":"NONE","seed_source_timestamp":860452257566942,"circlet_count":0,"master_deck":["AscendersBane","Defend_G","Defend_G","Defend_G","Defend_G","Defend_G","Strike_G","Strike_G","Strike_G","Strike_G","Survivor","Neutralize+1","Backstab","Backstab","Poisoned Stab+1","Dagger Spray+1","Noxious Fumes+1","Dash","After Image","Caltrops","Well Laid Plans","Flying Knee"],"relics":["Ring of the Snake","Bag of Preparation","Darkstone Periapt","Calipers","Pantograph","Question Card","Ancient Tea Set","Black Star","PreservedInsect"],"potions_floor_usage":[12,16,18,22],"damage_taken":[{"damage":0,"enemies":"2 Louse","floor":1,"turns":4},{"damage":0,"enemies":"Cultist","floor":2,"turns":3},{"damage":0,"enemies":"Small Slimes","floor":3,"turns":3},{"damage":26,"enemies":"Gremlin Nob","floor":7,"turns":4},{"damage":0,"enemies":"2 Fungi Beasts","floor":10,"turns":3},{"damage":0,"enemies":"Exordium Wildlife","floor":11,"turns":2},{"damage":16,"enemies":"Lagavulin","floor":12,"turns":6},{"damage":3,"enemies":"Gremlin Gang","floor":14,"turns":4},{"damage":17,"enemies":"Hexaghost","floor":16,"turns":9},{"damage":5,"enemies":"3 Byrds","floor":18,"turns":4},{"damage":16,"enemies":"Shell Parasite","floor":21,"turns":7},{"damage":44,"enemies":"3 Cultists","floor":22,"turns":5}],"seed_played":"-4104755110299570934","potions_obtained":[{"floor":1,"key":"Fire Potion"},{"floor":10,"key":"Block Potion"},{"floor":14,"key":"Poison Potion"},{"floor":16,"key":"Poison Potion"}],"is_trial":false,"path_per_floor":["M","M","M","?","$","R","E","R","T","M","M","E","T","M","R","B",null,"M","$","?","M","M"],"character_chosen":"THE_SILENT","items_purchased":["Poisoned Stab","PreservedInsect","Well Laid Plans"],"campfire_rested":0,"item_purchase_floors":[5,19,19],"current_hp_per_floor":[59,59,59,59,59,59,33,33,33,33,33,17,17,14,14,22,55,50,50,50,34,0],"gold":25,"neow_bonus":"RANDOM_COMMON_RELIC","is_prod":false,"is_daily":false,"chose_seed":false,"campfire_upgraded":3,"win_rate":0,"timestamp":1556153716,"path_taken":["M","M","M","?","$","R","E","R","T","?","M","E","?","M","R","BOSS","M","$","?","M","M"],"build_version":"2019-01-23","purchased_purges":1,"victory":false,"max_hp_per_floor":[66,66,66,66,66,66,66,66,66,66,66,66,66,66,66,66,66,66,66,66,66,66],"card_choices":[{"not_picked":["Heel Hook","PiercingWail"],"picked":"Backstab","floor":1},{"not_picked":["Sucker Punch","Outmaneuver"],"picked":"Cloak And Dagger","floor":2},{"not_picked":["Flying Knee","Dodge and Roll"],"picked":"Backstab","floor":3},{"not_picked":["Unload","Sucker Punch","PiercingWail"],"picked":"SKIP","floor":7},{"not_picked":["Outmaneuver","Underhanded Strike","Acrobatics"],"picked":"SKIP","floor":10},{"not_picked":["Dodge and Roll","Outmaneuver"],"picked":"Dagger Spray","floor":11},{"not_picked":["Storm of Steel","Flying Knee"],"picked":"Noxious Fumes","floor":12},{"not_picked":["Acrobatics","All Out Attack","Backflip"],"picked":"Dash","floor":14},{"not_picked":["Burst","Envenom","Storm of Steel"],"picked":"After Image","floor":16},{"not_picked":["Poisoned Stab","Dagger Spray","Expertise"],"picked":"Caltrops","floor":18},{"not_picked":["Sucker Punch","Heel Hook","Prepared"],"picked":"Flying Knee","floor":21}],"player_experience":2173009,"relics_obtained":[{"floor":7,"key":"Calipers"},{"floor":9,"key":"Pantograph"},{"floor":12,"key":"Question Card"},{"floor":13,"key":"Ancient Tea Set"}],"event_choices":[{"cards_removed":["Cloak And Dagger"],"damage_healed":0,"gold_gain":0,"player_choice":"Gave Card","damage_taken":0,"relics_obtained":["Darkstone Periapt"],"max_hp_gain":0,"max_hp_loss":0,"event_name":"WeMeetAgain","floor":4,"gold_loss":0},{"damage_healed":0,"gold_gain":0,"player_choice":"Forge","damage_taken":0,"max_hp_gain":0,"max_hp_loss":0,"event_name":"Accursed Blacksmith","floor":20,"gold_loss":0,"cards_upgraded":["Dagger Spray"]}],"is_beta":false,"boss_relics":[{"not_picked":["Eternal Feather","White Beast Statue"],"picked":"Black Star"}],"items_purged_floors":[5],"is_endless":false,"potions_floor_spawned":[1,10,11,14,16],"killed_by":"3 Cultists","ascension_level":20}