{"gold_per_floor":[111,111,124,136,148,148,175,194,194,194,228,254,16,16,16,93,93,106,31,31,31,31,31,60,60,86,86],"floor_reached":27,"playtime":4693,"items_purged":["Strike_G"],"score":515,"play_id":"98092481-7f6c-45f1-b78b-3bb0c743b7c7","local_time":"20190421143147","is_ascension_mode":true,"campfire_choices":[{"floor":6.0,"key":"REST"},{"floor":10.0,"key":"REST"},{"floor":15.0,"key":"REST"},{"data":"Well Laid Plans","floor":23,"key":"SMITH"},{"floor":25,"key":"REST"}],"neow_cost":"NONE","seed_source_timestamp":14859264815900,"circlet_count":0,"master_deck":["AscendersBane","Defend_G","Defend_G","Defend_G","Defend_G","Defend_G","Strike_G","Survivor","Neutralize","Endless Agony","Quick Slash","Finisher","Dash+1","Terror","Masterful Stab","Deadly Poison","PiercingWail","Slice","Well Laid Plans+1","Catalyst","Glass Knife","Backflip","Dodge and Roll"],"special_seed":0,"relics":["Ring of the Snake","Thread and Needle","Gremlin Horn","MawBank","Whetstone","Empty Cage","Tough Bandages","Happy Flower"],"potions_floor_usage":[24],"damage_taken":[{"damage":1.0,"enemies":"Small Slimes","floor":1.0,"turns":5.0},{"damage":1.0,"enemies":"2 Louse","floor":3.0,"turns":3.0},{"damage":0.0,"enemies":"Cultist","floor":4.0,"turns":1.0},{"damage":33.0,"enemies":"Large Slime","floor":5.0,"turns":5.0},{"damage":26.0,"enemies":"Lagavulin","floor":7.0,"turns":7.0},{"damage":0.0,"enemies":"Looter","floor":8.0,"turns":2.0},{"damage":0.0,"enemies":"Gremlin Nob","floor":11.0,"turns":3.0},{"damage":0.0,"enemies":"Blue Slaver","floor":12.0,"turns":3.0},{"damage":14.0,"enemies":"Slime Boss","floor":16.0,"turns":7.0},{"damage":5,"enemies":"Shell Parasite","floor":18,"turns":7},{"damage":28,"enemies":"Slavers","floor":24,"turns":8},{"damage":47,"enemies":"Book of Stabbing","floor":27,"turns":5}],"seed_played":"-4083860522384132933","potions_obtained":[{"floor":1.0,"key":"FairyPotion"},{"floor":7.0,"key":"Block Potion"},{"floor":8.0,"key":"Fire Potion"},{"floor":12.0,"key":"Strength Potion"},{"floor":18,"key":"Ancient Potion"}],"is_trial":false,"path_per_floor":["M","?","M","M","M","R","E","M","T","R","E","M","$","?","R","B",null,"M","$","?","?","?","R","E","R","T","E"],"character_chosen":"THE_SILENT","items_purchased":["Well Laid Plans","Whetstone"],"campfire_rested":4,"item_purchase_floors":[13,13],"current_hp_per_floor":[58,58,57,57,24,43,17,17,17,36,36,36,36,36,55,41,60,55,55,55,55,55,55,27,46,46,0],"gold":86,"neow_bonus":"THREE_CARDS","is_prod":false,"is_daily":false,"chose_seed":false,"campfire_upgraded":1,"win_rate":0,"timestamp":1555882307,"path_taken":["M","?","M","M","M","R","E","M","T","R","E","M","$","?","R","BOSS","M","?","?","?","?","R","E","R","T","E"],"build_version":"2019-01-23","purchased_purges":1,"victory":false,"max_hp_per_floor":[66,66,66,66,66,66,66,66,66,66,66,66,66,66,66,66,66,66,66,66,66,66,66,66,66,66,66],"card_choices":[{"not_picked":["Prepared","Backflip"],"picked":"Endless Agony","floor":0.0},{"not_picked":["Concentrate","Outmaneuver"],"picked":"Quick Slash","floor":1.0},{"not_picked":["Flying Knee","Underhanded Strike"],"picked":"Finisher","floor":3.0},{"not_picked":["Blade Dance","Dagger Throw"],"picked":"Dash","floor":4.0},{"not_picked":["Acrobatics","Prepared"],"picked":"Terror","floor":5.0},{"not_picked":["Flechettes","Underhanded Strike"],"picked":"Masterful Stab","floor":7.0},{"not_picked":["Prepared","Leg Sweep"],"picked":"Deadly Poison","floor":8.0},{"not_picked":["Envenom","Infinite Blades"],"picked":"PiercingWail","floor":11.0},{"not_picked":["Cloak And Dagger","Calculated Gamble"],"picked":"Slice","floor":12.0},{"not_picked":["Bullet Time","A Thousand Cuts"],"picked":"Glass Knife","floor":16.0},{"not_picked":["Quick Slash","Terror"],"picked":"Backflip","floor":18},{"not_picked":["Slice","Infinite Blades"],"picked":"Dodge and Roll","floor":24}],"player_experience":949787,"relics_obtained":[{"floor":7.0,"key":"Thread and Needle"},{"floor":9.0,"key":"Gremlin Horn"},{"floor":11.0,"key":"MawBank"},{"floor":24,"key":"Tough Bandages"},{"floor":26,"key":"Happy Flower"}],"event_choices":[{"damage_healed":0.0,"max_hp_gain":0.0,"max_hp_loss":0.0,"gold_gain":0.0,"event_name":"Shining Light","player_choice":"Ignored","floor":2.0,"gold_loss":0.0,"damage_taken":0.0},{"damage_healed":0.0,"max_hp_gain":0.0,"max_hp_loss":0.0,"gold_gain":0.0,"cards_transformed":["Strike_G"],"event_name":"Transmorgrifier","player_choice":"Transformed","floor":14.0,"gold_loss":0.0,"damage_taken":0.0,"cards_obtained":["Catalyst"]},{"damage_healed":0,"gold_gain":0,"player_choice":"Ignored","damage_taken":0,"max_hp_gain":0,"max_hp_loss":0,"event_name":"Beggar","floor":20,"gold_loss":0},{"damage_healed":0,"gold_gain":0,"player_choice":"Ignored","damage_taken":0,"max_hp_gain":0,"max_hp_loss":0,"event_name":"Ghosts","floor":22,"gold_loss":0}],"is_beta":false,"boss_relics":[{"not_picked":["HoveringKite","Lizard Tail"],"picked":"Empty Cage"}],"items_purged_floors":[19],"is_endless":false,"potions_floor_spawned":[1,7,8,12,18],"killed_by":"Book of Stabbing","ascension_level":19}