{"gold_per_floor":[117,136,149,149,129,129,156,156,182,160,160,178,178,212,212,285,285,303,319,319,369,369,404,404,404,430,430],"floor_reached":27,"playtime":3635,"items_purged":[],"score":478,"play_id":"e4b9eaf5-d3ec-4232-8a82-214089ed84ad","local_time":"20190511135730","is_ascension_mode":true,"campfire_choices":[{"data":"Wraith Form v2","floor":6,"key":"SMITH"},{"data":"Acrobatics","floor":8,"key":"SMITH"},{"data":"Noxious Fumes","floor":11,"key":"SMITH"},{"data":"Dagger Spray","floor":13,"key":"SMITH"},{"floor":15,"key":"REST"},{"floor":24,"key":"REST"}],"neow_cost":"NONE","seed_source_timestamp":67981678231500,"circlet_count":0,"master_deck":["AscendersBane","Defend_G","Defend_G","Defend_G","Defend_G","Defend_G","Strike_G","Strike_G","Strike_G","Survivor","Neutralize","Slice","Dagger Spray+1","Wraith Form v2+1","Acrobatics+1","Noxious Fumes+1","Skewer","Predator","Blur","Die Die Die","Catalyst","Noxious Fumes","Decay","Crippling Poison","Poisoned Stab","Well Laid Plans"],"relics":["Ring of the Snake","Potion Belt","Dream Catcher","Gremlin Horn","Runic Pyramid","Art of War","Bag of Marbles"],"potions_floor_usage":[3,7,10,12,14,16,27],"damage_taken":[{"damage":11,"enemies":"Cultist","floor":1,"turns":5},{"damage":7,"enemies":"Small Slimes","floor":2,"turns":4},{"damage":0,"enemies":"Jaw Worm","floor":3,"turns":4},{"damage":10,"enemies":"Gremlin Nob","floor":7,"turns":6},{"damage":3,"enemies":"Exordium Thugs","floor":10,"turns":4},{"damage":5,"enemies":"2 Fungi Beasts","floor":12,"turns":4},{"damage":17,"enemies":"3 Sentries","floor":14,"turns":5},{"damage":39,"enemies":"Slime Boss","floor":16,"turns":11},{"damage":2,"enemies":"Chosen","floor":18,"turns":6},{"damage":18,"enemies":"Spheric Guardian","floor":19,"turns":6},{"damage":28,"enemies":"Book of Stabbing","floor":23,"turns":7},{"damage":43,"enemies":"Slavers","floor":27,"turns":3}],"seed_played":"5446931259303289961","potions_obtained":[{"floor":1,"key":"Strength Potion"},{"floor":3,"key":"Block Potion"},{"floor":5,"key":"Fire Potion"},{"floor":7,"key":"FearPotion"},{"floor":10,"key":"PowerPotion"},{"floor":14,"key":"LiquidBronze"},{"floor":23,"key":"Swift Potion"}],"is_trial":false,"path_per_floor":["M","M","M","?","?","R","E","R","T","M","R","M","R","E","R","B",null,"M","M","?","?","?","E","R","?","T","E"],"character_chosen":"THE_SILENT","items_purchased":[],"campfire_rested":2,"item_purchase_floors":[],"current_hp_per_floor":[48,41,41,63,63,63,53,53,53,50,50,45,45,28,47,8,52,50,32,32,32,45,17,36,36,36,0],"gold":430,"neow_bonus":"REMOVE_CARD","is_prod":false,"is_daily":false,"chose_seed":false,"campfire_upgraded":4,"win_rate":0,"timestamp":1557608250,"path_taken":["M","?","M","?","?","R","E","R","T","M","R","M","R","E","R","BOSS","M","M","?","?","?","E","R","?","T","E"],"build_version":"2019-01-23","purchased_purges":0,"victory":false,"max_hp_per_floor":[66,66,66,66,66,66,66,66,66,66,66,66,66,66,66,66,66,66,66,66,66,66,66,66,66,66,66],"card_choices":[{"not_picked":["Reflex","Distraction"],"picked":"Slice","floor":1},{"not_picked":["Riddle With Holes","Dodge and Roll"],"picked":"Dagger Spray","floor":2},{"not_picked":["Dagger Spray","Acrobatics"],"picked":"Wraith Form v2","floor":3},{"not_picked":["Poisoned Stab","Dagger Spray"],"picked":"Acrobatics","floor":7},{"not_picked":["Slice","Dash"],"picked":"Noxious Fumes","floor":10},{"not_picked":["Finisher","Flying Knee"],"picked":"Skewer","floor":12},{"not_picked":["Prepared","Accuracy"],"picked":"Predator","floor":14},{"not_picked":["Reflex","PiercingWail"],"picked":"Blur","floor":15},{"not_picked":["Tools of the Trade","Envenom"],"picked":"Die Die Die","floor":16},{"not_picked":["Dodge and Roll","Slice"],"picked":"Catalyst","floor":18},{"not_picked":["Heel Hook","Slice"],"picked":"Noxious Fumes","floor":19},{"not_picked":["Deflect","Sucker Punch"],"picked":"Crippling Poison","floor":23},{"not_picked":["Backflip","Prepared"],"picked":"Poisoned Stab","floor":24}],"player_experience":1246695,"relics_obtained":[{"floor":7,"key":"Potion Belt"},{"floor":9,"key":"Dream Catcher"},{"floor":14,"key":"Gremlin Horn"},{"floor":23,"key":"Art of War"},{"floor":26,"key":"Bag of Marbles"}],"event_choices":[{"damage_healed":22,"gold_gain":0,"player_choice":"Banana","damage_taken":0,"max_hp_gain":0,"max_hp_loss":0,"event_name":"Big Fish","floor":4,"gold_loss":0},{"damage_healed":0,"gold_gain":0,"player_choice":"Bought 1 Potion","damage_taken":0,"max_hp_gain":0,"max_hp_loss":0,"event_name":"The Woman in Blue","floor":5,"gold_loss":0},{"damage_healed":0,"gold_gain":0,"player_choice":"Smashed Altar","damage_taken":0,"max_hp_gain":0,"max_hp_loss":0,"event_name":"Forgotten Altar","floor":20,"gold_loss":0,"cards_obtained":["Decay"]},{"damage_healed":0,"gold_gain":50,"player_choice":"Stole From Cult","damage_taken":0,"max_hp_gain":0,"max_hp_loss":0,"event_name":"Nest","floor":21,"gold_loss":0},{"damage_healed":13,"gold_gain":0,"player_choice":"Heal","damage_taken":0,"max_hp_gain":0,"max_hp_loss":0,"event_name":"The Library","floor":22,"gold_loss":0},{"damage_healed":0,"gold_gain":0,"cards_transformed":["Strike_G"],"player_choice":"Transformed","damage_taken":0,"max_hp_gain":0,"max_hp_loss":0,"event_name":"Transmorgrifier","floor":25,"gold_loss":0,"cards_obtained":["Well Laid Plans"]}],"is_beta":false,"boss_relics":[{"not_picked":["WristBlade","Ectoplasm"],"picked":"Runic Pyramid"}],"items_purged_floors":[],"is_endless":false,"potions_floor_spawned":[1,3,7,10,14,23],"killed_by":"Slavers","ascension_level":20}