{"gold_per_floor":[119,44,44,44,44,44,74,89,89,102,102,12,12,28,28,28],"floor_reached":16,"playtime":1517,"items_purged":[],"score":176,"play_id":"9d6c0cd1-9b14-430a-910e-ce57091179c1","local_time":"20190511230631","is_ascension_mode":true,"campfire_choices":[{"data":"Neutralize","floor":6.0,"key":"SMITH"},{"data":"Distraction","floor":11,"key":"SMITH"},{"data":"Footwork","floor":15,"key":"SMITH"}],"neow_cost":"NONE","seed_source_timestamp":103028206243500,"circlet_count":0,"master_deck":["AscendersBane","Defend_G","Defend_G","Defend_G","Defend_G","Defend_G","Strike_G","Strike_G","Strike_G","Strike_G","Survivor","Neutralize+1","Backflip","Footwork+1","Underhanded Strike","Distraction+1","Backstab","Bullet Time","Blur"],"special_seed":0,"relics":["Eternal Feather","Pantograph","Golden Idol","Dead Branch"],"potions_floor_usage":[16,16],"damage_taken":[{"damage":3.0,"enemies":"Cultist","floor":1.0,"turns":4.0},{"damage":1,"enemies":"Small Slimes","floor":8,"turns":6},{"damage":0,"enemies":"2 Louse","floor":10,"turns":4},{"damage":1,"enemies":"2 Fungi Beasts","floor":14,"turns":2},{"damage":62,"enemies":"Slime Boss","floor":16,"turns":13}],"seed_played":"7370512611989738518","potions_obtained":[{"floor":8,"key":"LiquidBronze"},{"floor":14,"key":"FearPotion"}],"is_trial":false,"path_per_floor":["M","$","T","?","$","R","?","M","T","M","R","$","?","M","R","B"],"character_chosen":"THE_SILENT","items_purchased":["Footwork","Backstab"],"campfire_rested":0,"item_purchase_floors":[2,12],"current_hp_per_floor":[56,56,56,56,56,60,60,59,59,59,60,60,60,59,60,0],"gold":28,"neow_bonus":"BOSS_RELIC","is_prod":false,"is_daily":false,"chose_seed":false,"campfire_upgraded":3,"win_rate":0,"timestamp":1557641191,"path_taken":["M","$","?","?","$","R","?","M","T","M","R","$","?","M","R","BOSS"],"build_version":"2019-01-23","purchased_purges":0,"victory":false,"max_hp_per_floor":[66,66,66,60,60,60,60,60,60,60,60,60,60,60,60,60],"card_choices":[{"not_picked":["Acrobatics","Outmaneuver"],"picked":"Backflip","floor":1.0},{"not_picked":["Slice","Prepared"],"picked":"Underhanded Strike","floor":8},{"not_picked":["Bane","Flying Knee"],"picked":"Distraction","floor":10},{"not_picked":["Dagger Throw","Masterful Stab"],"picked":"Blur","floor":14}],"player_experience":1274308,"relics_obtained":[{"floor":3.0,"key":"Pantograph"},{"floor":9,"key":"Dead Branch"}],"event_choices":[{"damage_healed":0.0,"max_hp_gain":0.0,"max_hp_loss":6.0,"gold_gain":0.0,"event_name":"Golden Idol","player_choice":"Lose Max HP","floor":4.0,"gold_loss":0.0,"damage_taken":0.0,"relics_obtained":["Golden Idol"]},{"damage_healed":0.0,"max_hp_gain":0.0,"max_hp_loss":0.0,"gold_gain":30.0,"event_name":"Dead Adventurer","player_choice":"Searched \u00271\u0027 times","floor":7.0,"gold_loss":0.0,"damage_taken":0.0},{"damage_healed":0,"gold_gain":0,"cards_transformed":["Strike_G"],"player_choice":"Transformed","damage_taken":0,"max_hp_gain":0,"max_hp_loss":0,"event_name":"Transmorgrifier","floor":13,"gold_loss":0,"cards_obtained":["Bullet Time"]}],"is_beta":false,"boss_relics":[],"items_purged_floors":[],"is_endless":false,"potions_floor_spawned":[8,14],"killed_by":"Slime Boss","ascension_level":20}