{"gold_per_floor":[117,132,149,0,0,25,25,1,24,42,74,174,185,185,185,283,283,283,283,283,283],"floor_reached":21,"playtime":1767,"items_purged":["Strike_R"],"score":189,"play_id":"12b824d8-273e-4d95-856e-10d5fe49d1e7","local_time":"20180721020436","is_ascension_mode":false,"campfire_choices":[{"floor":7,"key":"REST"},{"data":"Limit Break","floor":15,"key":"SMITH"}],"neow_cost":"NONE","seed_source_timestamp":866679330720809,"circlet_count":0,"master_deck":["Strike_R","Strike_R","Strike_R","Defend_R","Defend_R","Defend_R","Defend_R","Bash","Flex","Warcry","Iron Wave","Shockwave","Uppercut","Pommel Strike","Shockwave","Limit Break+1","Spot Weakness","Berserk","Shrug It Off","Dropkick+1"],"relics":["Burning Blood","Orichalcum","Anchor","Juzu Bracelet","Ectoplasm"],"potions_floor_usage":[6,6,11,16],"damage_taken":[{"damage":2,"enemies":"Small Slimes","floor":1,"turns":4},{"damage":0,"enemies":"2 Louse","floor":2,"turns":3},{"damage":6,"enemies":"Jaw Worm","floor":3,"turns":4},{"damage":37,"enemies":"Lagavulin","floor":6,"turns":7},{"damage":7,"enemies":"Blue Slaver","floor":10,"turns":3},{"damage":4,"enemies":"Gremlin Nob","floor":11,"turns":3},{"damage":7,"enemies":"Red Slaver","floor":13,"turns":4},{"damage":38,"enemies":"The Guardian","floor":16,"turns":9},{"damage":55,"enemies":"3 Byrds","floor":18,"turns":7},{"damage":18,"enemies":"Shell Parasite","floor":19,"turns":5},{"damage":19,"enemies":"Chosen and Byrds","floor":21,"turns":3}],"seed_played":"2896666508044986097","potions_obtained":[{"floor":1,"key":"Ancient Potion"},{"floor":3,"key":"PowerPotion"},{"floor":10,"key":"Poison Potion"},{"floor":11,"key":"SpeedPotion"}],"is_trial":false,"path_per_floor":["M","M","M","$","?","E","R","$","T","M","E","?","M","?","R","B",null,"M","M","?"],"character_chosen":"IRONCLAD","items_purchased":["Shockwave","Pommel Strike"],"campfire_rested":1,"item_purchase_floors":[4,8],"current_hp_per_floor":[80,80,80,80,80,49,73,73,73,72,74,74,73,73,73,41,80,31,19,19,0],"gold":283,"neow_bonus":"REMOVE_CARD","is_prod":false,"is_daily":false,"chose_seed":false,"campfire_upgraded":1,"win_rate":0.0,"timestamp":1532156676,"path_taken":["M","M","M","$","?","E","R","$","T","M","E","?","M","?","R","BOSS","M","M","?","M"],"build_version":"2018-07-19v2","purchased_purges":1,"victory":false,"max_hp_per_floor":[80,80,80,80,80,80,80,80,80,80,80,80,80,80,80,80,80,80,80,80,80],"card_choices":[{"not_picked":["Intimidate","Carnage"],"picked":"Flex","floor":1},{"not_picked":["Shrug It Off","Infernal Blade"],"picked":"Warcry","floor":2},{"not_picked":["Entrench","Second Wind"],"picked":"Iron Wave","floor":3},{"not_picked":["Shrug It Off","Entrench"],"picked":"Uppercut","floor":6},{"not_picked":["Heavy Blade","Sword Boomerang"],"picked":"Shockwave","floor":10},{"not_picked":["Clash","Flex"],"picked":"Limit Break","floor":11},{"not_picked":["Clothesline","Clash"],"picked":"Spot Weakness","floor":13},{"not_picked":["Dark Embrace","Brutality"],"picked":"Berserk","floor":16},{"not_picked":["Carnage+1","Hemokinesis"],"picked":"Shrug It Off","floor":18},{"not_picked":["Perfected Strike+1","Anger+1"],"picked":"Dropkick+1","floor":19}],"player_experience":83963,"relics_obtained":[{"floor":6,"key":"Orichalcum"},{"floor":9,"key":"Anchor"},{"floor":11,"key":"Juzu Bracelet"}],"event_choices":[{"event_name":"Golden Wing","player_choice":"Ignored","floor":5,"damage_taken":0},{"event_name":"Golden Shrine","player_choice":"Pray","floor":12,"damage_taken":0},{"event_name":"Liars Game","player_choice":"disagreed","floor":14,"damage_taken":0},{"event_name":"Nest","player_choice":"Stole From Cult","floor":20,"damage_taken":0}],"is_beta":false,"boss_relics":[{"not_picked":["Eternal Feather","Runic Dome"],"picked":"Ectoplasm"}],"items_purged_floors":[4],"is_endless":false,"potions_floor_spawned":[1,3,10,11],"killed_by":"Chosen and Byrds","ascension_level":0}