{"gold_per_floor":[116,116,136,136,155,189,23,23,47,47],"floor_reached":10,"playtime":243,"items_purged":[],"score":132,"play_id":"116f9287-6eea-4add-a1b0-5acaebfac0d6","local_time":"20190418161140","is_ascension_mode":true,"campfire_choices":[{"data":"Neutralize","floor":8,"key":"SMITH"}],"neow_cost":"NONE","seed_source_timestamp":321898561406306,"circlet_count":0,"master_deck":["AscendersBane","Defend_G","Defend_G","Defend_G","Defend_G","Defend_G","Strike_G","Strike_G","Strike_G","Strike_G","Strike_G","Survivor","Neutralize+1","Dagger Throw","Choke","Footwork","After Image"],"relics":["Ring of the Snake","NeowsBlessing","Bag of Marbles","Centennial Puzzle"],"potions_floor_usage":[6,10],"damage_taken":[{"damage":0,"enemies":"Small Slimes","floor":1,"turns":1},{"damage":0,"enemies":"2 Louse","floor":3,"turns":1},{"damage":0,"enemies":"Jaw Worm","floor":5,"turns":1},{"damage":24,"enemies":"3 Sentries","floor":6,"turns":11},{"damage":51,"enemies":"Lagavulin","floor":10,"turns":14}],"seed_played":"-4819114695530053196","potions_obtained":[{"floor":1,"key":"SteroidPotion"},{"floor":3,"key":"Dexterity Potion"}],"is_trial":false,"path_per_floor":["M","?","M","?","M","E","$","R","T","E"],"character_chosen":"THE_SILENT","items_purchased":["After Image"],"campfire_rested":0,"item_purchase_floors":[7],"current_hp_per_floor":[59,59,59,64,64,40,40,40,40,0],"gold":47,"neow_bonus":"THREE_ENEMY_KILL","is_prod":false,"is_daily":false,"chose_seed":false,"campfire_upgraded":1,"win_rate":0,"timestamp":1555614700,"path_taken":["M","?","M","?","M","E","?","R","T","E"],"build_version":"2019-01-23","purchased_purges":0,"victory":false,"max_hp_per_floor":[66,66,66,71,71,71,71,71,71,71],"card_choices":[{"not_picked":["Eviscerate","Setup"],"picked":"Dagger Throw","floor":1},{"not_picked":["Deflect","Acrobatics"],"picked":"Choke","floor":3},{"not_picked":["Underhanded Strike","Poisoned Stab"],"picked":"Footwork","floor":5},{"not_picked":["Acrobatics","Predator","Choke"],"picked":"SKIP","floor":6}],"player_experience":2144769,"relics_obtained":[{"floor":6,"key":"Bag of Marbles"},{"floor":9,"key":"Centennial Puzzle"}],"event_choices":[{"damage_healed":0,"gold_gain":0,"player_choice":"Ignored","damage_taken":0,"max_hp_gain":0,"max_hp_loss":0,"event_name":"Liars Game","floor":2,"gold_loss":0},{"damage_healed":0,"gold_gain":0,"player_choice":"Donut","damage_taken":0,"max_hp_gain":5,"max_hp_loss":0,"event_name":"Big Fish","floor":4,"gold_loss":0}],"is_beta":false,"boss_relics":[],"items_purged_floors":[],"is_endless":false,"potions_floor_spawned":[1,3],"killed_by":"Lagavulin","ascension_level":20}