{"gold_per_floor":[12,32,32,48,66,96,96,96,122,138,189,521,540,554,554,657,657,670,681,699,1,1],"floor_reached":22,"playtime":1820,"items_purged":["Outmaneuver"],"score":225,"play_id":"233e1fa5-20e1-4a47-bca8-5dd74c8d06aa","local_time":"20181112004019","is_ascension_mode":false,"campfire_choices":[{"floor":8,"key":"REST"},{"floor":15,"key":"REST"}],"neow_cost":"NO_GOLD","seed_source_timestamp":2791953900037205,"circlet_count":0,"master_deck":["Survivor","Neutralize","Escape Plan","Terror","Backstab","PiercingWail","Storm of Steel","Cloak And Dagger","Backflip","Well Laid Plans","Accuracy","Footwork","Accuracy","Tools of the Trade","Dagger Throw","Underhanded Strike","Cloak And Dagger","Flying Knee","Flying Knee","Finisher","Acrobatics","Blade Dance+1","Blade Dance+1","Storm of Steel","Secret Technique"],"relics":["Ring of the Snake","Potion Belt","Strawberry","Centennial Puzzle","Pen Nib","Art of War","Old Coin","Pandora\u0027s Box","Bronze Scales","FossilizedHelix"],"potions_floor_usage":[12,16,19,22,22],"damage_taken":[{"damage":0,"enemies":"Jaw Worm","floor":1,"turns":5},{"damage":0,"enemies":"2 Louse","floor":2,"turns":2},{"damage":0,"enemies":"Cultist","floor":4,"turns":5},{"damage":5,"enemies":"Exordium Wildlife","floor":5,"turns":5},{"damage":33,"enemies":"Gremlin Nob","floor":6,"turns":5},{"damage":0,"enemies":"Looter","floor":10,"turns":4},{"damage":0,"enemies":"Lagavulin","floor":12,"turns":5},{"damage":13,"enemies":"Red Slaver","floor":13,"turns":2},{"damage":9,"enemies":"2 Fungi Beasts","floor":14,"turns":2},{"damage":9,"enemies":"Hexaghost","floor":16,"turns":7},{"damage":30,"enemies":"Shell Parasite","floor":18,"turns":4},{"damage":27,"enemies":"2 Thieves","floor":19,"turns":4},{"damage":16,"enemies":"3 Cultists","floor":20,"turns":4},{"damage":7,"enemies":"Snake Plant","floor":22,"turns":1}],"seed_played":"4511720721570134364","potions_obtained":[{"floor":2,"key":"Strength Potion"},{"floor":5,"key":"Strength Potion"},{"floor":10,"key":"PowerPotion"},{"floor":14,"key":"GamblersBrew"},{"floor":16,"key":"FearPotion"},{"floor":20,"key":"Dexterity Potion"}],"is_trial":false,"path_per_floor":["M","M","?","M","M","E","?","R","T","M","T","E","M","M","R","B",null,"M","M","M","$","M"],"character_chosen":"THE_SILENT","items_purchased":["Bronze Scales","FossilizedHelix","Secret Technique"],"campfire_rested":2,"item_purchase_floors":[21,21,21],"current_hp_per_floor":[70,70,67,67,62,36,36,59,59,59,59,59,46,37,60,51,77,47,20,4,4,0],"gold":1,"neow_bonus":"TRANSFORM_TWO_CARDS","is_prod":false,"is_daily":false,"chose_seed":false,"campfire_upgraded":0,"win_rate":0,"timestamp":1542004819,"path_taken":["M","M","?","M","M","E","?","R","T","?","?","E","M","M","R","BOSS","M","M","M","$","M"],"build_version":"2018-11-08","purchased_purges":1,"victory":false,"max_hp_per_floor":[70,70,70,70,70,77,77,77,77,77,77,77,77,77,77,77,77,77,77,77,77,77],"card_choices":[{"not_picked":["Acrobatics","Quick Slash"],"picked":"Backstab","floor":1},{"not_picked":["Heel Hook","Backflip"],"picked":"PiercingWail","floor":2},{"not_picked":["Flying Knee","Slice"],"picked":"Storm of Steel","floor":4},{"not_picked":["Flying Knee","Prepared"],"picked":"Cloak And Dagger","floor":5},{"not_picked":["Flying Knee","Reflex"],"picked":"Backflip","floor":6},{"not_picked":["Dodge and Roll","Distraction"],"picked":"Well Laid Plans","floor":10},{"not_picked":["Deflect","All Out Attack"],"picked":"Accuracy","floor":12},{"not_picked":["Dagger Spray","Sucker Punch"],"picked":"Footwork","floor":13},{"not_picked":["Escape Plan","Venomology"],"picked":"Accuracy","floor":14},{"not_picked":["Die Die Die","Corpse Explosion"],"picked":"Tools of the Trade","floor":16},{"not_picked":["Quick Slash","Underhanded Strike"],"picked":"Blade Dance+1","floor":18},{"not_picked":["Dodge and Roll+1","Backflip"],"picked":"Blade Dance+1","floor":19},{"not_picked":["Cloak And Dagger","Endless Agony"],"picked":"Storm of Steel","floor":20}],"player_experience":133336,"relics_obtained":[{"floor":6,"key":"Strawberry"},{"floor":9,"key":"Pen Nib"},{"floor":11,"key":"Art of War"},{"floor":12,"key":"Old Coin"}],"event_choices":[{"damage_healed":0,"gold_gain":0,"player_choice":"Success","damage_taken":3,"relics_obtained":["Potion Belt"],"max_hp_gain":0,"max_hp_loss":0,"event_name":"Scrap Ooze","floor":3,"gold_loss":0},{"damage_healed":0,"gold_gain":0,"player_choice":"Gave Potion","damage_taken":0,"relics_obtained":["Centennial Puzzle"],"max_hp_gain":0,"max_hp_loss":0,"event_name":"WeMeetAgain","floor":7,"gold_loss":0}],"is_beta":false,"boss_relics":[{"not_picked":["Coffee Dripper","Black Star"],"picked":"Pandora\u0027s Box"}],"items_purged_floors":[21],"is_endless":false,"potions_floor_spawned":[2,5,10,14,16,20],"killed_by":"Snake Plant","ascension_level":0}