{"gold_per_floor":[10,10,29,29,41,41,57,76,76,76,101,251,264,24,24,102,102,113,113,131,131,131,131,131],"floor_reached":24,"playtime":2693,"items_purged":["Doubt"],"score":392,"play_id":"3ab38af1-4892-4cab-a023-ae95649a8280","local_time":"20190505091622","is_ascension_mode":true,"campfire_choices":[{"data":"Neutralize","floor":6.0,"key":"SMITH"},{"data":"Deadly Poison","floor":10.0,"key":"SMITH"},{"floor":15.0,"key":"REST"},{"data":"Wraith Form v2","floor":23.0,"key":"SMITH"}],"neow_cost":"NO_GOLD","seed_source_timestamp":142364983400,"circlet_count":0,"master_deck":["AscendersBane","Defend_G+1","Defend_G+1","Defend_G+1","Defend_G+1","Defend_G+1","Strike_G+1","Strike_G+1","Strike_G+1","Survivor+1","Neutralize+1","Caltrops","Blade Dance+1","Bane","Deadly Poison+1","Wraith Form v2+1","Well Laid Plans","Night Terror","Leg Sweep","Pain","Dagger Throw","Ghostly","Ghostly","Ghostly"],"special_seed":0,"relics":["Ring of the Snake","Gremlin Horn","War Paint","Pen Nib","Sozu","WarpedTongs"],"potions_floor_usage":[24],"damage_taken":[{"damage":0.0,"enemies":"Cultist","floor":1.0,"turns":5.0},{"damage":0.0,"enemies":"2 Louse","floor":3.0,"turns":4.0},{"damage":1.0,"enemies":"Small Slimes","floor":5.0,"turns":4.0},{"damage":3.0,"enemies":"Exordium Wildlife","floor":7.0,"turns":3.0},{"damage":2.0,"enemies":"Gremlin Gang","floor":8.0,"turns":3.0},{"damage":46.0,"enemies":"Gremlin Nob","floor":11.0,"turns":4.0},{"damage":0.0,"enemies":"2 Fungi Beasts","floor":13.0,"turns":2.0},{"damage":22.0,"enemies":"Slime Boss","floor":16.0,"turns":12.0},{"damage":17.0,"enemies":"2 Thieves","floor":18.0,"turns":4.0},{"damage":4.0,"enemies":"Chosen","floor":20.0,"turns":7.0},{"damage":49,"enemies":"Gremlin Leader","floor":24,"turns":7}],"seed_played":"-17949708263804434","potions_obtained":[{"floor":1.0,"key":"LiquidBronze"},{"floor":7.0,"key":"Explosive Potion"},{"floor":11.0,"key":"Regen Potion"},{"floor":16.0,"key":"SteroidPotion"}],"is_trial":false,"path_per_floor":["M","?","M","?","M","R","M","M","T","R","E","?","M","$","R","B",null,"M","?","M","?","?","R","E"],"character_chosen":"THE_SILENT","items_purchased":["Pen Nib"],"campfire_rested":1,"item_purchase_floors":[14],"current_hp_per_floor":[59,39,39,61,60,60,57,55,55,55,9,9,14,14,33,11,52,35,35,31,31,31,31,0],"gold":131,"neow_bonus":"REMOVE_TWO","is_prod":false,"is_daily":false,"chose_seed":false,"campfire_upgraded":3,"win_rate":0,"timestamp":1557072982,"path_taken":["M","?","M","?","M","R","M","M","T","R","E","?","M","$","R","BOSS","M","?","?","?","?","R","E"],"build_version":"2019-01-23","purchased_purges":1,"victory":false,"max_hp_per_floor":[66,66,66,66,66,66,66,66,66,66,66,66,66,66,66,66,66,66,66,66,66,33,33,33],"card_choices":[{"not_picked":["Endless Agony","Concentrate"],"picked":"Caltrops","floor":1.0},{"not_picked":["Setup","Prepared"],"picked":"Blade Dance","floor":3.0},{"not_picked":["Deflect","Sucker Punch"],"picked":"Bane","floor":5.0},{"not_picked":["Outmaneuver","Underhanded Strike","Caltrops"],"picked":"SKIP","floor":7.0},{"not_picked":["Riddle With Holes","Caltrops"],"picked":"Deadly Poison","floor":8.0},{"not_picked":["Crippling Poison","Skewer"],"picked":"Wraith Form v2","floor":11.0},{"not_picked":["Predator","Flying Knee"],"picked":"Well Laid Plans","floor":13.0},{"not_picked":["Envenom","Doppelganger"],"picked":"Night Terror","floor":16.0},{"not_picked":["Quick Slash","Sucker Punch"],"picked":"Leg Sweep","floor":18.0},{"not_picked":["Deadly Poison","Dodge and Roll"],"picked":"Dagger Throw","floor":20.0}],"player_experience":1153367,"relics_obtained":[{"floor":9.0,"key":"Gremlin Horn"},{"floor":11.0,"key":"War Paint"}],"event_choices":[{"damage_healed":0.0,"max_hp_gain":0.0,"max_hp_loss":0.0,"gold_gain":0.0,"event_name":"Shining Light","player_choice":"Entered Light","floor":2.0,"gold_loss":0.0,"damage_taken":20.0,"cards_upgraded":["Strike_G","Defend_G"]},{"damage_healed":22.0,"max_hp_gain":0.0,"max_hp_loss":0.0,"gold_gain":0.0,"event_name":"Big Fish","player_choice":"Banana","floor":4.0,"gold_loss":0.0,"damage_taken":0.0},{"damage_healed":0.0,"max_hp_gain":0.0,"max_hp_loss":0.0,"gold_gain":150.0,"event_name":"Liars Game","player_choice":"AGREE","floor":12.0,"gold_loss":0.0,"damage_taken":0.0,"cards_obtained":["Doubt"]},{"damage_healed":0.0,"max_hp_gain":0.0,"max_hp_loss":0.0,"gold_gain":0.0,"event_name":"Accursed Blacksmith","player_choice":"Rummage","floor":19.0,"gold_loss":0.0,"damage_taken":0.0,"relics_obtained":["WarpedTongs"],"cards_obtained":["Pain"]},{"damage_healed":0.0,"max_hp_gain":0.0,"max_hp_loss":0.0,"gold_gain":0.0,"event_name":"Back to Basics","player_choice":"Simplicity","floor":21.0,"gold_loss":0.0,"damage_taken":0.0,"cards_upgraded":["Defend_G","Defend_G","Defend_G","Defend_G","Strike_G","Strike_G"]},{"damage_healed":0.0,"max_hp_gain":0.0,"max_hp_loss":33.0,"gold_gain":0.0,"event_name":"Ghosts","player_choice":"Became a Ghost","floor":22.0,"gold_loss":0.0,"damage_taken":0.0,"cards_obtained":["Ghostly","Ghostly","Ghostly"]}],"is_beta":false,"boss_relics":[{"not_picked":["WristBlade","Fusion Hammer"],"picked":"Sozu"}],"items_purged_floors":[14],"is_endless":false,"potions_floor_spawned":[1,7,11,16,18],"killed_by":"Gremlin Leader","ascension_level":20}