{"gold_per_floor":[113,113,113,130,45,77,77,109,109,109,34,67,78,89,89,161,161,172,4,4,4],"floor_reached":21,"playtime":407,"items_purged":["Strike_R"],"score":465,"play_id":"68ed4fe7-ef7e-4529-a9ce-bc5a8cdf9e3e","local_time":"20190405182742","is_ascension_mode":true,"campfire_choices":[{"data":"Immolate","floor":7,"key":"SMITH"},{"data":"Bash","floor":10,"key":"SMITH"},{"data":"Armaments","floor":15,"key":"SMITH"}],"neow_cost":"NONE","seed_source_timestamp":1033748479064274,"circlet_count":0,"master_deck":["AscendersBane","Defend_R","Defend_R","Defend_R","Defend_R","Bash+1","Armaments+1","Twin Strike","Immolate+1","Spot Weakness","Shockwave","Reaper","Sword Boomerang","Limit Break","Bite","Bite","Bite","Bite","Bite"],"relics":["Burning Blood","NeowsBlessing","Paper Frog","Potion Belt","Pantograph","Question Card","Philosopher\u0027s Stone"],"potions_floor_usage":[12,18,21],"damage_taken":[{"damage":0,"enemies":"2 Louse","floor":1,"turns":1},{"damage":0,"enemies":"Small Slimes","floor":4,"turns":1},{"damage":0,"enemies":"Lagavulin","floor":6,"turns":1},{"damage":15,"enemies":"3 Sentries","floor":8,"turns":5},{"damage":32,"enemies":"Gremlin Nob","floor":12,"turns":4},{"damage":1,"enemies":"Cultist","floor":13,"turns":3},{"damage":1,"enemies":"2 Fungi Beasts","floor":14,"turns":3},{"damage":49,"enemies":"The Guardian","floor":16,"turns":10},{"damage":17,"enemies":"2 Thieves","floor":18,"turns":4},{"damage":65,"enemies":"3 Byrds","floor":21,"turns":4}],"seed_played":"-5412653207413085672","potions_obtained":[{"floor":8,"key":"FearPotion"},{"floor":13,"key":"Block Potion"},{"floor":16,"key":"Fruit Juice"}],"is_trial":false,"path_per_floor":["M","?","?","M","$","E","R","E","T","R","$","E","M","M","R","B",null,"M","$","?","M"],"character_chosen":"IRONCLAD","items_purchased":["Immolate","Limit Break"],"campfire_rested":0,"item_purchase_floors":[5,19],"current_hp_per_floor":[74,74,74,75,75,75,75,66,66,66,66,40,45,50,50,32,64,60,60,56,0],"gold":4,"neow_bonus":"THREE_ENEMY_KILL","is_prod":false,"is_daily":false,"chose_seed":false,"campfire_upgraded":3,"win_rate":0,"timestamp":1554499662,"path_taken":["M","?","?","?","$","E","R","E","T","R","$","E","M","M","R","BOSS","M","$","?","M"],"build_version":"2019-01-23","purchased_purges":1,"victory":false,"max_hp_per_floor":[75,75,75,75,75,75,75,75,75,75,75,75,75,75,75,75,75,80,80,56,56],"card_choices":[{"not_picked":["Wild Strike","Clash"],"picked":"Armaments","floor":1},{"not_picked":["Cleave","Iron Wave"],"picked":"Twin Strike","floor":4},{"not_picked":["Sword Boomerang","Twin Strike","True Grit"],"picked":"SKIP","floor":6},{"not_picked":["Demon Form","Clash","Armaments"],"picked":"SKIP","floor":8},{"not_picked":["Sword Boomerang","Shrug It Off"],"picked":"Spot Weakness","floor":12},{"not_picked":["Uppercut","Bloodletting","Pommel Strike"],"picked":"Shockwave","floor":13},{"not_picked":["Sword Boomerang","Reckless Charge","Anger","Entrench"],"picked":"SKIP","floor":14},{"not_picked":["Feed","Dark Embrace","Offering"],"picked":"Reaper","floor":16},{"not_picked":["Dual Wield+1","Thunderclap","Perfected Strike"],"picked":"Sword Boomerang","floor":18}],"player_experience":2013272,"relics_obtained":[{"floor":6,"key":"Paper Frog"},{"floor":8,"key":"Potion Belt"},{"floor":9,"key":"Pantograph"},{"floor":12,"key":"Question Card"}],"event_choices":[{"damage_healed":0,"gold_gain":0,"player_choice":"Leave","damage_taken":0,"max_hp_gain":0,"max_hp_loss":0,"event_name":"The Cleric","floor":2,"gold_loss":0},{"damage_healed":0,"gold_gain":0,"player_choice":"0 cards matched","damage_taken":0,"max_hp_gain":0,"max_hp_loss":0,"event_name":"Match and Keep!","floor":3,"gold_loss":0,"cards_obtained":[]},{"damage_healed":0,"gold_gain":0,"player_choice":"Became a vampire","damage_taken":0,"max_hp_gain":0,"max_hp_loss":24,"event_name":"Vampires","floor":20,"gold_loss":0,"cards_obtained":["Bite","Bite","Bite","Bite","Bite"]}],"is_beta":false,"boss_relics":[{"not_picked":["Black Star","Orrery"],"picked":"Philosopher\u0027s Stone"}],"items_purged_floors":[11],"is_endless":false,"potions_floor_spawned":[8,13,16],"killed_by":"3 Byrds","ascension_level":20}