{"gold_per_floor":[119,136,47,12,12,41,41,70,70,82,93,93,104,117,117,196,196,210,225,11,11,11,11,25,37,113,113,140,157,157,105,105,182,182,202,477,78,94,104,104,114,143,143,157,167,193,212,225,225,225,225],"floor_reached":51,"playtime":2544,"items_purged":["Regret"],"score":1561,"play_id":"7800a903-5f8b-48bd-97de-c3cf78fee6fa","local_time":"20190429024739","is_ascension_mode":true,"campfire_choices":[{"data":"Footwork","floor":7.0,"key":"SMITH"},{"data":"Well Laid Plans","floor":12.0,"key":"SMITH"},{"data":"Corpse Explosion","floor":15.0,"key":"SMITH"},{"data":"Neutralize","floor":23.0,"key":"SMITH"},{"data":"Blur","floor":27.0,"key":"SMITH"},{"data":"After Image","floor":30.0,"key":"SMITH"},{"floor":32.0,"key":"REST"},{"floor":40,"key":"RECALL"},{"data":"Crippling Poison","floor":49,"key":"SMITH"}],"neow_cost":"NONE","seed_source_timestamp":1221690405914135,"circlet_count":0,"master_deck":["AscendersBane","Defend_G","Defend_G","Defend_G","Defend_G","Defend_G","Survivor","Neutralize+1","Footwork+1","Backstab","Quick Slash","Dagger Spray+1","Corpse Explosion+1","Well Laid Plans+1","Infinite Blades","Blur+1","After Image+1","PiercingWail+1","Backflip","Bite","Bite","Bite","Bite","Dodge and Roll","Backflip+1","Backflip","Tools of the Trade+1","PiercingWail","Dark Shackles","Noxious Fumes+1","Crippling Poison+1","Dash","Blur","Predator","Sucker Punch+1","Poisoned Stab+1"],"special_seed":0,"relics":["Ring of the Snake","NeowsBlessing","Bottled Tornado","Sozu","Bronze Scales","Frozen Egg 2","Bottled Lightning","Ornamental Fan","Cursed Key","Strawberry","Tingsha","Ancient Tea Set"],"potions_floor_usage":[],"damage_taken":[{"damage":0.0,"enemies":"Small Slimes","floor":1.0,"turns":1.0},{"damage":0.0,"enemies":"Jaw Worm","floor":2.0,"turns":1.0},{"damage":0.0,"enemies":"Gremlin Nob","floor":6.0,"turns":1.0},{"damage":22.0,"enemies":"3 Sentries","floor":8.0,"turns":4.0},{"damage":0.0,"enemies":"Cultist","floor":10.0,"turns":3.0},{"damage":1.0,"enemies":"Red Slaver","floor":11.0,"turns":3.0},{"damage":1.0,"enemies":"Lots of Slimes","floor":13.0,"turns":2.0},{"damage":5.0,"enemies":"Blue Slaver","floor":14.0,"turns":4.0},{"damage":41.0,"enemies":"Slime Boss","floor":16.0,"turns":9.0},{"damage":16.0,"enemies":"Chosen","floor":18.0,"turns":6.0},{"damage":11.0,"enemies":"2 Thieves","floor":19.0,"turns":4.0},{"damage":1.0,"enemies":"Cultist and Chosen","floor":24.0,"turns":6.0},{"damage":0.0,"enemies":"Centurion and Healer","floor":25.0,"turns":11.0},{"damage":28.0,"enemies":"Slavers","floor":28.0,"turns":3.0},{"damage":0.0,"enemies":"3 Cultists","floor":29.0,"turns":2.0},{"damage":29.0,"enemies":"Collector","floor":33.0,"turns":15.0},{"damage":0.0,"enemies":"Orb Walker","floor":35.0,"turns":4.0},{"damage":6,"enemies":"3 Shapes","floor":38,"turns":2},{"damage":0,"enemies":"Spire Growth","floor":39,"turns":7},{"damage":0,"enemies":"3 Darklings","floor":41,"turns":3},{"damage":32,"enemies":"Reptomancer","floor":42,"turns":10},{"damage":8,"enemies":"Maw","floor":44,"turns":9},{"damage":0,"enemies":"Sphere and 2 Shapes","floor":45,"turns":5},{"damage":5,"enemies":"Giant Head","floor":46,"turns":14},{"damage":0,"enemies":"Jaw Worm Horde","floor":47,"turns":3},{"damage":0,"enemies":"Spire Growth","floor":48,"turns":7},{"damage":40,"enemies":"Donu and Deca","floor":50,"turns":11},{"damage":27,"enemies":"Time Eater","floor":51,"turns":3}],"seed_played":"-1409427591996071343","potions_obtained":[{"floor":1.0,"key":"PowerPotion"},{"floor":6.0,"key":"Regen Potion"}],"is_trial":false,"path_per_floor":["M","M","$","?","?","E","R","E","T","M","M","R","M","M","R","B",null,"M","M","$","?","?","R","M","M","T","R","E","M","R","$","R","B",null,"M","?","$","M","M","R","M","E","T","M","M","E","M","M","R","B","B"],"character_chosen":"THE_SILENT","items_purchased":["Quick Slash","Dagger Spray","Bronze Scales","Backflip","Backflip","Strawberry","PiercingWail","Dark Shackles"],"campfire_rested":1,"item_purchase_floors":[3,3,20,20,31,37,37,37],"current_hp_per_floor":[59,59,59,66,66,66,66,44,44,44,43,43,42,37,37,11,52,36,25,25,25,25,25,32,46,46,46,18,22,22,22,35,30,42,46,46,53,49,53,53,53,43,43,53,53,50,53,53,53,21,0],"gold":225,"neow_bonus":"THREE_ENEMY_KILL","is_prod":false,"is_daily":false,"chose_seed":false,"campfire_upgraded":7,"win_rate":0,"timestamp":1556516859,"path_taken":["M","M","$","?","?","E","R","E","T","M","M","R","M","M","R","BOSS","M","M","$","?","?","R","M","M","T","R","E","M","R","$","R","BOSS","M","?","$","?","M","R","M","E","T","M","M","E","?","M","R","BOSS","BOSS"],"build_version":"2019-01-23","purchased_purges":1,"victory":false,"max_hp_per_floor":[66,66,66,66,66,66,66,66,66,66,66,66,66,66,66,66,66,66,66,66,46,46,46,46,46,46,46,46,46,46,46,46,46,46,46,46,53,53,53,53,53,53,53,53,53,53,53,53,53,53,53],"card_choices":[{"not_picked":["Deflect","Choke"],"picked":"Footwork","floor":1.0},{"not_picked":["Bane","Flechettes"],"picked":"Backstab","floor":2.0},{"not_picked":["All Out Attack","Finisher"],"picked":"Corpse Explosion","floor":6.0},{"not_picked":["Heel Hook","Setup","Night Terror"],"picked":"SKIP","floor":8.0},{"not_picked":["Heel Hook","Setup","Night Terror"],"picked":"SKIP","floor":8.0},{"not_picked":["Flying Knee","All Out Attack","Concentrate"],"picked":"SKIP","floor":10.0},{"not_picked":["Skewer","Accuracy"],"picked":"Well Laid Plans","floor":11.0},{"not_picked":["Poisoned Stab","Prepared"],"picked":"Infinite Blades","floor":13.0},{"not_picked":["Quick Slash","Cloak And Dagger"],"picked":"Blur","floor":14.0},{"not_picked":["Bullet Time","Adrenaline"],"picked":"After Image","floor":16.0},{"not_picked":["Finisher","Calculated Gamble","Riddle With Holes"],"picked":"SKIP","floor":18.0},{"not_picked":["Bane+1","Dagger Spray"],"picked":"PiercingWail+1","floor":19.0},{"not_picked":["Slice","Escape Plan"],"picked":"Dodge and Roll","floor":24.0},{"not_picked":["Choke","Deadly Poison"],"picked":"Backflip+1","floor":25.0},{"not_picked":["Prepared","Dagger Throw+1","Poisoned Stab"],"picked":"SKIP","floor":28.0},{"not_picked":["Acrobatics","Calculated Gamble","Bouncing Flask"],"picked":"SKIP","floor":29.0},{"not_picked":["Acrobatics","Calculated Gamble","Bouncing Flask"],"picked":"SKIP","floor":29.0},{"not_picked":["Burst","Storm of Steel"],"picked":"Tools of the Trade+1","floor":33.0},{"not_picked":["Blade Dance","Setup","Eviscerate+1"],"picked":"SKIP","floor":35.0},{"not_picked":["Blade Dance+1","Acrobatics"],"picked":"Noxious Fumes+1","floor":38},{"not_picked":["Finisher","Accuracy+1","Dagger Spray"],"picked":"SKIP","floor":39},{"not_picked":["Acrobatics","Cloak And Dagger"],"picked":"Crippling Poison","floor":41},{"not_picked":["Blade Dance","Distraction"],"picked":"Dash","floor":42},{"not_picked":["Quick Slash+1","Deadly Poison+1"],"picked":"Blur","floor":44},{"not_picked":["Cloak And Dagger","Quick Slash"],"picked":"Predator","floor":45},{"not_picked":["Outmaneuver","PiercingWail"],"picked":"Sucker Punch+1","floor":46},{"not_picked":["Flying Knee","Quick Slash","Blade Dance"],"picked":"SKIP","floor":47},{"not_picked":["Bane+1","Eviscerate"],"picked":"Poisoned Stab+1","floor":48}],"player_experience":2233786,"relics_obtained":[{"floor":6.0,"key":"Bottled Tornado"},{"floor":26.0,"key":"Bottled Lightning"},{"floor":28.0,"key":"Ornamental Fan"},{"floor":42,"key":"Tingsha"},{"floor":46,"key":"Ancient Tea Set"}],"event_choices":[{"damage_healed":16.0,"max_hp_gain":0.0,"max_hp_loss":0.0,"gold_gain":0.0,"event_name":"The Cleric","player_choice":"Healed","floor":4.0,"gold_loss":35.0,"damage_taken":0.0},{"damage_healed":0.0,"max_hp_gain":0.0,"max_hp_loss":0.0,"gold_gain":0.0,"event_name":"Living Wall","player_choice":"Grow","floor":5.0,"gold_loss":0.0,"damage_taken":0.0,"cards_upgraded":["Dagger Spray"]},{"damage_healed":0.0,"max_hp_gain":0.0,"max_hp_loss":20.0,"gold_gain":0.0,"event_name":"Vampires","player_choice":"Became a vampire","floor":21.0,"gold_loss":0.0,"damage_taken":0.0,"cards_obtained":["Bite","Bite","Bite","Bite","Bite"]},{"cards_removed":["Bite"],"damage_healed":0.0,"max_hp_gain":0.0,"max_hp_loss":0.0,"gold_gain":0.0,"event_name":"WeMeetAgain","player_choice":"Gave Card","floor":22.0,"gold_loss":0.0,"damage_taken":0.0,"relics_obtained":["Frozen Egg 2"]},{"damage_healed":0,"gold_gain":275,"player_choice":"Desecrate","damage_taken":0,"max_hp_gain":0,"max_hp_loss":0,"event_name":"Golden Shrine","floor":36,"gold_loss":0,"cards_obtained":["Regret"]}],"is_beta":false,"boss_relics":[{"not_picked":["Pandora\u0027s Box","Snecko Eye"],"picked":"Sozu"},{"not_picked":["Astrolabe","Philosopher\u0027s Stone"],"picked":"Cursed Key"}],"items_purged_floors":[37],"is_endless":false,"potions_floor_spawned":[1,6,10,14,18,24,28,39,42,44,45,46],"killed_by":"Time Eater","ascension_level":20}