{"gold_per_floor":[118,193,20,20,39,39,65,81,105,134,188,188,188],"floor_reached":13,"playtime":201,"items_purged":[],"score":232,"play_id":"4ddd4bec-aa27-49fa-b6e6-c6d8c34f2d06","local_time":"20190421141958","is_ascension_mode":true,"campfire_choices":[{"floor":12,"key":"REST"}],"neow_cost":"NONE","seed_source_timestamp":574428691195742,"circlet_count":0,"master_deck":["AscendersBane","Defend_G","Defend_G","Defend_G","Defend_G","Defend_G","Strike_G","Strike_G","Strike_G","Strike_G","Strike_G","Survivor","Neutralize","Endless Agony","Pain","Adrenaline","Dagger Spray"],"relics":["Ring of the Snake","NeowsBlessing","Anchor","WarpedTongs","Blood Vial","Potion Belt","Peace Pipe","Bronze Scales"],"potions_floor_usage":[10],"damage_taken":[{"damage":0,"enemies":"Jaw Worm","floor":1,"turns":1},{"damage":2,"enemies":"Small Slimes","floor":5,"turns":1},{"damage":0,"enemies":"3 Sentries","floor":7,"turns":1},{"damage":7,"enemies":"Cultist","floor":8,"turns":4},{"damage":34,"enemies":"Gremlin Nob","floor":10,"turns":4},{"damage":31,"enemies":"Exordium Thugs","floor":13,"turns":7}],"seed_played":"6631950354827143994","potions_obtained":[{"floor":1,"key":"AttackPotion"}],"is_trial":false,"path_per_floor":["M","?","$","?","M","$","E","M","T","E","T","R","M"],"character_chosen":"THE_SILENT","items_purchased":["Anchor"],"campfire_rested":1,"item_purchase_floors":[3],"current_hp_per_floor":[59,48,48,48,46,46,46,41,41,9,9,28,0],"gold":188,"neow_bonus":"THREE_ENEMY_KILL","is_prod":false,"is_daily":false,"chose_seed":false,"campfire_upgraded":0,"win_rate":0,"timestamp":1555867198,"path_taken":["M","?","$","?","?","?","E","?","T","E","?","R","M"],"build_version":"2019-01-23","purchased_purges":0,"victory":false,"max_hp_per_floor":[66,66,66,66,66,66,66,66,66,66,66,66,66],"card_choices":[{"not_picked":["Heel Hook","Caltrops"],"picked":"Endless Agony","floor":1},{"not_picked":["Outmaneuver","Slice","Deflect"],"picked":"SKIP","floor":5},{"not_picked":["Heel Hook","Poisoned Stab"],"picked":"Adrenaline","floor":7},{"not_picked":["Catalyst","Riddle With Holes"],"picked":"Dagger Spray","floor":8},{"not_picked":["Deflect","Bane","Distraction"],"picked":"SKIP","floor":10}],"player_experience":2160506,"relics_obtained":[{"floor":7,"key":"Blood Vial"},{"floor":9,"key":"Potion Belt"},{"floor":10,"key":"Peace Pipe"},{"floor":11,"key":"Bronze Scales"}],"event_choices":[{"damage_healed":0,"gold_gain":75,"player_choice":"Gather Gold","damage_taken":11,"max_hp_gain":0,"max_hp_loss":0,"event_name":"World of Goop","floor":2,"gold_loss":0},{"damage_healed":0,"gold_gain":0,"player_choice":"Rummage","damage_taken":0,"relics_obtained":["WarpedTongs"],"max_hp_gain":0,"max_hp_loss":0,"event_name":"Accursed Blacksmith","floor":4,"gold_loss":0,"cards_obtained":["Pain"]}],"is_beta":false,"boss_relics":[],"items_purged_floors":[],"is_endless":false,"potions_floor_spawned":[1],"killed_by":"Exordium Thugs","ascension_level":20}