{"gold_per_floor":[112,126,141,155,168,203,203,203,203,213,288,288,12,24,24,24],"floor_reached":16,"playtime":1201,"items_purged":["Defend_R"],"score":104,"play_id":"60056cad-752a-4369-9e4c-9a376c214d56","local_time":"20180721165902","is_ascension_mode":false,"campfire_choices":[{"floor":12,"key":"REST"},{"floor":15,"key":"REST"}],"neow_cost":"NONE","seed_source_timestamp":920914812472871,"circlet_count":0,"master_deck":["Strike_R","Strike_R","Strike_R","Strike_R","Strike_R","Defend_R","Defend_R","Defend_R","Bash","Warcry","Burning Pact","Fire Breathing","Infernal Blade","Flex","Berserk","Headbutt","Evolve"],"relics":["Burning Blood","NeowsBlessing","Sundial","Oddly Smooth Stone","Dodecahedron","Strange Spoon"],"potions_floor_usage":[6,6,6,6,6,16],"damage_taken":[{"damage":0,"enemies":"Jaw Worm","floor":1,"turns":1},{"damage":0,"enemies":"Cultist","floor":2,"turns":1},{"damage":0,"enemies":"Small Slimes","floor":3,"turns":1},{"damage":11,"enemies":"Exordium Wildlife","floor":4,"turns":5},{"damage":21,"enemies":"Large Slime","floor":5,"turns":9},{"damage":33,"enemies":"3 Sentries","floor":6,"turns":7},{"damage":13,"enemies":"2 Fungi Beasts","floor":10,"turns":4},{"damage":17,"enemies":"3 Louse","floor":14,"turns":3},{"damage":69,"enemies":"The Guardian","floor":16,"turns":8}],"seed_played":"-2903209765088578490","potions_obtained":[{"floor":2,"key":"LiquidBronze"},{"floor":3,"key":"EntropicBrew"},{"floor":5,"key":"SteroidPotion"},{"floor":6,"key":"SpeedPotion"}],"is_trial":false,"path_per_floor":["M","M","M","M","M","E","?","?","T","M","?","R","$","M","R"],"character_chosen":"IRONCLAD","items_purchased":["Strange Spoon"],"campfire_rested":2,"item_purchase_floors":[13],"current_hp_per_floor":[80,80,80,75,60,49,49,49,49,42,31,55,55,44,68,0],"gold":24,"neow_bonus":"THREE_ENEMY_KILL","is_prod":false,"is_daily":false,"chose_seed":false,"campfire_upgraded":0,"win_rate":0.0,"timestamp":1532210342,"path_taken":["M","M","M","M","M","E","?","?","T","M","?","R","$","M","R","BOSS"],"build_version":"2018-07-19v2","purchased_purges":1,"victory":false,"max_hp_per_floor":[80,80,80,80,80,80,80,80,80,80,80,80,80,80,80,80],"card_choices":[{"not_picked":["Pommel Strike","Shrug It Off"],"picked":"Warcry","floor":1},{"not_picked":["Clothesline","Headbutt"],"picked":"Burning Pact","floor":2},{"not_picked":["Clash","Wild Strike"],"picked":"Fire Breathing","floor":3},{"not_picked":["Wild Strike","Body Slam"],"picked":"Infernal Blade","floor":4},{"not_picked":["Body Slam","Heavy Blade"],"picked":"Flex","floor":5},{"not_picked":["Warcry","Uppercut"],"picked":"Berserk","floor":6},{"not_picked":["Clash","Sword Boomerang"],"picked":"Headbutt","floor":10},{"not_picked":["Spot Weakness","Pommel Strike"],"picked":"Evolve","floor":14}],"player_experience":100406,"relics_obtained":[{"floor":6,"key":"Sundial"},{"floor":9,"key":"Dodecahedron"}],"event_choices":[{"event_name":"Wheel of Change","player_choice":"Relic","floor":7,"damage_taken":0},{"event_name":"Shining Light","player_choice":"Ignored","floor":8,"damage_taken":0},{"event_name":"World of Goop","player_choice":"Gather Gold","floor":11,"damage_taken":0}],"is_beta":false,"boss_relics":[],"items_purged_floors":[13],"is_endless":false,"potions_floor_spawned":[2,3,5,6],"killed_by":"The Guardian","ascension_level":0}