{"gold_per_floor":[115,5,5,16,28,28,63,63,63,78,105,116,151,114,114,189,189,201,219,219,231,74,105,105,105],"floor_reached":25,"playtime":2291,"items_purged":[],"score":482,"play_id":"82d539d7-34db-4c16-90f0-f4dd442baa4e","local_time":"20190518111855","is_ascension_mode":true,"campfire_choices":[{"data":"Dagger Spray","floor":6.0,"key":"SMITH"},{"floor":8.0,"key":"REST"},{"floor":15.0,"key":"REST"},{"data":"1","floor":24,"key":"LIFT"}],"neow_cost":"NONE","seed_source_timestamp":144119431222600,"circlet_count":0,"master_deck":["AscendersBane","Defend_G+1","Defend_G+1","Defend_G+1","Defend_G+1","Defend_G+1","Strike_G+1","Strike_G+1","Strike_G+1","Strike_G+1","Strike_G+1","Survivor","Neutralize","Blade Dance","Dagger Spray+1","Deadly Poison","Backstab","Crippling Poison","Dagger Throw","Terror","Leg Sweep","Crippling Poison","Burst","All Out Attack+1","Skewer","Footwork","Acrobatics"],"special_seed":0,"relics":["Ring of the Snake","Sundial","Orichalcum","Whetstone","Dream Catcher","Girya","Cursed Key","Bottled Flame"],"potions_floor_usage":[23],"damage_taken":[{"damage":12.0,"enemies":"Small Slimes","floor":1.0,"turns":8.0},{"damage":0.0,"enemies":"2 Louse","floor":4.0,"turns":2.0},{"damage":7.0,"enemies":"Jaw Worm","floor":5.0,"turns":4.0},{"damage":25.0,"enemies":"Gremlin Nob","floor":7.0,"turns":4.0},{"damage":1.0,"enemies":"Gremlin Gang","floor":10.0,"turns":2.0},{"damage":7.0,"enemies":"3 Sentries","floor":11.0,"turns":8.0},{"damage":0.0,"enemies":"Large Slime","floor":12.0,"turns":2.0},{"damage":12.0,"enemies":"Lagavulin","floor":13.0,"turns":5.0},{"damage":18.0,"enemies":"The Guardian","floor":16.0,"turns":12.0},{"damage":8.0,"enemies":"Chosen","floor":18.0,"turns":5.0},{"damage":16.0,"enemies":"Spheric Guardian","floor":19.0,"turns":4.0},{"damage":0.0,"enemies":"3 Cultists","floor":21.0,"turns":4.0},{"damage":18,"enemies":"Book of Stabbing","floor":23,"turns":6},{"damage":25,"enemies":"Shelled Parasite and Fungi","floor":25,"turns":1}],"seed_played":"-745990136560438174","potions_obtained":[{"floor":1.0,"key":"Ancient Potion"},{"floor":10.0,"key":"SpeedPotion"},{"floor":11.0,"key":"Fire Potion"},{"floor":13.0,"key":"PowerPotion"},{"floor":16.0,"key":"Fire Potion"},{"floor":18.0,"key":"PowerPotion"}],"is_trial":false,"path_per_floor":["M","$","?","M","M","R","E","R","T","M","E","M","E","?","R","B",null,"M","M","?","M","$","E","R","M"],"character_chosen":"THE_SILENT","items_purchased":["Dagger Spray","PowerPotion","Footwork","GhostInAJar"],"campfire_rested":2,"item_purchase_floors":[2,2,22,22],"current_hp_per_floor":[53,53,42,42,35,35,10,31,31,30,23,23,11,11,32,14,58,50,34,34,34,34,16,16,0],"gold":105,"neow_bonus":"TEN_PERCENT_HP_BONUS","is_prod":false,"is_daily":false,"chose_seed":false,"campfire_upgraded":1,"win_rate":0,"timestamp":1558203535,"path_taken":["M","$","?","M","M","R","E","R","T","M","E","M","E","?","R","BOSS","M","M","?","M","$","E","R","M"],"build_version":"2019-01-23","purchased_purges":0,"victory":false,"max_hp_per_floor":[72,72,72,72,72,72,72,72,72,72,72,72,72,72,72,72,72,72,72,72,72,72,72,72,72],"card_choices":[{"not_picked":["Calculated Gamble","Masterful Stab"],"picked":"Blade Dance","floor":1.0},{"not_picked":["Underhanded Strike","Acrobatics"],"picked":"Deadly Poison","floor":4.0},{"not_picked":["Flying Knee","Blade Dance"],"picked":"Backstab","floor":5.0},{"not_picked":["Dagger Throw","Prepared"],"picked":"Crippling Poison","floor":7.0},{"not_picked":["Infinite Blades","Backflip"],"picked":"Dagger Throw","floor":10.0},{"not_picked":["Underhanded Strike","Outmaneuver","Choke"],"picked":"SKIP","floor":11.0},{"not_picked":["Noxious Fumes","Wraith Form v2"],"picked":"Terror","floor":12.0},{"not_picked":["Bouncing Flask","Prepared"],"picked":"Leg Sweep","floor":13.0},{"not_picked":["Endless Agony","Concentrate"],"picked":"Crippling Poison","floor":15.0},{"not_picked":["After Image","Bullet Time"],"picked":"Burst","floor":16.0},{"not_picked":["Choke","Expertise+1"],"picked":"All Out Attack+1","floor":18.0},{"not_picked":["Quick Slash","Slice"],"picked":"Skewer","floor":19.0},{"not_picked":["Setup+1","Terror","Underhanded Strike"],"picked":"SKIP","floor":21.0},{"not_picked":["Quick Slash","Skewer"],"picked":"Acrobatics","floor":23}],"player_experience":1365780,"relics_obtained":[{"floor":7.0,"key":"Orichalcum"},{"floor":9.0,"key":"Whetstone"},{"floor":11.0,"key":"Dream Catcher"},{"floor":13.0,"key":"Girya"},{"floor":23,"key":"Bottled Flame"}],"event_choices":[{"damage_healed":0.0,"max_hp_gain":0.0,"max_hp_loss":0.0,"gold_gain":0.0,"event_name":"Scrap Ooze","player_choice":"Success","floor":3.0,"gold_loss":0.0,"damage_taken":11.0,"relics_obtained":["Sundial"]},{"damage_healed":0.0,"max_hp_gain":0.0,"max_hp_loss":0.0,"gold_gain":0.0,"event_name":"World of Goop","player_choice":"Left Gold","floor":14.0,"gold_loss":37.0,"damage_taken":0.0},{"damage_healed":0.0,"max_hp_gain":0.0,"max_hp_loss":0.0,"gold_gain":0.0,"event_name":"Back to Basics","player_choice":"Simplicity","floor":20.0,"gold_loss":0.0,"damage_taken":0.0,"cards_upgraded":["Defend_G","Defend_G","Defend_G","Defend_G","Defend_G","Strike_G","Strike_G","Strike_G"]}],"is_beta":false,"boss_relics":[{"not_picked":["Black Star","Pandora\u0027s Box"],"picked":"Cursed Key"}],"items_purged_floors":[],"is_endless":false,"potions_floor_spawned":[1,10,11,13,16,18],"killed_by":"Shelled Parasite and Fungi","ascension_level":20}