{"gold_per_floor":[111,122,122,141,154,154,181,15,15,15,15,28,28,42,42,119,119,135,50,25,25,35,35,49,49],"floor_reached":25,"playtime":2088,"items_purged":["Regret"],"score":431,"play_id":"6b29eff2-cc09-4ed7-bb9b-9221d51fcc59","local_time":"20190505204206","is_ascension_mode":true,"campfire_choices":[{"data":"Neutralize","floor":6.0,"key":"SMITH"},{"floor":11.0,"key":"REST"},{"data":"Bouncing Flask","floor":15.0,"key":"SMITH"},{"data":"Wraith Form v2","floor":23.0,"key":"SMITH"}],"neow_cost":"CURSE","seed_source_timestamp":41534314124900,"circlet_count":0,"master_deck":["AscendersBane","Defend_G","Defend_G","Defend_G","Defend_G","Defend_G","Strike_G","Strike_G","Strike_G","Survivor","Neutralize+1","Flying Knee","Skewer","Dodge and Roll","Bouncing Flask+1","Noxious Fumes","Dash","Unload","Wraith Form v2+1","Bullet Time","PiercingWail","Dagger Spray","Dodge and Roll","Decay","Backflip","PiercingWail"],"special_seed":0,"relics":["Ring of the Snake","Singing Bowl","Prayer Wheel","Velvet Choker","FossilizedHelix"],"potions_floor_usage":[25],"damage_taken":[{"damage":4.0,"enemies":"Small Slimes","floor":1.0,"turns":5.0},{"damage":8.0,"enemies":"Jaw Worm","floor":2.0,"turns":5.0},{"damage":1.0,"enemies":"Cultist","floor":4.0,"turns":3.0},{"damage":14.0,"enemies":"2 Fungi Beasts","floor":5.0,"turns":5.0},{"damage":33.0,"enemies":"3 Sentries","floor":7.0,"turns":11.0},{"damage":2.0,"enemies":"Lots of Slimes","floor":12.0,"turns":5.0},{"damage":2.0,"enemies":"Looter","floor":14.0,"turns":3.0},{"damage":4.0,"enemies":"The Guardian","floor":16.0,"turns":9.0},{"damage":13.0,"enemies":"Spheric Guardian","floor":18.0,"turns":4.0},{"damage":9.0,"enemies":"2 Thieves","floor":22.0,"turns":5.0},{"damage":51.0,"enemies":"Cultist and Chosen","floor":24.0,"turns":9.0},{"damage":22,"enemies":"Gremlin Leader","floor":25,"turns":2}],"seed_played":"531138985444886121","potions_obtained":[{"floor":2.0,"key":"Energy Potion"},{"floor":4.0,"key":"SpeedPotion"},{"floor":14.0,"key":"SkillPotion"},{"floor":16.0,"key":"Poison Potion"},{"floor":18.0,"key":"Regen Potion"},{"floor":24.0,"key":"SkillPotion"}],"is_trial":false,"path_per_floor":["M","M","?","M","M","R","E","$","T","?","R","M","?","M","R","B",null,"M","?","$","?","M","R","M","E"],"character_chosen":"THE_SILENT","items_purchased":["Noxious Fumes","AttackPotion","Dodge and Roll"],"campfire_rested":1,"item_purchase_floors":[8,8,20],"current_hp_per_floor":[67,59,59,58,44,44,13,13,13,13,37,37,37,37,37,33,71,58,58,58,58,64,64,17,0],"gold":49,"neow_bonus":"TWENTY_PERCENT_HP_BONUS","is_prod":false,"is_daily":false,"chose_seed":false,"campfire_upgraded":3,"win_rate":0,"timestamp":1557114126,"path_taken":["M","M","?","M","M","R","E","$","T","?","R","?","?","?","R","BOSS","M","?","$","?","?","R","M","E"],"build_version":"2019-01-23","purchased_purges":1,"victory":false,"max_hp_per_floor":[78,78,78,78,78,78,80,80,80,80,80,82,82,84,84,84,84,84,84,84,84,84,84,88,88],"card_choices":[{"not_picked":["Dagger Spray","Blade Dance"],"picked":"Flying Knee","floor":1.0},{"not_picked":["Cloak And Dagger","Dagger Throw"],"picked":"Skewer","floor":2.0},{"not_picked":["Cloak And Dagger","Bane"],"picked":"Dodge and Roll","floor":4.0},{"not_picked":["Noxious Fumes","Blur"],"picked":"Bouncing Flask","floor":5.0},{"not_picked":["Quick Slash","Blade Dance","Predator"],"picked":"Singing Bowl","floor":7.0},{"not_picked":["Bane","Prepared","Underhanded Strike"],"picked":"Singing Bowl","floor":12.0},{"not_picked":["Quick Slash","Prepared"],"picked":"Dash","floor":12.0},{"not_picked":["Flying Knee","Masterful Stab","Reflex"],"picked":"Singing Bowl","floor":14.0},{"not_picked":["Underhanded Strike","Reflex"],"picked":"Wraith Form v2","floor":14.0},{"not_picked":["Glass Knife","Malaise"],"picked":"Bullet Time","floor":16.0},{"not_picked":["Deflect","Leg Sweep"],"picked":"PiercingWail","floor":18.0},{"not_picked":["Deflect","Riddle With Holes"],"picked":"Dagger Spray","floor":18.0},{"not_picked":["Prepared","Bullet Time"],"picked":"Backflip","floor":22.0},{"not_picked":["Deadly Poison","Heel Hook"],"picked":"PiercingWail","floor":22.0},{"not_picked":["Cloak And Dagger","Accuracy","Bouncing Flask"],"picked":"Singing Bowl","floor":24.0},{"not_picked":["Slice","Blade Dance","Dodge and Roll"],"picked":"Singing Bowl","floor":24.0}],"player_experience":1192111,"relics_obtained":[{"floor":7.0,"key":"Singing Bowl"},{"floor":9.0,"key":"Prayer Wheel"}],"event_choices":[{"damage_healed":0.0,"max_hp_gain":0.0,"max_hp_loss":0.0,"gold_gain":0.0,"event_name":"Liars Game","player_choice":"Ignored","floor":3.0,"gold_loss":0.0,"damage_taken":0.0},{"cards_removed":["Strike_G"],"damage_healed":0.0,"max_hp_gain":0.0,"max_hp_loss":0.0,"gold_gain":0.0,"event_name":"Purifier","player_choice":"Purged","floor":10.0,"gold_loss":0.0,"damage_taken":0.0},{"damage_healed":0.0,"max_hp_gain":0.0,"max_hp_loss":0.0,"gold_gain":0.0,"cards_transformed":["Strike_G"],"event_name":"Transmorgrifier","player_choice":"Transformed","floor":13.0,"gold_loss":0.0,"damage_taken":0.0,"cards_obtained":["Unload"]},{"damage_healed":0.0,"max_hp_gain":0.0,"max_hp_loss":0.0,"gold_gain":0.0,"event_name":"Addict","player_choice":"Obtained Relic","floor":19.0,"gold_loss":85.0,"damage_taken":0.0,"relics_obtained":["FossilizedHelix"]},{"damage_healed":0.0,"max_hp_gain":0.0,"max_hp_loss":0.0,"gold_gain":0.0,"event_name":"Forgotten Altar","player_choice":"Smashed Altar","floor":21.0,"gold_loss":0.0,"damage_taken":0.0,"cards_obtained":["Decay"]}],"is_beta":false,"boss_relics":[{"not_picked":["Empty Cage","Eternal Feather"],"picked":"Velvet Choker"}],"items_purged_floors":[8],"is_endless":false,"potions_floor_spawned":[2,4,14,16,18,24],"killed_by":"Gremlin Leader","ascension_level":20}