{"gold_per_floor":[114,18,18,18,37,66,66,85,85,114,114,114,147,44,44,117,117,128,128,28,28,43,43,77,77,77,91,118,118,136,1,1,78,78,96,115,115,63,79,79,107,117,117,117,148,148,148,165,165,165],"floor_reached":51,"playtime":8026,"items_purged":["Strike_G","Strike_G"],"score":1358,"play_id":"3267714c-ba45-4b84-bb03-826655303f23","local_time":"20190418191359","is_ascension_mode":true,"campfire_choices":[{"data":"All Out Attack","floor":7.0,"key":"SMITH"},{"floor":15.0,"key":"REST"},{"data":"Bouncing Flask","floor":23.0,"key":"SMITH"},{"floor":25.0,"key":"REST"},{"floor":32.0,"key":"REST"},{"floor":40.0,"key":"REST"},{"data":"Skewer","floor":47,"key":"SMITH"},{"floor":49,"key":"REST"}],"neow_cost":"NONE","seed_source_timestamp":0,"circlet_count":0,"master_deck":["AscendersBane","Defend_G","Defend_G","Defend_G","Defend_G","Defend_G","Strike_G","Survivor","Neutralize+1","All Out Attack+1","Well Laid Plans+1","Footwork","Malaise","Bouncing Flask+1","Caltrops","Dagger Throw","PiercingWail","Adrenaline","Dodge and Roll","Necronomicurse","Escape Plan","Predator","Acrobatics","Catalyst","Terror","Underhanded Strike+1","Burst","Slice","Skewer+1","Night Terror","Writhe","Slice"],"special_seed":0,"relics":["Ring of the Snake","NeowsBlessing","Ice Cream","Tough Bandages","Kunai","Centennial Puzzle","Pen Nib","Sozu","Necronomicon","Paper Crane","Bag of Preparation","Matryoshka","Runic Dome","Whetstone","Ancient Tea Set","Darkstone Periapt","Oddly Smooth Stone"],"potions_floor_usage":[],"damage_taken":[{"damage":0.0,"enemies":"2 Louse","floor":1.0,"turns":1.0},{"damage":0.0,"enemies":"Small Slimes","floor":5.0,"turns":1.0},{"damage":0.0,"enemies":"Lagavulin","floor":6.0,"turns":2.0},{"damage":0.0,"enemies":"Cultist","floor":8.0,"turns":4.0},{"damage":4.0,"enemies":"3 Sentries","floor":10.0,"turns":5.0},{"damage":41.0,"enemies":"Gremlin Nob","floor":13.0,"turns":5.0},{"damage":5.0,"enemies":"Hexaghost","floor":16.0,"turns":10.0},{"damage":4.0,"enemies":"2 Thieves","floor":18.0,"turns":3.0},{"damage":0.0,"enemies":"Spheric Guardian","floor":22.0,"turns":7.0},{"damage":28.0,"enemies":"Gremlin Leader","floor":24.0,"turns":8.0},{"damage":0.0,"enemies":"Snake Plant","floor":27.0,"turns":4.0},{"damage":4.0,"enemies":"Slavers","floor":28.0,"turns":5.0},{"damage":0.0,"enemies":"Snecko","floor":30.0,"turns":4.0},{"damage":11.0,"enemies":"Champ","floor":33.0,"turns":10.0},{"damage":24.0,"enemies":"3 Darklings","floor":35.0,"turns":4.0},{"damage":0.0,"enemies":"Orb Walker","floor":36.0,"turns":3.0},{"damage":0.0,"enemies":"Transient","floor":39.0,"turns":6.0},{"damage":4.0,"enemies":"Reptomancer","floor":41.0,"turns":7.0},{"damage":9.0,"enemies":"Maw","floor":42.0,"turns":6.0},{"damage":18,"enemies":"Giant Head","floor":45,"turns":9},{"damage":10,"enemies":"Jaw Worm Horde","floor":48,"turns":4},{"damage":6,"enemies":"Time Eater","floor":50,"turns":12}],"seed_played":"-980985190985845725","potions_obtained":[{"floor":1.0,"key":"Dexterity Potion"},{"floor":8.0,"key":"Fire Potion"},{"floor":13.0,"key":"Weak Potion"},{"floor":16.0,"key":"Energy Potion"}],"is_trial":false,"path_per_floor":["M","$","?","?","M","E","R","M","T","E","?","T","E","$","R","B",null,"M","?","$","?","M","R","E","R","T","M","E","?","M","$","R","B",null,"M","M","?","$","M","R","E","M","T","?","E","?","R","M","R","B",null],"character_chosen":"THE_SILENT","items_purchased":["Well Laid Plans","FearPotion","PiercingWail","Terror","Underhanded Strike","Slice"],"campfire_rested":5,"item_purchase_floors":[2,2,14,31,31,38],"current_hp_per_floor":[59,59,59,52,52,52,52,52,52,48,48,48,7,7,26,21,55,51,30,30,30,30,30,2,21,21,21,17,17,17,17,36,25,56,32,32,32,32,32,51,47,38,38,57,39,39,39,29,50,44],"gold":165,"neow_bonus":"THREE_ENEMY_KILL","is_prod":false,"is_daily":false,"chose_seed":false,"campfire_upgraded":3,"win_rate":0,"timestamp":1555640039,"path_taken":["M","$","?","?","M","E","R","M","T","E","?","?","E","?","R","BOSS","M","?","$","?","?","R","E","R","T","M","E","?","M","$","R","BOSS","M","?","?","$","M","R","E","M","T","?","E","?","R","?","R","BOSS"],"build_version":"2019-01-23","purchased_purges":2,"victory":true,"max_hp_per_floor":[66,66,66,66,66,66,66,66,66,66,66,66,66,66,66,66,66,66,66,66,66,66,66,66,66,66,66,66,66,66,66,66,66,66,66,66,66,66,66,66,66,66,66,72,72,72,72,72,72,72],"card_choices":[{"not_picked":["Endless Agony","Outmaneuver"],"picked":"All Out Attack","floor":1.0},{"not_picked":["Crippling Poison","Dodge and Roll"],"picked":"Footwork","floor":5.0},{"not_picked":["Dodge and Roll","Dagger Throw"],"picked":"Malaise","floor":6.0},{"not_picked":["Blade Dance","Dagger Throw"],"picked":"Bouncing Flask","floor":8.0},{"not_picked":["Poisoned Stab","Flying Knee"],"picked":"Caltrops","floor":10.0},{"not_picked":["Concentrate","Quick Slash"],"picked":"Dagger Throw","floor":13.0},{"not_picked":["A Thousand Cuts","Corpse Explosion"],"picked":"Adrenaline","floor":16.0},{"not_picked":["Flying Knee","Backflip"],"picked":"Dodge and Roll","floor":18.0},{"not_picked":["Sucker Punch","Eviscerate"],"picked":"Escape Plan","floor":22.0},{"not_picked":["Blade Dance","Prepared"],"picked":"Predator","floor":24.0},{"not_picked":["Dodge and Roll","Masterful Stab","Concentrate"],"picked":"SKIP","floor":27.0},{"not_picked":["Reflex","Backflip"],"picked":"Acrobatics","floor":28.0},{"not_picked":["Finisher","Riddle With Holes"],"picked":"Catalyst","floor":30.0},{"not_picked":["Malaise","Wraith Form v2"],"picked":"Burst","floor":33.0},{"not_picked":["Sucker Punch+1","Outmaneuver","Choke"],"picked":"SKIP","floor":35.0},{"not_picked":["All Out Attack","Dodge and Roll","Terror"],"picked":"SKIP","floor":36.0},{"not_picked":["Choke","Poisoned Stab+1"],"picked":"Skewer","floor":39.0},{"not_picked":["Flying Knee","Dagger Throw","Underhanded Strike+1"],"picked":"SKIP","floor":41.0},{"not_picked":["Backflip","Dodge and Roll+1"],"picked":"Night Terror","floor":42.0},{"not_picked":["Cloak And Dagger","Venomology","Terror"],"picked":"SKIP","floor":45},{"not_picked":["Calculated Gamble","Dagger Spray+1"],"picked":"Slice","floor":48}],"player_experience":885590,"relics_obtained":[{"floor":6.0,"key":"Ice Cream"},{"floor":9.0,"key":"Tough Bandages"},{"floor":10.0,"key":"Kunai"},{"floor":12.0,"key":"Centennial Puzzle"},{"floor":13.0,"key":"Pen Nib"},{"floor":19.0,"key":"Necronomicon"},{"floor":24.0,"key":"Paper Crane"},{"floor":26.0,"key":"Bag of Preparation"},{"floor":28.0,"key":"Matryoshka"},{"floor":41.0,"key":"Whetstone"},{"floor":43.0,"key":"Ancient Tea Set"},{"floor":43.0,"key":"Darkstone Periapt"},{"floor":45,"key":"Oddly Smooth Stone"}],"event_choices":[{"damage_healed":0.0,"max_hp_gain":0.0,"max_hp_loss":0.0,"gold_gain":0.0,"event_name":"Liars Game","player_choice":"Ignored","floor":3.0,"gold_loss":0.0,"damage_taken":0.0},{"cards_removed":["Strike_G"],"damage_healed":0.0,"max_hp_gain":0.0,"max_hp_loss":0.0,"gold_gain":0.0,"event_name":"Golden Wing","player_choice":"Card Removal","floor":4.0,"gold_loss":0.0,"damage_taken":7.0},{"damage_healed":0.0,"max_hp_gain":0.0,"max_hp_loss":0.0,"gold_gain":0.0,"event_name":"Dead Adventurer","player_choice":"Searched \u00271\u0027 times","floor":11.0,"gold_loss":0.0,"damage_taken":0.0},{"damage_healed":0.0,"max_hp_gain":0.0,"max_hp_loss":0.0,"gold_gain":0.0,"event_name":"Cursed Tome","player_choice":"Obtained Book","floor":19.0,"gold_loss":0.0,"damage_taken":21.0},{"damage_healed":0.0,"max_hp_gain":0.0,"max_hp_loss":0.0,"gold_gain":0.0,"event_name":"Lab","player_choice":"Got Potions","floor":21.0,"gold_loss":0.0,"damage_taken":0.0},{"cards_removed":["Strike_G"],"damage_healed":0.0,"max_hp_gain":0.0,"max_hp_loss":0.0,"gold_gain":0.0,"event_name":"Bonfire Elementals","player_choice":"Offered Basic","floor":29.0,"gold_loss":0.0,"damage_taken":0.0},{"damage_healed":0.0,"max_hp_gain":0.0,"max_hp_loss":0.0,"gold_gain":0.0,"event_name":"Mysterious Sphere","player_choice":"Ignored","floor":37.0,"gold_loss":0.0,"damage_taken":0.0},{"damage_healed":13.0,"max_hp_gain":0.0,"max_hp_loss":0.0,"gold_gain":0.0,"event_name":"Winding Halls","player_choice":"Writhe","floor":44.0,"gold_loss":0.0,"damage_taken":0.0,"cards_obtained":["Writhe"]},{"damage_healed":0,"gold_gain":0,"player_choice":"Upgraded","damage_taken":0,"max_hp_gain":0,"max_hp_loss":0,"event_name":"Upgrade Shrine","floor":46,"gold_loss":0,"cards_upgraded":["Well Laid Plans"]}],"is_beta":false,"boss_relics":[{"not_picked":["Eternal Feather","White Beast Statue"],"picked":"Sozu"},{"not_picked":["Calling Bell","WristBlade"],"picked":"Runic Dome"}],"items_purged_floors":[14,20],"is_endless":false,"potions_floor_spawned":[1,8,13,16,27,28,39,41,45],"ascension_level":17}