{"gold_per_floor":[113,132,132,132,146,172,172,202,202,202,202],"floor_reached":11,"playtime":251,"items_purged":[],"score":162,"play_id":"59a6e9f3-3cb8-4283-b36a-65a4d14d4ec9","local_time":"20190415205205","is_ascension_mode":true,"campfire_choices":[{"floor":7.0,"key":"REST"},{"data":"Bash","floor":10.0,"key":"SMITH"}],"neow_cost":"NONE","seed_source_timestamp":79460788669165,"circlet_count":0,"master_deck":["AscendersBane","Strike_R","Strike_R","Strike_R","Strike_R","Defend_R","Defend_R","Defend_R","Defend_R","Bash+1","Thunderclap","Cleave","Anger","Clothesline","Iron Wave"],"special_seed":0,"relics":["Burning Blood","NeowsBlessing","Strawberry","Kunai","Darkstone Periapt","Meat on the Bone"],"potions_floor_usage":[],"damage_taken":[{"damage":0.0,"enemies":"Small Slimes","floor":1.0,"turns":1.0},{"damage":0.0,"enemies":"Jaw Worm","floor":2.0,"turns":1.0},{"damage":0.0,"enemies":"Cultist","floor":5.0,"turns":1.0},{"damage":45.0,"enemies":"3 Sentries","floor":6.0,"turns":8.0},{"damage":15.0,"enemies":"Lagavulin","floor":8.0,"turns":7.0},{"damage":48,"enemies":"3 Sentries","floor":11,"turns":6}],"seed_played":"4598903080698309515","potions_obtained":[{"floor":5.0,"key":"PowerPotion"}],"is_trial":false,"path_per_floor":["M","M","?","?","M","E","R","E","T","R","E"],"character_chosen":"IRONCLAD","items_purchased":[],"campfire_rested":1,"item_purchase_floors":[],"current_hp_per_floor":[74,75,64,64,70,31,55,46,46,46,0],"gold":202,"neow_bonus":"THREE_ENEMY_KILL","is_prod":false,"is_daily":false,"chose_seed":false,"campfire_upgraded":1,"win_rate":0,"timestamp":1555372325,"path_taken":["M","M","?","?","M","E","R","E","T","R","E"],"build_version":"2019-01-23","purchased_purges":0,"victory":false,"max_hp_per_floor":[75,75,82,82,82,82,82,82,82,82,82],"card_choices":[{"not_picked":["Heavy Blade","Sever Soul"],"picked":"Thunderclap","floor":1.0},{"not_picked":["Anger","Thunderclap"],"picked":"Cleave","floor":2.0},{"not_picked":["Rupture","Power Through"],"picked":"Anger","floor":5.0},{"not_picked":["Anger","Twin Strike"],"picked":"Clothesline","floor":6.0},{"not_picked":["Twin Strike","Pommel Strike"],"picked":"Iron Wave","floor":8.0}],"player_experience":2129196,"relics_obtained":[{"floor":6.0,"key":"Kunai"},{"floor":8.0,"key":"Darkstone Periapt"},{"floor":9.0,"key":"Meat on the Bone"}],"event_choices":[{"damage_healed":0.0,"max_hp_gain":0.0,"max_hp_loss":0.0,"gold_gain":0.0,"event_name":"Scrap Ooze","player_choice":"Success","floor":3.0,"gold_loss":0.0,"damage_taken":18.0,"relics_obtained":["Strawberry"]},{"cards_removed":["Strike_R"],"damage_healed":0.0,"max_hp_gain":0.0,"max_hp_loss":0.0,"gold_gain":0.0,"event_name":"Purifier","player_choice":"Purged","floor":4.0,"gold_loss":0.0,"damage_taken":0.0}],"is_beta":false,"boss_relics":[],"items_purged_floors":[],"is_endless":false,"potions_floor_spawned":[5],"killed_by":"3 Sentries","ascension_level":20}