{"gold_per_floor":[118,133,133,26,46,46,87,101,127,182,182],"floor_reached":11,"playtime":706,"items_purged":[],"score":142,"play_id":"4776a910-68a3-493d-a974-e44dc58ebf76","local_time":"20190421202541","is_ascension_mode":true,"campfire_choices":[{"data":"Quick Slash","floor":6,"key":"SMITH"}],"neow_cost":"NONE","seed_source_timestamp":4463592254100,"circlet_count":0,"master_deck":["AscendersBane","Defend_G","Defend_G","Defend_G","Defend_G","Defend_G","Strike_G","Strike_G","Strike_G","Strike_G","Strike_G","Survivor","Neutralize+1","Dagger Throw","Quick Slash+1","Well Laid Plans","Flying Knee","Deadly Poison"],"relics":["Ring of the Snake","Golden Idol","Lantern","Pen Nib","Boot"],"potions_floor_usage":[8],"damage_taken":[{"damage":10,"enemies":"2 Louse","floor":1,"turns":5},{"damage":1,"enemies":"Jaw Worm","floor":2,"turns":3},{"damage":0,"enemies":"Cultist","floor":5,"turns":3},{"damage":24,"enemies":"Lagavulin","floor":7,"turns":8},{"damage":10,"enemies":"Exordium Thugs","floor":8,"turns":4},{"damage":15,"enemies":"Exordium Wildlife","floor":11,"turns":2}],"seed_played":"4527643038048234864","potions_obtained":[{"floor":7,"key":"PowerPotion"}],"is_trial":false,"path_per_floor":["M","M","?","$","M","R","E","M","T","T","M"],"character_chosen":"THE_SILENT","items_purchased":["Quick Slash","Well Laid Plans"],"campfire_rested":0,"item_purchase_floors":[4,4],"current_hp_per_floor":[49,48,48,48,48,48,24,14,14,14,0],"gold":182,"neow_bonus":"UPGRADE_CARD","is_prod":false,"is_daily":false,"chose_seed":false,"campfire_upgraded":1,"win_rate":0,"timestamp":1555903541,"path_taken":["M","M","?","$","M","R","E","M","T","?","?"],"build_version":"2019-01-23","purchased_purges":0,"victory":false,"max_hp_per_floor":[66,66,60,60,60,60,60,60,60,60,60],"card_choices":[{"not_picked":["Acrobatics","Distraction"],"picked":"Dagger Throw","floor":1},{"not_picked":["Reflex","Infinite Blades","Deflect"],"picked":"SKIP","floor":2},{"not_picked":["Dagger Throw","Concentrate"],"picked":"Flying Knee","floor":5},{"not_picked":["Riddle With Holes","Sucker Punch"],"picked":"Deadly Poison","floor":7},{"not_picked":["Deadly Poison","Bullet Time","Poisoned Stab"],"picked":"SKIP","floor":8},{"not_picked":["Deadly Poison","Bullet Time","Poisoned Stab"],"picked":"SKIP","floor":8}],"player_experience":959172,"relics_obtained":[{"floor":7,"key":"Lantern"},{"floor":9,"key":"Pen Nib"},{"floor":10,"key":"Boot"}],"event_choices":[{"damage_healed":0,"gold_gain":0,"player_choice":"Lose Max HP","damage_taken":0,"relics_obtained":["Golden Idol"],"max_hp_gain":0,"max_hp_loss":6,"event_name":"Golden Idol","floor":3,"gold_loss":0}],"is_beta":false,"boss_relics":[],"items_purged_floors":[],"is_endless":false,"potions_floor_spawned":[7],"killed_by":"Exordium Wildlife","ascension_level":19}