{"gold_per_floor":[112,112,112,71,81,114,114,128,154,154,186,196,196,215,215,215],"floor_reached":16,"playtime":2944,"items_purged":[],"score":270,"play_id":"73927e96-e181-4b38-b8de-a3e6af522aa2","local_time":"20190511151826","is_ascension_mode":true,"campfire_choices":[{"floor":7,"key":"REST"},{"data":"Bane","floor":15,"key":"SMITH"}],"neow_cost":"NONE","seed_source_timestamp":73529830142300,"circlet_count":0,"master_deck":["AscendersBane","Defend_G","Defend_G","Defend_G","Defend_G","Defend_G+1","Strike_G+1","Strike_G","Strike_G","Strike_G","Survivor","Neutralize+1","Dash","All Out Attack","Poisoned Stab","Infinite Blades","Caltrops","Catalyst","Parasite","Bane+1"],"relics":["Ring of the Snake","NeowsBlessing","Orichalcum","Art of War","Dodecahedron"],"potions_floor_usage":[11,11,12],"damage_taken":[{"damage":0,"enemies":"2 Louse","floor":1,"turns":1},{"damage":0,"enemies":"Small Slimes","floor":5,"turns":1},{"damage":0,"enemies":"Lagavulin","floor":6,"turns":1},{"damage":2,"enemies":"Jaw Worm","floor":8,"turns":4},{"damage":18,"enemies":"Gremlin Nob","floor":11,"turns":4},{"damage":3,"enemies":"Blue Slaver","floor":12,"turns":2},{"damage":8,"enemies":"Large Slime","floor":14,"turns":6},{"damage":38,"enemies":"Hexaghost","floor":16,"turns":9}],"seed_played":"-5530195703010375242","potions_obtained":[{"floor":1,"key":"LiquidBronze"},{"floor":5,"key":"AttackPotion"},{"floor":11,"key":"SkillPotion"}],"is_trial":false,"path_per_floor":["M","?","?","$","M","E","R","M","T","?","E","M","?","M","R","B"],"character_chosen":"THE_SILENT","items_purchased":["All Out Attack"],"campfire_rested":1,"item_purchase_floors":[4],"current_hp_per_floor":[59,39,39,39,39,39,58,56,56,49,31,28,44,36,36,0],"gold":215,"neow_bonus":"THREE_ENEMY_KILL","is_prod":false,"is_daily":false,"chose_seed":false,"campfire_upgraded":1,"win_rate":0,"timestamp":1557613106,"path_taken":["M","?","?","$","M","E","R","M","T","?","E","?","?","M","R","BOSS"],"build_version":"2019-01-23","purchased_purges":0,"victory":false,"max_hp_per_floor":[66,66,66,66,66,66,66,66,66,66,66,66,66,66,66,66],"card_choices":[{"not_picked":["Dagger Spray","Bouncing Flask"],"picked":"Dash","floor":1},{"not_picked":["Concentrate","Quick Slash"],"picked":"Poisoned Stab","floor":5},{"not_picked":["Slice","Flechettes","Dagger Throw"],"picked":"SKIP","floor":6},{"not_picked":["Deadly Poison","Expertise"],"picked":"Infinite Blades","floor":8},{"not_picked":["Masterful Stab","Phantasmal Killer"],"picked":"Caltrops","floor":11},{"not_picked":["Blade Dance","Flying Knee"],"picked":"Catalyst","floor":12},{"not_picked":["Blade Dance","All Out Attack"],"picked":"Bane","floor":14}],"player_experience":1251845,"relics_obtained":[{"floor":6,"key":"Orichalcum"},{"floor":9,"key":"Art of War"},{"floor":11,"key":"Dodecahedron"}],"event_choices":[{"damage_healed":0,"gold_gain":0,"player_choice":"Entered Light","damage_taken":20,"max_hp_gain":0,"max_hp_loss":0,"event_name":"Shining Light","floor":2,"gold_loss":0,"cards_upgraded":["Strike_G","Defend_G"]},{"damage_healed":0,"gold_gain":0,"player_choice":"Grow","damage_taken":0,"max_hp_gain":0,"max_hp_loss":0,"event_name":"Living Wall","floor":3,"gold_loss":0,"cards_upgraded":["Neutralize"]},{"cards_removed":["Strike_G"],"damage_healed":0,"gold_gain":0,"player_choice":"Card Removal","damage_taken":7,"max_hp_gain":0,"max_hp_loss":0,"event_name":"Golden Wing","floor":10,"gold_loss":0},{"damage_healed":16,"gold_gain":0,"player_choice":"Healed and dodged fight","damage_taken":0,"max_hp_gain":0,"max_hp_loss":0,"event_name":"Mushrooms","floor":13,"gold_loss":0,"cards_obtained":["Parasite"]}],"is_beta":false,"boss_relics":[],"items_purged_floors":[],"is_endless":false,"potions_floor_spawned":[1,5,6,11],"killed_by":"Hexaghost","ascension_level":20}