{"gold_per_floor":[114,129,129,144,159,189,204,204,254,269,269,64,239,254,254,354,354,369,384,384,43,58,58,73,88,113,113,128,143,143,158,158,258,258,273,273,288,49,64,64,64,94,94,94,109,124,139,38,38,38],"floor_reached":51,"playtime":2850,"items_purged":[],"score":1112,"play_id":"b615241a-fbad-4d9e-ac71-06eadaec0a0d","local_time":"20180717231656","daily_mods":["Brewmaster","Cursed Run","Hoarder"],"is_ascension_mode":false,"campfire_choices":[{"data":"Backstab","floor":11,"key":"SMITH"},{"data":"Backstab","floor":15,"key":"SMITH"},{"data":"Backstab","floor":23,"key":"SMITH"},{"data":"Backstab","floor":27,"key":"SMITH"},{"data":"Backstab","floor":30,"key":"SMITH"},{"data":"Backstab","floor":32,"key":"SMITH"},{"data":"Skewer","floor":40,"key":"SMITH"},{"data":"Mind Blast","floor":49,"key":"SMITH"}],"neow_cost":"","seed_source_timestamp":0,"circlet_count":0,"master_deck":["Defend_G","Defend_G","Defend_G","Defend_G","Defend_G","Strike_G","Strike_G","Strike_G","Survivor","Neutralize","Venomology","Venomology","Venomology","Venomology","Venomology","Venomology","Venomology","Venomology","Venomology","Venomology","Venomology","Venomology","Venomology","Venomology","Venomology","Slice","Slice","Slice","Quick Slash","Quick Slash","Quick Slash","Skewer+1","Skewer","Skewer","Backstab+1","Backstab+1","Backstab+1","Prepared","Prepared","Prepared","Terror","Terror","Terror","Injury","Injury","Injury","Slice","Slice","Slice","Apotheosis","Apotheosis","Apotheosis","Doubt","Doubt","Doubt","Distraction","Distraction","Distraction","Parasite","Parasite","Parasite","Glass Knife","Glass Knife","Glass Knife","Backstab+1","Backstab+1","Backstab+1","Deflect","Deflect","Deflect","RitualDagger","RitualDagger","RitualDagger","Panacea+1","Panacea+1","Panacea+1","Slice","Slice","Slice","Decay","Decay","Decay","After Image","After Image","After Image","Prepared+1","Prepared+1","Prepared+1","Clumsy","Clumsy","Clumsy","Night Terror+1","Night Terror+1","Night Terror+1","Secret Technique+1","Secret Technique+1","Secret Technique+1","Secret Technique+1","Secret Technique+1","Secret Technique+1","Jack Of All Trades+1","Jack Of All Trades+1","Jack Of All Trades+1","Well Laid Plans","Well Laid Plans","Well Laid Plans","Swift Strike","Swift Strike","Swift Strike","Doubt","Doubt","Doubt","Glass Knife","Glass Knife","Glass Knife","Regret","Regret","Regret","Prepared+1","Prepared+1","Prepared+1","Terror+1","Terror+1","Terror+1","Mind Blast+1","Mind Blast","Mind Blast","Writhe","Writhe","Writhe"],"special_seed":17728,"relics":["Cursed Key","Darkstone Periapt","Du-Vu Doll","White Beast Statue","Dodecahedron","Potion Belt","FaceOfCleric","Boot","Empty Cage","Toxic Egg 2","Orichalcum","Busted Crown","Bag of Marbles","Bag of Preparation","Art of War"],"potions_floor_usage":[4,4,4,4,4,4,5,5,5,5,5,6,6,6,6,6,6,6,7,7,16,16,16,16,16,16,16,18,18,19,19,22,24,24,29,33,33,33,33,33,33,33,39,45,45,45,50,50,50,50],"damage_taken":[{"damage":6.0,"enemies":"Jaw Worm","floor":1.0,"turns":5.0},{"damage":0.0,"enemies":"2 Louse","floor":2.0,"turns":2.0},{"damage":0,"enemies":"Cultist","floor":4,"turns":2},{"damage":7,"enemies":"Blue Slaver","floor":5,"turns":2},{"damage":14,"enemies":"Lagavulin","floor":6,"turns":4},{"damage":0,"enemies":"3 Louse","floor":7,"turns":1},{"damage":0,"enemies":"2 Fungi Beasts","floor":10,"turns":2},{"damage":0,"enemies":"Blue Slaver","floor":14,"turns":1},{"damage":28,"enemies":"Hexaghost","floor":16,"turns":3},{"damage":0,"enemies":"Shell Parasite","floor":18,"turns":1},{"damage":19,"enemies":"3 Byrds","floor":19,"turns":4},{"damage":0,"enemies":"Centurion and Healer","floor":22,"turns":2},{"damage":0,"enemies":"Snake Plant","floor":24,"turns":1},{"damage":0,"enemies":"Sentry and Sphere","floor":25,"turns":1},{"damage":0,"enemies":"3 Cultists","floor":28,"turns":2},{"damage":0,"enemies":"Snecko","floor":29,"turns":1},{"damage":0,"enemies":"Centurion and Healer","floor":31,"turns":1},{"damage":15,"enemies":"Collector","floor":33,"turns":3},{"damage":0,"enemies":"Orb Walker","floor":35,"turns":1},{"damage":0,"enemies":"Flame Bruiser 1 Orb","floor":37,"turns":1},{"damage":0,"enemies":"Maw","floor":39,"turns":2},{"damage":0,"enemies":"2 Orb Walkers","floor":42,"turns":1},{"damage":0,"enemies":"Transient","floor":45,"turns":3},{"damage":0,"enemies":"3 Darklings","floor":46,"turns":1},{"damage":0,"enemies":"Flame Bruiser 2 Orb","floor":47,"turns":1},{"damage":8,"enemies":"Awakened One","floor":50,"turns":4}],"seed_played":"-2205032152784244808","potions_obtained":[{"floor":1.0,"key":"Block Potion"},{"floor":2.0,"key":"EssenceOfSteel"},{"floor":4,"key":"Explosive Potion"},{"floor":5,"key":"GamblersBrew"},{"floor":6,"key":"EssenceOfSteel"},{"floor":7,"key":"FearPotion"},{"floor":10,"key":"EssenceOfSteel"},{"floor":14,"key":"LiquidBronze"},{"floor":16,"key":"PowerPotion"},{"floor":18,"key":"AttackPotion"},{"floor":19,"key":"FearPotion"},{"floor":22,"key":"GamblersBrew"},{"floor":24,"key":"LiquidBronze"},{"floor":25,"key":"Energy Potion"},{"floor":28,"key":"Fire Potion"},{"floor":29,"key":"Block Potion"},{"floor":31,"key":"AttackPotion"},{"floor":33,"key":"GamblersBrew"},{"floor":35,"key":"SpeedPotion"},{"floor":37,"key":"Ancient Potion"},{"floor":39,"key":"EssenceOfSteel"},{"floor":42,"key":"GhostInAJar"},{"floor":45,"key":"Poison Potion"},{"floor":46,"key":"EssenceOfSteel"},{"floor":47,"key":"Fire Potion"}],"is_trial":false,"path_per_floor":["M","M","?","M","M","E","M","?","T","M","R","$","?","M","R","B",null,"M","M","?","$","M","R","M","M","T","R","M","M","R","M","R","B",null,"M","?","M","$","M","R","?","E","T","?","M","M","M","$","R","B"],"character_chosen":"THE_SILENT","items_purchased":["Apotheosis","Toxic Egg 2","Panacea+1","Bag of Marbles","Swift Strike","Mind Blast"],"campfire_rested":0,"item_purchase_floors":[12,21,21,38,38,48],"current_hp_per_floor":[64,64,61,61,54,49,49,49,55,56,56,56,62,63,63,42,91,92,74,68,68,69,69,70,71,77,77,78,79,79,80,80,72,112,113,103,104,104,105,105,121,122,128,128,129,130,131,131,131,130],"gold":38,"neow_bonus":"","is_prod":false,"is_daily":true,"chose_seed":false,"campfire_upgraded":8,"win_rate":0.0,"timestamp":1531887416,"path_taken":["M","M","?","M","M","E","M","?","T","M","R","$","?","M","R","BOSS","M","M","?","$","M","R","M","M","T","R","M","?","R","M","R","BOSS","M","?","M","$","M","R","?","E","T","?","M","M","M","$","R","BOSS"],"build_version":"2018-07-12","purchased_purges":0,"victory":true,"max_hp_per_floor":[70,70,70,70,70,70,70,70,76,77,77,77,83,84,84,91,91,92,93,93,93,94,94,95,96,102,102,103,104,104,105,105,112,112,113,113,114,114,115,115,121,122,128,128,129,130,131,131,131,138],"card_choices":[{"not_picked":["Flying Knee","Expertise"],"picked":"Slice","floor":1.0},{"not_picked":["Footwork","Blur"],"picked":"Quick Slash","floor":2.0},{"not_picked":["Footwork","Finisher"],"picked":"Skewer","floor":4},{"not_picked":["Prepared","Flying Knee"],"picked":"Backstab","floor":5},{"not_picked":["Deadly Poison","Noxious Fumes"],"picked":"Prepared","floor":6},{"not_picked":["Sucker Punch","Dagger Spray"],"picked":"Terror","floor":7},{"not_picked":["Sucker Punch","Masterful Stab"],"picked":"Slice","floor":10},{"not_picked":["Flying Knee","Leg Sweep"],"picked":"Distraction","floor":14},{"not_picked":["Wraith Form v2","Bullet Time"],"picked":"Glass Knife","floor":16},{"not_picked":["Quick Slash","Noxious Fumes"],"picked":"Backstab","floor":18},{"not_picked":["PiercingWail","All Out Attack"],"picked":"Deflect","floor":19},{"not_picked":["Underhanded Strike","Poisoned Stab+1","Tactician+1"],"picked":"SKIP","floor":22},{"not_picked":["Quick Slash","Reflex+1"],"picked":"Slice","floor":24},{"not_picked":["Acrobatics+1","Cloak And Dagger+1","Blade Dance+1"],"picked":"SKIP","floor":25},{"not_picked":["Cloak And Dagger+1","PiercingWail+1"],"picked":"After Image","floor":28},{"not_picked":["Acrobatics+1","Outmaneuver+1","Masterful Stab+1"],"picked":"SKIP","floor":29},{"not_picked":["Acrobatics+1","Outmaneuver+1","Masterful Stab+1"],"picked":"SKIP","floor":29},{"not_picked":["Accuracy","Sucker Punch"],"picked":"Prepared+1","floor":31},{"not_picked":["Corpse Explosion+1","Unload"],"picked":"Night Terror+1","floor":33},{"not_picked":["Underhanded Strike+1"],"picked":"SKIP","floor":35},{"not_picked":[],"picked":"Secret Technique+1","floor":36},{"not_picked":[],"picked":"Secret Technique+1","floor":36},{"not_picked":[],"picked":"Jack Of All Trades+1","floor":36},{"not_picked":[],"picked":"Well Laid Plans","floor":37},{"not_picked":["Accuracy"],"picked":"SKIP","floor":39},{"not_picked":[],"picked":"Glass Knife","floor":42},{"not_picked":["Poisoned Stab"],"picked":"SKIP","floor":45},{"not_picked":[],"picked":"Prepared+1","floor":46},{"not_picked":[],"picked":"Terror+1","floor":47}],"player_experience":58919,"relics_obtained":[{"floor":6,"key":"Potion Belt"},{"floor":9,"key":"Boot"},{"floor":26,"key":"Orichalcum"},{"floor":42,"key":"Bag of Preparation"},{"floor":43,"key":"Art of War"}],"event_choices":[{"event_name":"Scrap Ooze","player_choice":"success","floor":3,"damage_taken":3},{"event_name":"FaceTrader","player_choice":"Trade","floor":8,"damage_taken":0},{"event_name":"Liars Game","player_choice":"agreed","floor":13,"damage_taken":0},{"event_name":"Nest","player_choice":"Joined the Cult","floor":20,"damage_taken":0},{"event_name":"SensoryStone","player_choice":"Memory 3","floor":36,"damage_taken":0},{"event_name":"MindBloom","player_choice":"Heal","floor":41,"damage_taken":0},{"event_name":"The Woman in Blue","player_choice":"Bought 0 Potions","floor":44,"damage_taken":0}],"boss_relics":[{"not_picked":["Velvet Choker","Tiny House"],"picked":"Empty Cage"},{"not_picked":["Runic Pyramid","Orrery"],"picked":"Busted Crown"}],"items_purged_floors":[],"is_endless":false,"potions_floor_spawned":[1,2,4,5,6,7,10,14,16,18,19,22,24,25,28,29,31,33,35,37,39,42,45,46,47],"ascension_level":0}