{"gold_per_floor":[412,386,386,386,399,399,425,425,449,449,449,449],"floor_reached":12,"playtime":681,"items_purged":[],"score":148,"play_id":"cc84be21-c837-4fe4-8d97-8b3692a412d9","local_time":"20190427175741","is_ascension_mode":true,"campfire_choices":[{"data":"Crippling Poison","floor":6.0,"key":"SMITH"},{"floor":10,"key":"REST"}],"neow_cost":"TEN_PERCENT_HP_LOSS","seed_source_timestamp":78141238208200,"circlet_count":0,"master_deck":["AscendersBane","Defend_G","Defend_G","Defend_G","Defend_G","Defend_G","Strike_G","Strike_G","Strike_G","Strike_G","Strike_G","Survivor","Neutralize+1","Bane","Crippling Poison+1","Terror"],"special_seed":0,"relics":["Ring of the Snake","Old Coin","Omamori","Bottled Lightning","Happy Flower"],"potions_floor_usage":[12,12],"damage_taken":[{"damage":2.0,"enemies":"Jaw Worm","floor":1.0,"turns":5.0},{"damage":0.0,"enemies":"Small Slimes","floor":5.0,"turns":4.0},{"damage":55,"enemies":"3 Sentries","floor":7,"turns":20},{"damage":26,"enemies":"Gremlin Nob","floor":12,"turns":4}],"seed_played":"418239237567897856","potions_obtained":[{"floor":1.0,"key":"Block Potion"},{"floor":11,"key":"Ancient Potion"},{"floor":11,"key":"Weak Potion"}],"is_trial":false,"path_per_floor":["M","$","?","?","M","R","E","T","T","R","?","E"],"character_chosen":"THE_SILENT","items_purchased":["Bane"],"campfire_rested":1,"item_purchase_floors":[2],"current_hp_per_floor":[57,57,57,57,57,57,2,2,2,20,20,0],"gold":449,"neow_bonus":"ONE_RARE_RELIC","is_prod":false,"is_daily":false,"chose_seed":false,"campfire_upgraded":1,"win_rate":0,"timestamp":1556413061,"path_taken":["M","$","?","?","M","R","E","?","T","R","?","E"],"build_version":"2019-01-23","purchased_purges":0,"victory":false,"max_hp_per_floor":[60,60,60,60,60,60,60,60,60,60,60,60],"card_choices":[{"not_picked":["Tactician","Cloak And Dagger","Slice"],"picked":"SKIP","floor":1.0},{"not_picked":["Caltrops","Setup"],"picked":"Crippling Poison","floor":5.0},{"not_picked":["Dodge and Roll","Setup"],"picked":"Terror","floor":7}],"player_experience":1004832,"relics_obtained":[{"floor":7,"key":"Omamori"},{"floor":8,"key":"Bottled Lightning"},{"floor":9,"key":"Happy Flower"}],"event_choices":[{"damage_healed":0.0,"max_hp_gain":0.0,"max_hp_loss":0.0,"gold_gain":0.0,"event_name":"Living Wall","player_choice":"Grow","floor":3.0,"gold_loss":0.0,"damage_taken":0.0,"cards_upgraded":["Neutralize"]},{"damage_healed":0.0,"max_hp_gain":0.0,"max_hp_loss":0.0,"gold_gain":0.0,"event_name":"Liars Game","player_choice":"Ignored","floor":4.0,"gold_loss":0.0,"damage_taken":0.0},{"damage_healed":0,"gold_gain":0,"player_choice":"Got Potions","damage_taken":0,"max_hp_gain":0,"max_hp_loss":0,"event_name":"Lab","floor":11,"gold_loss":0}],"is_beta":false,"boss_relics":[],"items_purged_floors":[],"is_endless":false,"potions_floor_spawned":[1],"killed_by":"Gremlin Nob","ascension_level":20}