{"gold_per_floor":[115,115,95,114,132,132,165,165,218,218,252,263,282,18,18,91,91,106,116,116,116,116,116,116],"floor_reached":24,"playtime":630,"items_purged":[],"score":408,"play_id":"6f4b514a-6c1c-4cc1-8169-531d44915af0","local_time":"20190428170901","is_ascension_mode":true,"campfire_choices":[{"data":"Poisoned Stab","floor":6,"key":"SMITH"},{"data":"Neutralize","floor":8,"key":"SMITH"},{"data":"Bouncing Flask","floor":15,"key":"SMITH"},{"data":"After Image","floor":23,"key":"SMITH"}],"neow_cost":"NONE","seed_source_timestamp":1188844042714736,"circlet_count":0,"master_deck":["AscendersBane","Defend_G","Defend_G","Defend_G","Defend_G+1","Defend_G+1","Strike_G","Strike_G","Strike_G","Strike_G","Survivor","Neutralize+1","Quick Slash","Poisoned Stab+1","Infinite Blades","Leg Sweep","Bouncing Flask+1","Deadly Poison","After Image+1","Crippling Poison","Leg Sweep","Ghostly","Ghostly","Ghostly"],"relics":["Ring of the Snake","NeowsBlessing","War Paint","Singing Bowl","Mummified Hand","Cursed Key","Nilry\u0027s Codex"],"potions_floor_usage":[7,7,7,11,16],"damage_taken":[{"damage":0,"enemies":"Jaw Worm","floor":1,"turns":1},{"damage":0,"enemies":"Small Slimes","floor":4,"turns":1},{"damage":0,"enemies":"Cultist","floor":5,"turns":1},{"damage":8,"enemies":"Gremlin Nob","floor":7,"turns":3},{"damage":25,"enemies":"Lagavulin","floor":11,"turns":7},{"damage":1,"enemies":"Large Slime","floor":12,"turns":6},{"damage":2,"enemies":"Red Slaver","floor":13,"turns":5},{"damage":7,"enemies":"The Guardian","floor":16,"turns":9},{"damage":6,"enemies":"3 Byrds","floor":18,"turns":5},{"damage":2,"enemies":"Spheric Guardian","floor":19,"turns":4},{"damage":26,"enemies":"Chosen and Byrds","floor":24,"turns":5}],"seed_played":"-5505114657433125479","potions_obtained":[{"floor":3,"key":"EntropicBrew"},{"floor":5,"key":"Strength Potion"},{"floor":10,"key":"Energy Potion"},{"floor":10,"key":"Strength Potion"},{"floor":13,"key":"SkillPotion"},{"floor":16,"key":"Fire Potion"}],"is_trial":false,"path_per_floor":["M","?","?","M","M","R","E","R","T","?","E","M","M","$","R","B",null,"M","M","?","?","?","R","M"],"character_chosen":"THE_SILENT","items_purchased":["Mummified Hand"],"campfire_rested":0,"item_purchase_floors":[14],"current_hp_per_floor":[59,52,52,52,52,52,44,44,44,44,19,18,16,16,16,9,52,46,44,23,23,23,23,0],"gold":116,"neow_bonus":"THREE_ENEMY_KILL","is_prod":false,"is_daily":false,"chose_seed":false,"campfire_upgraded":4,"win_rate":0,"timestamp":1556482141,"path_taken":["M","?","?","?","M","R","E","R","T","?","E","M","?","$","R","BOSS","M","M","?","?","?","R","?"],"build_version":"2019-01-23","purchased_purges":0,"victory":false,"max_hp_per_floor":[66,66,66,66,66,66,66,66,66,66,66,66,66,66,66,66,66,66,66,66,33,33,33,33],"card_choices":[{"not_picked":["Backflip","Outmaneuver"],"picked":"Quick Slash","floor":1},{"not_picked":["Sucker Punch","Cloak And Dagger"],"picked":"Poisoned Stab","floor":4},{"not_picked":["Acrobatics","Escape Plan"],"picked":"Infinite Blades","floor":5},{"not_picked":["Eviscerate","Finisher","Expertise"],"picked":"SKIP","floor":7},{"not_picked":["Eviscerate","Finisher","Expertise"],"picked":"SKIP","floor":7},{"not_picked":["Riddle With Holes","Cloak And Dagger"],"picked":"Leg Sweep","floor":11},{"not_picked":["Finisher","Flying Knee"],"picked":"Bouncing Flask","floor":12},{"not_picked":["Dagger Spray","Venomology"],"picked":"Deadly Poison","floor":13},{"not_picked":["Envenom","Burst"],"picked":"After Image","floor":16},{"not_picked":["Underhanded Strike","Dodge and Roll"],"picked":"Crippling Poison","floor":18},{"not_picked":["Sucker Punch","Escape Plan"],"picked":"Leg Sweep","floor":19}],"player_experience":2221719,"relics_obtained":[{"floor":7,"key":"War Paint"},{"floor":11,"key":"Singing Bowl"},{"floor":20,"key":"Nilry\u0027s Codex"}],"event_choices":[{"cards_removed":["Strike_G"],"damage_healed":0,"gold_gain":0,"player_choice":"Card Removal","damage_taken":7,"max_hp_gain":0,"max_hp_loss":0,"event_name":"Golden Wing","floor":2,"gold_loss":0},{"damage_healed":0,"gold_gain":0,"player_choice":"Bought 1 Potion","damage_taken":0,"max_hp_gain":0,"max_hp_loss":0,"event_name":"The Woman in Blue","floor":3,"gold_loss":0},{"damage_healed":0,"gold_gain":0,"player_choice":"Got Potions","damage_taken":0,"max_hp_gain":0,"max_hp_loss":0,"event_name":"Lab","floor":10,"gold_loss":0},{"damage_healed":0,"gold_gain":0,"player_choice":"Obtained Book","damage_taken":21,"max_hp_gain":0,"max_hp_loss":0,"event_name":"Cursed Tome","floor":20,"gold_loss":0},{"damage_healed":0,"gold_gain":0,"player_choice":"Became a Ghost","damage_taken":0,"max_hp_gain":0,"max_hp_loss":33,"event_name":"Ghosts","floor":21,"gold_loss":0,"cards_obtained":["Ghostly","Ghostly","Ghostly"]},{"damage_healed":0,"gold_gain":0,"player_choice":"Ignored","damage_taken":0,"max_hp_gain":0,"max_hp_loss":0,"event_name":"The Mausoleum","floor":22,"gold_loss":0}],"is_beta":false,"boss_relics":[{"not_picked":["White Beast Statue","Fusion Hammer"],"picked":"Cursed Key"}],"items_purged_floors":[],"is_endless":false,"potions_floor_spawned":[5,13,16,19],"killed_by":"Chosen and Byrds","ascension_level":20}