{"gold_per_floor":[113,125,143,143,154,179,179,29,29,58,58,73,73,87,87,165,165,181,181,197,207,227,227,227,257,334,314,329,329,344,369,369,369],"floor_reached":33,"playtime":1635,"items_purged":["Strike_G"],"score":648,"play_id":"44930c35-826d-4052-9114-aad573d18487","local_time":"20190415104727","is_ascension_mode":true,"campfire_choices":[{"floor":7.0,"key":"REST"},{"data":"Well Laid Plans","floor":11.0,"key":"SMITH"},{"floor":13.0,"key":"REST"},{"data":"Neutralize","floor":15.0,"key":"SMITH"},{"floor":23,"key":"REST"},{"data":"Bane","floor":29,"key":"SMITH"},{"floor":32,"key":"REST"}],"neow_cost":"NONE","seed_source_timestamp":41847036449213,"circlet_count":0,"master_deck":["AscendersBane","Defend_G","Defend_G","Defend_G","Defend_G","Defend_G","Strike_G","Strike_G","Strike_G","Survivor","Neutralize+1","Dagger Throw","Quick Slash","Well Laid Plans+1","Deadly Poison","Deadly Poison","Backflip","Leg Sweep","Dodge and Roll+1","Predator","Cloak And Dagger+1","Venomology+1","Cloak And Dagger+1","Deadly Poison+1","PiercingWail+1","Bane+1","Acrobatics+1"],"special_seed":0,"relics":["Ring of the Snake","Dead Branch","Toxic Egg 2","Bottled Lightning","Busted Crown","Pear","Pantograph","The Specimen"],"potions_floor_usage":[21,25,25,31,31],"damage_taken":[{"damage":4.0,"enemies":"Jaw Worm","floor":1.0,"turns":6.0},{"damage":1.0,"enemies":"Cultist","floor":2.0,"turns":3.0},{"damage":7.0,"enemies":"Small Slimes","floor":3.0,"turns":5.0},{"damage":10.0,"enemies":"Exordium Wildlife","floor":5.0,"turns":5.0},{"damage":11.0,"enemies":"Gremlin Nob","floor":6.0,"turns":3.0},{"damage":11.0,"enemies":"3 Sentries","floor":10.0,"turns":4.0},{"damage":11.0,"enemies":"Lots of Slimes","floor":12.0,"turns":6.0},{"damage":1.0,"enemies":"2 Fungi Beasts","floor":14.0,"turns":5.0},{"damage":36.0,"enemies":"Slime Boss","floor":16.0,"turns":13.0},{"damage":1.0,"enemies":"Chosen","floor":18.0,"turns":4.0},{"damage":4.0,"enemies":"Shell Parasite","floor":20.0,"turns":6.0},{"damage":3,"enemies":"Snake Plant","floor":21,"turns":5},{"damage":17,"enemies":"3 Cultists","floor":22,"turns":7},{"damage":0,"enemies":"Book of Stabbing","floor":25,"turns":5},{"damage":2,"enemies":"Centurion and Healer","floor":28,"turns":9},{"damage":3,"enemies":"Snake Plant","floor":30,"turns":4},{"damage":4,"enemies":"Slavers","floor":31,"turns":5},{"damage":80,"enemies":"Automaton","floor":33,"turns":12}],"seed_played":"-6751274623299344131","potions_obtained":[{"floor":0.0,"key":"AttackPotion"},{"floor":0.0,"key":"AttackPotion"},{"floor":14.0,"key":"SkillPotion"},{"floor":18.0,"key":"Swift Potion"},{"floor":21,"key":"Ancient Potion"},{"floor":25,"key":"SteroidPotion"}],"is_trial":false,"path_per_floor":["M","M","M","?","M","E","R","$","T","E","R","M","R","M","R","B",null,"M","?","M","M","M","R","?","E","T","?","M","R","M","E","R","B"],"character_chosen":"THE_SILENT","items_purchased":["Leg Sweep"],"campfire_rested":4,"item_purchase_floors":[8],"current_hp_per_floor":[55,54,47,47,37,26,45,45,45,34,34,23,42,41,41,5,51,50,50,46,43,26,45,45,55,55,55,53,53,50,46,68,0],"gold":369,"neow_bonus":"THREE_SMALL_POTIONS","is_prod":false,"is_daily":false,"chose_seed":false,"campfire_upgraded":3,"win_rate":0,"timestamp":1555336047,"path_taken":["M","M","M","?","?","E","R","$","T","E","R","M","R","M","R","BOSS","M","?","M","M","?","R","?","E","T","?","M","R","M","E","R","BOSS"],"build_version":"2019-01-23","purchased_purges":1,"victory":false,"max_hp_per_floor":[66,66,66,66,66,66,66,66,66,66,66,66,66,66,66,66,66,66,66,66,66,66,66,66,76,76,76,76,76,76,76,76,76],"card_choices":[{"not_picked":["Slice","Terror"],"picked":"Dagger Throw","floor":1.0},{"not_picked":["Outmaneuver","Sucker Punch"],"picked":"Quick Slash","floor":2.0},{"not_picked":["Skewer","Expertise"],"picked":"Well Laid Plans","floor":3.0},{"not_picked":["Sucker Punch","Deflect"],"picked":"Deadly Poison","floor":5.0},{"not_picked":["Dagger Throw","Tactician"],"picked":"Backflip","floor":6.0},{"not_picked":["Infinite Blades","Glass Knife"],"picked":"Dodge and Roll+1","floor":10.0},{"not_picked":["Dagger Throw","Underhanded Strike"],"picked":"Predator","floor":12.0},{"not_picked":["Deflect+1","Sucker Punch"],"picked":"Cloak And Dagger+1","floor":14.0},{"not_picked":["Grand Finale","Tools of the Trade"],"picked":"Venomology+1","floor":16.0},{"not_picked":["Riddle With Holes"],"picked":"SKIP","floor":18.0},{"not_picked":["Quick Slash"],"picked":"SKIP","floor":20},{"not_picked":["Underhanded Strike"],"picked":"SKIP","floor":21},{"not_picked":["Underhanded Strike"],"picked":"SKIP","floor":21},{"not_picked":[],"picked":"Deadly Poison+1","floor":22},{"not_picked":["Slice"],"picked":"SKIP","floor":25},{"not_picked":[],"picked":"Bane","floor":28},{"not_picked":[],"picked":"Acrobatics+1","floor":30},{"not_picked":["Underhanded Strike"],"picked":"SKIP","floor":31}],"player_experience":2094683,"relics_obtained":[{"floor":6.0,"key":"Dead Branch"},{"floor":9.0,"key":"Toxic Egg 2"},{"floor":10.0,"key":"Bottled Lightning"},{"floor":25,"key":"Pear"},{"floor":26,"key":"Pantograph"},{"floor":31,"key":"The Specimen"}],"event_choices":[{"damage_healed":0.0,"max_hp_gain":0.0,"max_hp_loss":0.0,"gold_gain":0.0,"cards_transformed":["Strike_G"],"event_name":"Transmorgrifier","player_choice":"Transformed","floor":4.0,"gold_loss":0.0,"damage_taken":0.0,"cards_obtained":["Deadly Poison"]},{"damage_healed":0.0,"max_hp_gain":0.0,"max_hp_loss":0.0,"gold_gain":0.0,"event_name":"Duplicator","player_choice":"Copied","floor":19.0,"gold_loss":0.0,"damage_taken":0.0,"cards_obtained":["Cloak And Dagger"]},{"damage_healed":0,"gold_gain":0,"player_choice":"Read","damage_taken":0,"max_hp_gain":0,"max_hp_loss":0,"event_name":"The Library","floor":24,"gold_loss":0,"cards_obtained":["PiercingWail"]},{"damage_healed":0,"gold_gain":0,"player_choice":"Bought 1 Potion","damage_taken":0,"max_hp_gain":0,"max_hp_loss":0,"event_name":"The Woman in Blue","floor":27,"gold_loss":0}],"is_beta":false,"boss_relics":[{"not_picked":["Ectoplasm","Orrery"],"picked":"Busted Crown"}],"items_purged_floors":[8],"is_endless":false,"potions_floor_spawned":[2,14,18,21,25,30],"killed_by":"Automaton","ascension_level":20}