{"gold_per_floor":[119,119,130,205,205,205,239,239,239,312,14,26,26,53,53,152,152,163,87,87,101,101,101,114,114,114,14,14,42,54,93,105,217,229,251,280,311,423,488,500,512,534,591,603,631,469,469,154,154,154],"floor_reached":51,"playtime":6509,"items_purged":["Regret","Strike_G+1","Normality","Pain"],"score":900,"play_id":"4f84eb91-8b92-498b-8f91-53021b417698","local_time":"20190307233005","is_ascension_mode":true,"campfire_choices":[{"floor":6.0,"key":"REST"},{"data":"Cloak And Dagger","floor":8.0,"key":"SMITH"},{"data":"Cloak And Dagger","floor":15.0,"key":"SMITH"},{"data":"After Image","floor":23.0,"key":"SMITH"},{"data":"Cloak And Dagger","floor":28.0,"key":"SMITH"},{"data":"Cloak And Dagger","floor":30.0,"key":"SMITH"},{"data":"Blur","floor":32.0,"key":"SMITH"},{"floor":41,"key":"REST"},{"floor":44,"key":"REST"},{"floor":49,"key":"REST"}],"neow_cost":"NONE","seed_source_timestamp":0,"circlet_count":0,"master_deck":["Defend_G+1","Defend_G+1","Defend_G+1","Defend_G+1","Defend_G+1","Strike_G+1","Strike_G+1","Survivor+1","Neutralize","Cloak And Dagger+1","Cloak And Dagger+1","Cloak And Dagger+1","Dagger Spray","Backstab","Blur+1","After Image+1","Flechettes+1","Accuracy+1","Backflip+1","Cloak And Dagger+1","A Thousand Cuts","Regret","Cloak And Dagger+1","Dagger Spray+1","Parasite","Backflip+1","Riddle With Holes+1","Secret Weapon","Finesse","Infinite Blades","Panacea"],"special_seed":0,"relics":["Ring of the Snake","NeowsBlessing","Du-Vu Doll","Ancient Tea Set","Happy Flower","Boot","Pear","Toolbox","Art of War","Shuriken","Empty Cage","Nilry\u0027s Codex","Singing Bowl","MawBank","Ninja Scroll","Calling Bell","Oddly Smooth Stone","Sundial","Calipers","StoneCalendar","Vajra","War Paint"],"potions_floor_usage":[37,40,40,50,50,50],"damage_taken":[{"damage":0.0,"enemies":"Cultist","floor":1.0,"turns":1.0},{"damage":0.0,"enemies":"2 Louse","floor":3.0,"turns":1.0},{"damage":0.0,"enemies":"Gremlin Nob","floor":7.0,"turns":1.0},{"damage":0.0,"enemies":"Small Slimes","floor":12.0,"turns":2.0},{"damage":1.0,"enemies":"3 Sentries","floor":14.0,"turns":6.0},{"damage":22.0,"enemies":"The Guardian","floor":16.0,"turns":12.0},{"damage":3.0,"enemies":"2 Thieves","floor":18.0,"turns":4.0},{"damage":0.0,"enemies":"Spheric Guardian","floor":21.0,"turns":2.0},{"damage":12.0,"enemies":"Snake Plant","floor":24.0,"turns":4.0},{"damage":4.0,"enemies":"Book of Stabbing","floor":29.0,"turns":5.0},{"damage":0.0,"enemies":"Slavers","floor":31.0,"turns":4.0},{"damage":43.0,"enemies":"Collector","floor":33.0,"turns":9.0},{"damage":21,"enemies":"3 Darklings","floor":35,"turns":6},{"damage":12,"enemies":"3 Shapes","floor":36,"turns":6},{"damage":19,"enemies":"Writhing Mass","floor":37,"turns":7},{"damage":0,"enemies":"Mind Bloom Boss Battle","floor":38,"turns":2},{"damage":1,"enemies":"Nemesis","floor":40,"turns":1},{"damage":5,"enemies":"Transient","floor":42,"turns":5},{"damage":13,"enemies":"4 Shapes","floor":45,"turns":3},{"damage":82,"enemies":"Time Eater","floor":50,"turns":11}],"seed_played":"4522007572998283726","potions_obtained":[{"floor":1.0,"key":"Ancient Potion"},{"floor":16.0,"key":"Fire Potion"},{"floor":24.0,"key":"AttackPotion"},{"floor":33.0,"key":"SkillPotion"},{"floor":37,"key":"SmokeBomb"},{"floor":45,"key":"SpeedPotion"}],"is_trial":false,"path_per_floor":["M","?","M","?","?","R","E","R","T","T","$","M","T","E","R","B",null,"M","$","?","M","?","R","M","?","T","$","R","E","R","E","R","B",null,"M","M","M","?","T","E","R","M","T","R","M","$","?","$","R","B",null],"character_chosen":"THE_SILENT","items_purchased":["Dagger Spray","Toolbox","Accuracy","PowerPotion","Infinite Blades","Panacea"],"campfire_rested":4,"item_purchase_floors":[11,11,19,46,48,48],"current_hp_per_floor":[70,70,70,59,17,38,38,38,38,48,48,48,48,47,47,25,80,77,77,61,61,61,61,49,49,49,49,49,45,45,47,47,4,82,61,49,32,32,32,31,56,51,51,76,65,65,60,60,85,3],"gold":154,"neow_bonus":"THREE_ENEMY_KILL","is_prod":false,"is_daily":false,"chose_seed":false,"campfire_upgraded":6,"win_rate":0,"timestamp":1552019405,"path_taken":["M","?","M","?","?","R","E","R","T","?","$","?","?","E","R","BOSS","M","$","?","M","?","R","M","?","T","$","R","E","R","E","R","BOSS","M","M","?","?","?","E","R","M","T","R","M","$","?","$","R","BOSS"],"build_version":"2019-01-23","purchased_purges":4,"victory":true,"max_hp_per_floor":[70,70,70,70,70,70,70,70,70,80,80,80,80,80,80,80,80,80,80,80,80,80,80,80,80,80,80,80,80,80,82,82,82,82,82,82,84,84,84,84,84,84,84,84,86,86,86,86,86,86],"card_choices":[{"not_picked":["Leg Sweep","Escape Plan"],"picked":"Cloak And Dagger","floor":1.0},{"not_picked":["Crippling Poison","Underhanded Strike"],"picked":"Cloak And Dagger","floor":3.0},{"not_picked":["Dash","Endless Agony"],"picked":"Cloak And Dagger","floor":7.0},{"not_picked":["Bane","Acrobatics"],"picked":"Backstab","floor":12.0},{"not_picked":["Deflect","Slice"],"picked":"Blur","floor":14.0},{"not_picked":["Glass Knife","Malaise"],"picked":"After Image","floor":16.0},{"not_picked":["Bane","Underhanded Strike"],"picked":"Flechettes+1","floor":18.0},{"not_picked":["Crippling Poison","Quick Slash","Caltrops+1"],"picked":"SKIP","floor":21.0},{"not_picked":["Flying Knee","Endless Agony+1"],"picked":"Backflip+1","floor":24.0},{"not_picked":["Poisoned Stab","Bane+1"],"picked":"Cloak And Dagger","floor":29.0},{"not_picked":["Escape Plan","Masterful Stab","Underhanded Strike"],"picked":"Singing Bowl","floor":31.0},{"not_picked":["Adrenaline","Envenom"],"picked":"A Thousand Cuts","floor":33.0},{"not_picked":["Bane+1","Quick Slash+1"],"picked":"Cloak And Dagger","floor":35},{"not_picked":["Endless Agony","Underhanded Strike+1"],"picked":"Dagger Spray+1","floor":36},{"not_picked":["Slice+1","Backflip+1","Deadly Poison"],"picked":"Singing Bowl","floor":37},{"not_picked":["Deflect","Dagger Throw"],"picked":"Backflip+1","floor":38},{"not_picked":["Crippling Poison","Skewer"],"picked":"Riddle With Holes+1","floor":42},{"not_picked":["Endless Agony+1","Crippling Poison","Bouncing Flask"],"picked":"Singing Bowl","floor":45},{"not_picked":["Dramatic Entrance","Mind Blast"],"picked":"Secret Weapon","floor":47},{"not_picked":["Impatience","Good Instincts"],"picked":"Finesse","floor":47}],"player_experience":206026,"relics_obtained":[{"floor":7.0,"key":"Happy Flower"},{"floor":9.0,"key":"Boot"},{"floor":10.0,"key":"Pear"},{"floor":13.0,"key":"Art of War"},{"floor":14.0,"key":"Shuriken"},{"floor":20.0,"key":"Nilry\u0027s Codex"},{"floor":26.0,"key":"Singing Bowl"},{"floor":29.0,"key":"MawBank"},{"floor":31.0,"key":"Ninja Scroll"},{"floor":34,"key":"Oddly Smooth Stone"},{"floor":34,"key":"Sundial"},{"floor":34,"key":"Calipers"},{"floor":38,"key":"StoneCalendar"},{"floor":39,"key":"Vajra"},{"floor":43,"key":"War Paint"}],"event_choices":[{"damage_healed":0.0,"max_hp_gain":0.0,"max_hp_loss":0.0,"gold_gain":0.0,"event_name":"Big Fish","player_choice":"Box","floor":2.0,"gold_loss":0.0,"damage_taken":0.0,"relics_obtained":["Du-Vu Doll"],"cards_obtained":["Regret"]},{"damage_healed":0.0,"max_hp_gain":0.0,"max_hp_loss":0.0,"gold_gain":75.0,"event_name":"World of Goop","player_choice":"Gather Gold","floor":4.0,"gold_loss":0.0,"damage_taken":11.0},{"damage_healed":0.0,"max_hp_gain":0.0,"max_hp_loss":0.0,"gold_gain":0.0,"event_name":"Scrap Ooze","player_choice":"Success","floor":5.0,"gold_loss":0.0,"damage_taken":42.0,"relics_obtained":["Ancient Tea Set"]},{"damage_healed":0.0,"max_hp_gain":0.0,"max_hp_loss":0.0,"gold_gain":0.0,"event_name":"Cursed Tome","player_choice":"Obtained Book","floor":20.0,"gold_loss":0.0,"damage_taken":16.0},{"damage_healed":0.0,"max_hp_gain":0.0,"max_hp_loss":0.0,"gold_gain":0.0,"event_name":"Back to Basics","player_choice":"Simplicity","floor":22.0,"gold_loss":0.0,"damage_taken":0.0,"cards_upgraded":["Defend_G","Defend_G","Defend_G","Defend_G","Defend_G","Strike_G","Strike_G","Strike_G"]},{"damage_healed":0.0,"max_hp_gain":0.0,"max_hp_loss":0.0,"gold_gain":0.0,"event_name":"Upgrade Shrine","player_choice":"Upgraded","floor":25.0,"gold_loss":0.0,"damage_taken":0.0,"cards_upgraded":["Accuracy"]},{"damage_healed":0,"gold_gain":0,"player_choice":"Fight","damage_taken":0,"max_hp_gain":0,"max_hp_loss":0,"event_name":"MindBloom","floor":38,"gold_loss":0},{"damage_healed":0,"gold_gain":0,"player_choice":"Memory 2","damage_taken":5,"max_hp_gain":0,"max_hp_loss":0,"event_name":"SensoryStone","floor":47,"gold_loss":0}],"is_beta":false,"boss_relics":[{"not_picked":["Runic Pyramid","Philosopher\u0027s Stone"],"picked":"Empty Cage"},{"not_picked":["Orrery","HoveringKite"],"picked":"Calling Bell"}],"items_purged_floors":[11,27,46,48],"is_endless":false,"potions_floor_spawned":[1,16,24,33,37,40,45],"ascension_level":3}