{"gold_per_floor":[19,19,35,50,50,50,50,50,50,86,86,105,146,166,166,259,259,282,407,407,40,58,58,58,93,93,93,18,56,56,95,95,186,186,202,226,250,583,583,583,595,625,697,722,734,766,786,786,786,786,786,786,786,221,248,248],"floor_reached":57,"playtime":1647,"items_purged":["Injury"],"score":2937,"play_id":"b259ede9-e973-41c1-85d4-63dfbd997a61","local_time":"20190416105730","is_ascension_mode":true,"campfire_choices":[{"data":"Bash","floor":6.0,"key":"SMITH"},{"data":"Cleave","floor":8.0,"key":"SMITH"},{"data":"1","floor":15.0,"key":"LIFT"},{"data":"2","floor":23.0,"key":"LIFT"},{"data":"Limit Break","floor":27.0,"key":"SMITH"},{"data":"3","floor":30.0,"key":"LIFT"},{"data":"Battle Trance","floor":32.0,"key":"SMITH"},{"data":"Flame Barrier","floor":40,"key":"SMITH"},{"floor":49,"key":"RECALL"},{"data":"Corruption","floor":53,"key":"SMITH"}],"neow_cost":"NO_GOLD","seed_source_timestamp":128785179860329,"circlet_count":0,"master_deck":["AscendersBane","Strike_R","Strike_R","Strike_R","Strike_R","Defend_R","Defend_R","Defend_R","Defend_R","Bash+1","Cleave+1","Iron Wave","Battle Trance+1","Thunderclap+1","Feed+1","Clothesline+1","Limit Break+1","Shrug It Off","Limit Break","Heavy Blade+1","Offering","Corruption+1","Sword Boomerang+1","Headbutt+1","Feed+1","Flame Barrier+1","Inflame+1","Battle Trance+1","Pommel Strike+1","Reaper+1","Evolve","Shrug It Off"],"special_seed":0,"relics":["Burning Blood","Ice Cream","Red Skull","Molten Egg 2","Girya","Centennial Puzzle","Sozu","Turnip","Blue Candle","Meat on the Bone","MutagenicStrength","Mercury Hourglass","Bronze Scales","Bag of Marbles","PreservedInsect","Cursed Key","Torii","Boot","Pear","Oddly Smooth Stone","Happy Flower"],"potions_floor_usage":[],"damage_taken":[{"damage":7.0,"enemies":"Cultist","floor":1.0,"turns":4.0},{"damage":0.0,"enemies":"2 Louse","floor":3.0,"turns":3.0},{"damage":2.0,"enemies":"Jaw Worm","floor":4.0,"turns":4.0},{"damage":20.0,"enemies":"Lagavulin","floor":10.0,"turns":6.0},{"damage":10.0,"enemies":"3 Louse","floor":12.0,"turns":2.0},{"damage":8.0,"enemies":"Gremlin Nob","floor":13.0,"turns":3.0},{"damage":7.0,"enemies":"Looter","floor":14.0,"turns":3.0},{"damage":36.0,"enemies":"Hexaghost","floor":16.0,"turns":9.0},{"damage":23.0,"enemies":"2 Thieves","floor":18.0,"turns":3.0},{"damage":8.0,"enemies":"Colosseum Slavers","floor":19.0,"turns":2.0},{"damage":10.0,"enemies":"Colosseum Nobs","floor":19.0,"turns":3.0},{"damage":0.0,"enemies":"Chosen","floor":22.0,"turns":3.0},{"damage":20.0,"enemies":"Slavers","floor":25.0,"turns":3.0},{"damage":15.0,"enemies":"Book of Stabbing","floor":29.0,"turns":2.0},{"damage":13.0,"enemies":"Slavers","floor":31.0,"turns":2.0},{"damage":35.0,"enemies":"Champ","floor":33.0,"turns":4.0},{"damage":9,"enemies":"3 Darklings","floor":35,"turns":3},{"damage":6,"enemies":"3 Shapes","floor":36,"turns":2},{"damage":6,"enemies":"Spire Growth","floor":37,"turns":2},{"damage":12,"enemies":"Sphere and 2 Shapes","floor":41,"turns":3},{"damage":31,"enemies":"Reptomancer","floor":42,"turns":3},{"damage":6,"enemies":"Giant Head","floor":44,"turns":5},{"damage":7,"enemies":"Writhing Mass","floor":45,"turns":2},{"damage":24,"enemies":"Nemesis","floor":46,"turns":3},{"damage":6,"enemies":"4 Shapes","floor":47,"turns":3},{"damage":47,"enemies":"Time Eater","floor":50,"turns":4},{"damage":25,"enemies":"Awakened One","floor":51,"turns":5},{"damage":91,"enemies":"Shield and Spear","floor":55,"turns":5},{"damage":126,"enemies":"The Heart","floor":56,"turns":8}],"seed_played":"-6259233563849031953","potions_obtained":[{"floor":1.0,"key":"Regen Potion"},{"floor":3.0,"key":"Regen Potion"},{"floor":14.0,"key":"PowerPotion"}],"is_trial":false,"path_per_floor":["M","$","M","M","?","R","?","R","T","E","?","M","E","M","R","B",null,"M","?","?","$","M","R","?","E","T","R","$","E","R","E","R","B",null,"M","M","M","?","?","R","M","E","T","E","M","E","M","?","R","B","B",null,"R","$","E","B",null],"character_chosen":"IRONCLAD","items_purchased":["Limit Break","Meat on the Bone","Corruption","Reaper+1","Oddly Smooth Stone","Evolve","Shrug It Off"],"campfire_rested":0,"item_purchase_floors":[21,21,28,54,54,54,54],"current_hp_per_floor":[67,67,73,75,40,40,40,40,40,31,31,27,34,37,37,7,56,43,41,33,33,51,51,51,53,53,53,53,56,56,53,53,40,79,80,84,88,88,88,88,90,65,65,65,68,76,84,84,84,59,60,128,128,128,95,70],"gold":248,"neow_bonus":"ONE_RARE_RELIC","is_prod":false,"is_daily":false,"chose_seed":false,"campfire_upgraded":6,"win_rate":0,"timestamp":1555423050,"path_taken":["M","?","M","M","?","R","?","R","T","E","?","M","E","M","R","BOSS","M","?","?","$","?","R","?","E","T","R","$","E","R","E","R","BOSS","M","M","M","?","?","R","M","E","T","E","M","E","M","?","R","BOSS","BOSS","R","$","E","BOSS"],"build_version":"2019-01-23","purchased_purges":1,"victory":true,"max_hp_per_floor":[75,75,75,75,75,75,68,68,68,68,68,68,68,72,72,72,72,76,80,80,80,80,80,80,84,84,84,84,84,84,88,88,92,92,96,100,104,104,104,104,112,112,112,112,116,130,138,138,138,142,150,150,150,150,154,158],"card_choices":[{"not_picked":["Searing Blow","Shrug It Off"],"picked":"Cleave","floor":1.0},{"not_picked":["Warcry","Wild Strike"],"picked":"Iron Wave","floor":3.0},{"not_picked":["Havoc","Heavy Blade","Warcry"],"picked":"SKIP","floor":4.0},{"not_picked":["Burning Pact","Sword Boomerang+1"],"picked":"Battle Trance","floor":10.0},{"not_picked":["Armaments","Ghostly Armor"],"picked":"Thunderclap+1","floor":12.0},{"not_picked":["Reckless Charge+1","Dual Wield"],"picked":"Feed+1","floor":13.0},{"not_picked":["Sever Soul+1","Twin Strike+1"],"picked":"Clothesline+1","floor":14.0},{"not_picked":["Feed+1","Reaper+1"],"picked":"Limit Break","floor":16.0},{"not_picked":["Clash+1","Anger+1","Dropkick+1"],"picked":"SKIP","floor":18.0},{"not_picked":["Bloodletting","Flex"],"picked":"Shrug It Off","floor":19.0},{"not_picked":["Clothesline+1","Sever Soul+1"],"picked":"Heavy Blade+1","floor":22.0},{"not_picked":["Fire Breathing","Warcry"],"picked":"Offering","floor":25.0},{"not_picked":["Entrench","Clothesline+1"],"picked":"Sword Boomerang+1","floor":29.0},{"not_picked":["Flex","Flame Barrier"],"picked":"Headbutt+1","floor":31.0},{"not_picked":["Brutality","Dark Embrace"],"picked":"Feed+1","floor":33.0},{"not_picked":["Inflame","Metallicize"],"picked":"Flame Barrier","floor":35},{"not_picked":["Flex","Combust","Cleave+1"],"picked":"SKIP","floor":36},{"not_picked":["Metallicize","Clash+1","Wild Strike+1"],"picked":"SKIP","floor":37},{"not_picked":["Flex","Rage","Twin Strike+1"],"picked":"SKIP","floor":41},{"not_picked":["Sword Boomerang+1","Searing Blow+1","Heavy Blade+1"],"picked":"SKIP","floor":42},{"not_picked":["Sword Boomerang+1","Searing Blow+1","Heavy Blade+1"],"picked":"SKIP","floor":42},{"not_picked":["Thunderclap+1","Cleave+1"],"picked":"Inflame+1","floor":44},{"not_picked":["Uppercut+1","Heavy Blade+1"],"picked":"Battle Trance+1","floor":45},{"not_picked":["Entrench","Iron Wave+1"],"picked":"Pommel Strike+1","floor":46},{"not_picked":["Armaments","Combust","Heavy Blade+1"],"picked":"SKIP","floor":47},{"not_picked":["Armaments","Combust","Heavy Blade+1"],"picked":"SKIP","floor":47},{"not_picked":["Bloodletting","Perfected Strike+1","Double Tap"],"picked":"SKIP","floor":55}],"player_experience":2132380,"relics_obtained":[{"floor":9.0,"key":"Molten Egg 2"},{"floor":10.0,"key":"Girya"},{"floor":13.0,"key":"Centennial Puzzle"},{"floor":19.0,"key":"Turnip"},{"floor":19.0,"key":"Blue Candle"},{"floor":25.0,"key":"Mercury Hourglass"},{"floor":26.0,"key":"Bronze Scales"},{"floor":29.0,"key":"Bag of Marbles"},{"floor":31.0,"key":"PreservedInsect"},{"floor":42,"key":"Torii"},{"floor":44,"key":"Boot"},{"floor":46,"key":"Pear"},{"floor":55,"key":"Happy Flower"}],"event_choices":[{"damage_healed":0.0,"max_hp_gain":0.0,"max_hp_loss":0.0,"gold_gain":0.0,"event_name":"Scrap Ooze","player_choice":"Success","floor":5.0,"gold_loss":0.0,"damage_taken":35.0,"relics_obtained":["Red Skull"]},{"damage_healed":0.0,"max_hp_gain":0.0,"max_hp_loss":7.0,"gold_gain":0.0,"event_name":"Golden Idol","player_choice":"Lose Max HP","floor":7.0,"gold_loss":0.0,"damage_taken":0.0,"relics_obtained":["Golden Idol"]},{"damage_healed":0.0,"max_hp_gain":0.0,"max_hp_loss":0.0,"gold_gain":0.0,"event_name":"Shining Light","player_choice":"Ignored","floor":11.0,"gold_loss":0.0,"damage_taken":0.0},{"damage_healed":0.0,"max_hp_gain":0.0,"max_hp_loss":0.0,"gold_gain":0.0,"event_name":"Colosseum","player_choice":"Fight","floor":19.0,"gold_loss":0.0,"damage_taken":0.0},{"damage_healed":0.0,"max_hp_gain":0.0,"max_hp_loss":0.0,"gold_gain":0.0,"event_name":"Colosseum","player_choice":"Fought Nobs","floor":19.0,"gold_loss":0.0,"damage_taken":0.0},{"damage_healed":0.0,"max_hp_gain":0.0,"max_hp_loss":0.0,"gold_gain":0.0,"event_name":"Knowing Skull","player_choice":"","floor":20.0,"potions_obtained":[],"gold_loss":0.0,"damage_taken":8.0,"cards_obtained":[]},{"damage_healed":0.0,"max_hp_gain":0.0,"max_hp_loss":0.0,"gold_gain":0.0,"event_name":"Drug Dealer","player_choice":"Inject Mutagens","floor":24.0,"gold_loss":0.0,"damage_taken":0.0,"relics_obtained":["MutagenicStrength"]},{"damage_healed":0,"gold_gain":333,"player_choice":"Gave Idol","damage_taken":0,"max_hp_gain":0,"max_hp_loss":0,"event_name":"The Moai Head","floor":38,"relics_lost":["Golden Idol"],"gold_loss":0},{"cards_removed":["Strike_R"],"damage_healed":0,"gold_gain":0,"player_choice":"Removed Attack","damage_taken":0,"max_hp_gain":0,"max_hp_loss":0,"event_name":"Falling","floor":39,"gold_loss":0},{"damage_healed":0,"gold_gain":0,"player_choice":"Ignored","damage_taken":0,"max_hp_gain":0,"max_hp_loss":0,"event_name":"Tomb of Lord Red Mask","floor":48,"gold_loss":0}],"is_beta":false,"boss_relics":[{"not_picked":["Snecko Eye","Black Star"],"picked":"Sozu"},{"not_picked":["Runic Dome","Pandora\u0027s Box"],"picked":"Cursed Key"}],"items_purged_floors":[54],"is_endless":false,"potions_floor_spawned":[1,3,14,18,19,22,31,36,37,44,45,46],"ascension_level":20}