{"gold_per_floor":[117,117,128,47,59,90,90,119,119,148,148,167,185,206,206,300,300,316,329,350,18,33,64,64,64,64,100,114,114,114,114,114,114],"floor_reached":33,"playtime":2712,"items_purged":["Strike_G"],"score":618,"play_id":"b269fe11-adf8-46d7-b276-9914308f8a32","local_time":"20190516232707","is_ascension_mode":true,"campfire_choices":[{"floor":7.0,"key":"REST"},{"data":"Dagger Spray","floor":15.0,"key":"SMITH"},{"floor":24.0,"key":"REST"},{"floor":32,"key":"REST"}],"neow_cost":"NONE","seed_source_timestamp":0,"circlet_count":0,"master_deck":["AscendersBane","Defend_G","Defend_G","Defend_G","Defend_G","Defend_G","Strike_G","Strike_G","Strike_G","Strike_G","Survivor","Neutralize","Flying Knee","Bouncing Flask","Die Die Die","PiercingWail","Poisoned Stab","Dagger Spray+1","Footwork","Leg Sweep","Escape Plan","Terror","Acrobatics+1","Leg Sweep"],"special_seed":0,"relics":["Ring of the Snake","NeowsBlessing","Regal Pillow","Pear","Singing Bowl","Bag of Preparation","Bloody Idol","Busted Crown","Snake Skull","Lantern","Bottled Lightning","Bottled Tornado"],"potions_floor_usage":[29],"damage_taken":[{"damage":0.0,"enemies":"Jaw Worm","floor":1.0,"turns":1.0},{"damage":0.0,"enemies":"Cultist","floor":3.0,"turns":1.0},{"damage":0.0,"enemies":"Small Slimes","floor":5.0,"turns":1.0},{"damage":32.0,"enemies":"3 Sentries","floor":6.0,"turns":10.0},{"damage":6.0,"enemies":"Gremlin Nob","floor":8.0,"turns":3.0},{"damage":24.0,"enemies":"3 Sentries","floor":10.0,"turns":7.0},{"damage":0.0,"enemies":"Exordium Wildlife","floor":12.0,"turns":2.0},{"damage":0.0,"enemies":"Gremlin Gang","floor":13.0,"turns":3.0},{"damage":0.0,"enemies":"Blue Slaver","floor":14.0,"turns":4.0},{"damage":25.0,"enemies":"The Guardian","floor":16.0,"turns":12.0},{"damage":3.0,"enemies":"Spheric Guardian","floor":18.0,"turns":7.0},{"damage":11.0,"enemies":"2 Thieves","floor":19.0,"turns":4.0},{"damage":10.0,"enemies":"Centurion and Healer","floor":20.0,"turns":8.0},{"damage":5.0,"enemies":"Snake Plant","floor":22.0,"turns":5.0},{"damage":28.0,"enemies":"Gremlin Leader","floor":23.0,"turns":6.0},{"damage":22.0,"enemies":"Book of Stabbing","floor":27.0,"turns":8.0},{"damage":0,"enemies":"Snecko","floor":28,"turns":5},{"damage":0,"enemies":"Centurion and Healer","floor":29,"turns":1},{"damage":89,"enemies":"Automaton","floor":33,"turns":12}],"seed_played":"1449101988006183949","potions_obtained":[{"floor":2.0,"key":"LiquidBronze"},{"floor":2.0,"key":"PowerPotion"},{"floor":3.0,"key":"Block Potion"},{"floor":6.0,"key":"Poison Potion"},{"floor":8.0,"key":"Energy Potion"},{"floor":12.0,"key":"SteroidPotion"},{"floor":14.0,"key":"Strength Potion"},{"floor":16.0,"key":"SteroidPotion"},{"floor":18.0,"key":"EntropicBrew"},{"floor":22.0,"key":"EntropicBrew"},{"floor":28,"key":"SmokeBomb"}],"is_trial":false,"path_per_floor":["M","?","M","$","M","E","R","E","T","E","?","M","M","M","R","B",null,"M","M","M","$","M","E","R","?","T","E","M","M","?","?","R","B"],"character_chosen":"THE_SILENT","items_purchased":["Die Die Die","Snake Skull","Leg Sweep"],"campfire_rested":3,"item_purchase_floors":[4,21,21],"current_hp_per_floor":[59,59,59,59,59,27,61,65,65,41,41,41,41,41,41,18,58,55,46,38,38,35,9,47,40,40,20,22,22,22,22,61,0],"gold":114,"neow_bonus":"THREE_ENEMY_KILL","is_prod":false,"is_daily":false,"chose_seed":false,"campfire_upgraded":1,"win_rate":0,"timestamp":1558074427,"path_taken":["M","?","?","?","M","E","R","E","T","E","?","M","M","M","R","BOSS","M","M","M","$","M","E","R","?","T","E","?","M","?","?","R","BOSS"],"build_version":"2019-01-23","purchased_purges":1,"victory":false,"max_hp_per_floor":[66,66,66,66,66,66,66,76,76,76,69,69,69,69,69,71,71,71,73,75,75,77,79,79,79,79,81,83,83,83,83,83,83],"card_choices":[{"not_picked":["Dagger Throw","Concentrate"],"picked":"Flying Knee","floor":1.0},{"not_picked":["Backflip","Bane"],"picked":"Bouncing Flask","floor":3.0},{"not_picked":["Dagger Throw","Bane"],"picked":"PiercingWail","floor":5.0},{"not_picked":["Blade Dance","Acrobatics"],"picked":"Poisoned Stab","floor":6.0},{"not_picked":["Acrobatics","Backstab"],"picked":"Dagger Spray","floor":8.0},{"not_picked":["Deflect","All Out Attack"],"picked":"Footwork","floor":10.0},{"not_picked":["Poisoned Stab","Cloak And Dagger"],"picked":"Leg Sweep","floor":12.0},{"not_picked":["Dodge and Roll","Dagger Throw"],"picked":"Escape Plan","floor":13.0},{"not_picked":["A Thousand Cuts","Deflect"],"picked":"Terror","floor":14.0},{"not_picked":["Tools of the Trade","Storm of Steel","Phantasmal Killer"],"picked":"Singing Bowl","floor":16.0},{"not_picked":[],"picked":"Acrobatics+1","floor":18.0},{"not_picked":["Terror+1"],"picked":"Singing Bowl","floor":19.0},{"not_picked":["Setup"],"picked":"Singing Bowl","floor":20.0},{"not_picked":["Bouncing Flask"],"picked":"Singing Bowl","floor":22.0},{"not_picked":["Quick Slash"],"picked":"Singing Bowl","floor":23.0},{"not_picked":["Outmaneuver"],"picked":"SKIP","floor":27.0},{"not_picked":["Outmaneuver"],"picked":"Singing Bowl","floor":27.0},{"not_picked":["Cloak And Dagger"],"picked":"Singing Bowl","floor":28}],"player_experience":1330228,"relics_obtained":[{"floor":6.0,"key":"Regal Pillow"},{"floor":8.0,"key":"Pear"},{"floor":9.0,"key":"Singing Bowl"},{"floor":10.0,"key":"Bag of Preparation"},{"floor":23.0,"key":"Lantern"},{"floor":26.0,"key":"Bottled Lightning"},{"floor":27.0,"key":"Bottled Tornado"}],"event_choices":[{"damage_healed":0.0,"max_hp_gain":0.0,"max_hp_loss":0.0,"gold_gain":0.0,"event_name":"Lab","player_choice":"Got Potions","floor":2.0,"gold_loss":0.0,"damage_taken":0.0},{"damage_healed":0.0,"max_hp_gain":0.0,"max_hp_loss":7.0,"gold_gain":0.0,"event_name":"Golden Idol","player_choice":"Lose Max HP","floor":11.0,"gold_loss":0.0,"damage_taken":0.0,"relics_obtained":["Golden Idol"]},{"damage_healed":0.0,"max_hp_gain":0.0,"max_hp_loss":0.0,"gold_gain":0.0,"event_name":"Knowing Skull","player_choice":"","floor":25.0,"potions_obtained":[],"gold_loss":0.0,"damage_taken":7.0,"cards_obtained":[]},{"damage_healed":0,"gold_gain":0,"player_choice":"Ignored","damage_taken":0,"max_hp_gain":0,"max_hp_loss":0,"event_name":"Cursed Tome","floor":30,"gold_loss":0},{"damage_healed":0,"gold_gain":0,"player_choice":"Gave Idol","damage_taken":0,"relics_obtained":["Bloody Idol"],"max_hp_gain":0,"max_hp_loss":0,"event_name":"Forgotten Altar","floor":31,"relics_lost":["Golden Idol"],"gold_loss":0}],"is_beta":false,"boss_relics":[{"not_picked":["Ring of the Serpent","Calling Bell"],"picked":"Busted Crown"}],"items_purged_floors":[21],"is_endless":false,"potions_floor_spawned":[3,6,8,12,14,16,18,22,28,29],"killed_by":"Automaton","ascension_level":20}