{"gold_per_floor":[117,129,44,0,0,0,0,0,0,13,28,60,60,76,76,76],"floor_reached":16,"playtime":859,"items_purged":[],"score":200,"play_id":"60f7d180-3c17-4983-ae05-7c1a90596ea4","local_time":"20190512220805","is_ascension_mode":true,"campfire_choices":[{"data":"Neutralize","floor":6.0,"key":"SMITH"},{"data":"Poisoned Stab","floor":8.0,"key":"SMITH"},{"floor":15.0,"key":"REST"}],"neow_cost":"NONE","seed_source_timestamp":44026688958200,"circlet_count":0,"master_deck":["AscendersBane","Defend_G","Defend_G+1","Defend_G","Defend_G","Defend_G","Strike_G","Strike_G","Strike_G","Strike_G","Strike_G","Survivor","Neutralize+1","Quick Slash","Poisoned Stab+1","Leg Sweep+1","Parasite","Bouncing Flask","Cloak And Dagger","Predator","Dodge and Roll"],"special_seed":0,"relics":["Ring of the Snake","Bird Faced Urn","War Paint","FaceOfCleric"],"potions_floor_usage":[16],"damage_taken":[{"damage":2.0,"enemies":"2 Louse","floor":1.0,"turns":4.0},{"damage":4.0,"enemies":"Small Slimes","floor":2.0,"turns":5.0},{"damage":0.0,"enemies":"Cultist","floor":10.0,"turns":3.0},{"damage":17.0,"enemies":"Exordium Thugs","floor":11.0,"turns":7.0},{"damage":31.0,"enemies":"Lagavulin","floor":12.0,"turns":7.0},{"damage":0.0,"enemies":"Red Slaver","floor":14.0,"turns":3.0},{"damage":46,"enemies":"Hexaghost","floor":16,"turns":11}],"seed_played":"8601843114676534864","potions_obtained":[{"floor":11.0,"key":"Explosive Potion"},{"floor":14.0,"key":"FearPotion"}],"is_trial":false,"path_per_floor":["M","M","$","?","$","R","?","R","T","M","M","E","?","M","R","B"],"character_chosen":"THE_SILENT","items_purchased":["Leg Sweep"],"campfire_rested":1,"item_purchase_floors":[3],"current_hp_per_floor":[63,59,59,59,59,59,72,72,72,72,55,24,24,25,46,0],"gold":76,"neow_bonus":"TEN_PERCENT_HP_BONUS","is_prod":false,"is_daily":false,"chose_seed":false,"campfire_upgraded":2,"win_rate":0,"timestamp":1557724085,"path_taken":["M","M","$","?","$","R","?","R","T","M","M","E","?","?","R","BOSS"],"build_version":"2019-01-23","purchased_purges":0,"victory":false,"max_hp_per_floor":[72,72,72,72,72,72,72,72,72,72,72,72,72,73,73,73],"card_choices":[{"not_picked":["Bane","Choke"],"picked":"Quick Slash","floor":1.0},{"not_picked":["Riddle With Holes","Bane"],"picked":"Poisoned Stab","floor":2.0},{"not_picked":["Skewer","All Out Attack"],"picked":"Bouncing Flask","floor":10.0},{"not_picked":["Dodge and Roll","Night Terror"],"picked":"Cloak And Dagger","floor":11.0},{"not_picked":["Acrobatics","Tactician"],"picked":"Predator","floor":12.0},{"not_picked":["Dagger Throw","Quick Slash"],"picked":"Dodge and Roll","floor":14.0}],"player_experience":1304140,"relics_obtained":[{"floor":9.0,"key":"Bird Faced Urn"},{"floor":12.0,"key":"War Paint"}],"event_choices":[{"damage_healed":0.0,"max_hp_gain":0.0,"max_hp_loss":0.0,"gold_gain":0.0,"event_name":"World of Goop","player_choice":"Left Gold","floor":4.0,"gold_loss":44.0,"damage_taken":0.0},{"damage_healed":18.0,"max_hp_gain":0.0,"max_hp_loss":0.0,"gold_gain":0.0,"event_name":"Mushrooms","player_choice":"Healed and dodged fight","floor":7.0,"gold_loss":0.0,"damage_taken":0.0,"cards_obtained":["Parasite"]},{"damage_healed":0.0,"max_hp_gain":0.0,"max_hp_loss":0.0,"gold_gain":0.0,"event_name":"FaceTrader","player_choice":"Trade","floor":13.0,"gold_loss":0.0,"damage_taken":0.0,"relics_obtained":["FaceOfCleric"]}],"is_beta":false,"boss_relics":[],"items_purged_floors":[],"is_endless":false,"potions_floor_spawned":[11,14],"killed_by":"Hexaghost","ascension_level":20}