{"gold_per_floor":[111,111,130,130,149,185,200,200,200,200],"floor_reached":10,"playtime":589,"items_purged":[],"score":136,"play_id":"bd2e0acc-7974-4e33-a2c1-e3115af2fbac","local_time":"20190516214413","is_ascension_mode":true,"campfire_choices":[{"floor":8,"key":"REST"}],"neow_cost":"NONE","seed_source_timestamp":11090592025500,"circlet_count":0,"master_deck":["AscendersBane","Defend_G","Defend_G","Defend_G","Defend_G","Defend_G","Strike_G","Strike_G","Strike_G","Strike_G","Survivor","Neutralize","Flying Knee","Leg Sweep","Backflip","Flechettes","Skewer","Endless Agony"],"relics":["Ring of the Snake","NeowsBlessing","Golden Idol","Potion Belt","Kunai"],"potions_floor_usage":[6,7],"damage_taken":[{"damage":0,"enemies":"2 Louse","floor":1,"turns":1},{"damage":0,"enemies":"Cultist","floor":3,"turns":1},{"damage":0,"enemies":"Jaw Worm","floor":5,"turns":1},{"damage":44,"enemies":"Gremlin Nob","floor":6,"turns":6},{"damage":21,"enemies":"Large Slime","floor":7,"turns":10},{"damage":34,"enemies":"Lagavulin","floor":10,"turns":11}],"seed_played":"9035744795201370538","potions_obtained":[{"floor":3,"key":"Swift Potion"},{"floor":6,"key":"Regen Potion"}],"is_trial":false,"path_per_floor":["M","?","M","?","M","E","M","R","T","E"],"character_chosen":"THE_SILENT","items_purchased":[],"campfire_rested":1,"item_purchase_floors":[],"current_hp_per_floor":[59,59,59,59,59,15,9,27,27,0],"gold":200,"neow_bonus":"THREE_ENEMY_KILL","is_prod":false,"is_daily":false,"chose_seed":false,"campfire_upgraded":0,"win_rate":0,"timestamp":1558068253,"path_taken":["M","?","?","?","M","E","M","R","T","E"],"build_version":"2019-01-23","purchased_purges":0,"victory":false,"max_hp_per_floor":[66,66,66,60,60,60,60,60,60,60],"card_choices":[{"not_picked":["Backflip","Quick Slash"],"picked":"Flying Knee","floor":1},{"not_picked":["Cloak And Dagger","Catalyst"],"picked":"Backflip","floor":3},{"not_picked":["Backflip","Dagger Throw"],"picked":"Flechettes","floor":5},{"not_picked":["Deadly Poison","Escape Plan"],"picked":"Skewer","floor":6},{"not_picked":["Grand Finale","Deflect"],"picked":"Endless Agony","floor":7}],"player_experience":1329639,"relics_obtained":[{"floor":6,"key":"Potion Belt"},{"floor":9,"key":"Kunai"}],"event_choices":[{"damage_healed":0,"gold_gain":0,"cards_transformed":["Strike_G"],"player_choice":"Transformed","damage_taken":0,"max_hp_gain":0,"max_hp_loss":0,"event_name":"Transmorgrifier","floor":2,"gold_loss":0,"cards_obtained":["Leg Sweep"]},{"damage_healed":0,"gold_gain":0,"player_choice":"Lose Max HP","damage_taken":0,"relics_obtained":["Golden Idol"],"max_hp_gain":0,"max_hp_loss":6,"event_name":"Golden Idol","floor":4,"gold_loss":0}],"is_beta":false,"boss_relics":[],"items_purged_floors":[],"is_endless":false,"potions_floor_spawned":[3,6],"killed_by":"Lagavulin","ascension_level":20}