{"gold_per_floor":[117,129,12,27,44,69,13,13,13,31,41,41,51,61,61,139,139,139,139,139,5,25,25],"floor_reached":23,"playtime":1656,"items_purged":["Strike_G"],"score":490,"play_id":"bfa5fb0d-b017-47e1-9d69-c8ad12ed95e3","local_time":"20190512204959","is_ascension_mode":true,"campfire_choices":[{"floor":8.0,"key":"REST"},{"data":"Footwork","floor":15.0,"key":"SMITH"}],"neow_cost":"NONE","seed_source_timestamp":38265954833000,"circlet_count":0,"master_deck":["AscendersBane","Defend_G+1","Defend_G+1","Defend_G+1","Defend_G+1","Defend_G+1","Strike_G+1","Strike_G+1","Strike_G+1","Strike_G+1","Survivor","Neutralize","Riddle With Holes+1","Poisoned Stab+1","Noxious Fumes","Flying Knee","Blur","Malaise","Footwork+1","Bouncing Flask","Deflect","Glass Knife","Terror","Footwork","Expertise"],"special_seed":0,"relics":["Ring of the Snake","War Paint","Whetstone","Black Star"],"potions_floor_usage":[23,23],"damage_taken":[{"damage":0.0,"enemies":"2 Louse","floor":1.0,"turns":3.0},{"damage":0.0,"enemies":"Jaw Worm","floor":2.0,"turns":4.0},{"damage":1.0,"enemies":"Cultist","floor":4.0,"turns":4.0},{"damage":5.0,"enemies":"Large Slime","floor":5.0,"turns":8.0},{"damage":44.0,"enemies":"Lagavulin","floor":6.0,"turns":8.0},{"damage":0.0,"enemies":"Looter","floor":10.0,"turns":3.0},{"damage":0.0,"enemies":"2 Fungi Beasts","floor":11.0,"turns":4.0},{"damage":0.0,"enemies":"Red Slaver","floor":13.0,"turns":5.0},{"damage":2.0,"enemies":"Large Slime","floor":14.0,"turns":6.0},{"damage":0.0,"enemies":"The Guardian","floor":16.0,"turns":13.0},{"damage":19.0,"enemies":"Shell Parasite","floor":18.0,"turns":6.0},{"damage":7.0,"enemies":"Chosen","floor":22.0,"turns":5.0},{"damage":46,"enemies":"Slavers","floor":23,"turns":3}],"seed_played":"-885668650876551094","potions_obtained":[{"floor":0.0,"key":"Fire Potion"},{"floor":0.0,"key":"Weak Potion"},{"floor":1.0,"key":"EssenceOfSteel"},{"floor":4.0,"key":"Weak Potion"},{"floor":6.0,"key":"Swift Potion"},{"floor":11.0,"key":"SmokeBomb"},{"floor":14.0,"key":"FearPotion"}],"is_trial":false,"path_per_floor":["M","M","$","M","M","E","?","R","T","M","M","?","M","M","R","B",null,"M","?","?","$","M","E"],"character_chosen":"THE_SILENT","items_purchased":["Noxious Fumes","PowerPotion","Footwork"],"campfire_rested":1,"item_purchase_floors":[3,21,21],"current_hp_per_floor":[59,59,59,58,53,9,9,28,28,28,28,66,66,64,64,64,66,47,47,47,47,40,0],"gold":25,"neow_bonus":"THREE_SMALL_POTIONS","is_prod":false,"is_daily":false,"chose_seed":false,"campfire_upgraded":1,"win_rate":0,"timestamp":1557719399,"path_taken":["M","M","$","M","M","E","?","R","T","M","M","?","M","?","R","BOSS","M","?","?","$","M","E"],"build_version":"2019-01-23","purchased_purges":1,"victory":false,"max_hp_per_floor":[66,66,66,66,66,66,66,66,66,66,66,66,66,66,66,66,66,66,66,66,66,66,66],"card_choices":[{"not_picked":["Deflect","Caltrops"],"picked":"Riddle With Holes","floor":1.0},{"not_picked":["Backflip","Bane"],"picked":"Poisoned Stab","floor":2.0},{"not_picked":["Reflex","Cloak And Dagger"],"picked":"Flying Knee","floor":4.0},{"not_picked":["Caltrops","Quick Slash"],"picked":"Noxious Fumes","floor":5.0},{"not_picked":["Riddle With Holes","Skewer"],"picked":"Blur","floor":6.0},{"not_picked":["Dodge and Roll","Acrobatics"],"picked":"Malaise","floor":10.0},{"not_picked":["Poisoned Stab","Finisher"],"picked":"Footwork","floor":11.0},{"not_picked":["Prepared","Poisoned Stab"],"picked":"Bouncing Flask","floor":13.0},{"not_picked":["Slice","Expertise"],"picked":"Deflect","floor":14.0},{"not_picked":["Tools of the Trade","Grand Finale"],"picked":"Glass Knife","floor":16.0},{"not_picked":["Noxious Fumes","Distraction"],"picked":"Expertise","floor":22.0}],"player_experience":1299527,"relics_obtained":[{"floor":6.0,"key":"War Paint"},{"floor":9.0,"key":"Whetstone"}],"event_choices":[{"damage_healed":0.0,"max_hp_gain":0.0,"max_hp_loss":0.0,"gold_gain":0.0,"event_name":"World of Goop","player_choice":"Left Gold","floor":7.0,"gold_loss":56.0,"damage_taken":0.0},{"cards_removed":["Noxious Fumes"],"damage_healed":38.0,"max_hp_gain":0.0,"max_hp_loss":0.0,"gold_gain":0.0,"event_name":"Bonfire Elementals","player_choice":"Offered Uncommon","floor":12.0,"gold_loss":0.0,"damage_taken":0.0},{"damage_healed":0.0,"max_hp_gain":0.0,"max_hp_loss":0.0,"gold_gain":0.0,"event_name":"The Library","player_choice":"Read","floor":19.0,"gold_loss":0.0,"damage_taken":0.0,"cards_obtained":["Terror"]},{"damage_healed":0.0,"max_hp_gain":0.0,"max_hp_loss":0.0,"gold_gain":0.0,"event_name":"Back to Basics","player_choice":"Simplicity","floor":20.0,"gold_loss":0.0,"damage_taken":0.0,"cards_upgraded":["Defend_G","Defend_G","Defend_G","Strike_G","Strike_G","Strike_G","Strike_G"]}],"is_beta":false,"boss_relics":[{"not_picked":["HoveringKite","Snecko Eye"],"picked":"Black Star"}],"items_purged_floors":[3],"is_endless":false,"potions_floor_spawned":[1,4,6,11,14,18,22],"killed_by":"Slavers","ascension_level":20}