{"gold_per_floor":[116,116,86,7,27,58,73,117,142,142,157,157,195,219,219,219],"floor_reached":16,"playtime":1076,"items_purged":[],"score":290,"play_id":"5a1d23f6-2468-4c35-8dd1-74e6da97eb43","local_time":"20190512201442","is_ascension_mode":true,"campfire_choices":[{"floor":10.0,"key":"REST"},{"data":"Dagger Spray","floor":15.0,"key":"SMITH"}],"neow_cost":"NONE","seed_source_timestamp":37037736469200,"circlet_count":0,"master_deck":["AscendersBane","Defend_G","Defend_G","Defend_G","Defend_G","Defend_G","Strike_G","Strike_G","Strike_G+1","Strike_G","Strike_G","Survivor","Neutralize+1","Dagger Spray+1","Backflip","Dagger Throw","Outmaneuver","Backstab","Footwork","Blur","Poisoned Stab","All Out Attack"],"special_seed":0,"relics":["Ring of the Snake","NeowsBlessing","Golden Idol","Whetstone","Snake Skull","Potion Belt","Lantern"],"potions_floor_usage":[16],"damage_taken":[{"damage":0.0,"enemies":"Small Slimes","floor":1.0,"turns":1.0},{"damage":0.0,"enemies":"Cultist","floor":5.0,"turns":1.0},{"damage":0.0,"enemies":"3 Sentries","floor":6.0,"turns":1.0},{"damage":0.0,"enemies":"2 Louse","floor":7.0,"turns":2.0},{"damage":54.0,"enemies":"Lagavulin","floor":8.0,"turns":10.0},{"damage":22.0,"enemies":"Exordium Thugs","floor":11.0,"turns":8.0},{"damage":8.0,"enemies":"3 Sentries","floor":13.0,"turns":7.0},{"damage":1.0,"enemies":"Looter","floor":14.0,"turns":3.0},{"damage":54,"enemies":"Slime Boss","floor":16,"turns":11}],"seed_played":"1547941199913024321","potions_obtained":[{"floor":3.0,"key":"GamblersBrew"},{"floor":3.0,"key":"FairyPotion"},{"floor":7.0,"key":"EssenceOfSteel"},{"floor":11.0,"key":"Explosive Potion"},{"floor":14.0,"key":"EssenceOfSteel"}],"is_trial":false,"path_per_floor":["M","?","?","$","M","E","M","E","T","R","M","?","E","M","R","B"],"character_chosen":"THE_SILENT","items_purchased":["Dagger Spray","Backflip"],"campfire_rested":1,"item_purchase_floors":[4,4],"current_hp_per_floor":[59,59,59,59,59,59,59,5,5,23,1,60,52,51,51,0],"gold":219,"neow_bonus":"THREE_ENEMY_KILL","is_prod":false,"is_daily":false,"chose_seed":false,"campfire_upgraded":1,"win_rate":0,"timestamp":1557717282,"path_taken":["M","?","?","$","?","E","?","E","T","R","M","?","E","M","R","BOSS"],"build_version":"2019-01-23","purchased_purges":0,"victory":false,"max_hp_per_floor":[66,60,60,60,60,60,60,60,60,60,60,60,60,60,60,60],"card_choices":[{"not_picked":["Dodge and Roll","Blur"],"picked":"Catalyst","floor":1.0},{"not_picked":["Acrobatics","Quick Slash"],"picked":"Dagger Throw","floor":5.0},{"not_picked":["Reflex","Underhanded Strike"],"picked":"Outmaneuver","floor":6.0},{"not_picked":["Escape Plan","Dagger Throw"],"picked":"Backstab","floor":7.0},{"not_picked":["Blur","Flying Knee"],"picked":"Footwork","floor":8.0},{"not_picked":["Deflect","Flechettes"],"picked":"Blur","floor":11.0},{"not_picked":["Dagger Throw","Blade Dance"],"picked":"Poisoned Stab","floor":13.0},{"not_picked":["Backflip","Deadly Poison"],"picked":"All Out Attack","floor":14.0}],"player_experience":1298451,"relics_obtained":[{"floor":6.0,"key":"Whetstone"},{"floor":8.0,"key":"Snake Skull"},{"floor":9.0,"key":"Potion Belt"},{"floor":13.0,"key":"Lantern"}],"event_choices":[{"damage_healed":0.0,"max_hp_gain":0.0,"max_hp_loss":6.0,"gold_gain":0.0,"event_name":"Golden Idol","player_choice":"Lose Max HP","floor":2.0,"gold_loss":0.0,"damage_taken":0.0,"relics_obtained":["Golden Idol"]},{"damage_healed":0.0,"max_hp_gain":0.0,"max_hp_loss":0.0,"gold_gain":0.0,"event_name":"The Woman in Blue","player_choice":"Bought 2 Potions","floor":3.0,"gold_loss":0.0,"damage_taken":0.0},{"cards_removed":["Catalyst"],"damage_healed":59.0,"max_hp_gain":0.0,"max_hp_loss":0.0,"gold_gain":0.0,"event_name":"Bonfire Elementals","player_choice":"Offered Uncommon","floor":12.0,"gold_loss":0.0,"damage_taken":0.0}],"is_beta":false,"boss_relics":[],"items_purged_floors":[],"is_endless":false,"potions_floor_spawned":[7,11,14],"killed_by":"Slime Boss","ascension_level":20}