{"gold_per_floor":[110,130,150,150,215,215,249,299,299,299,499,549,48,117,117,196,196,206,181,6,22,72,122,133,133,133,133,147,180,330,345,345,422,422,432,448,124,174,234,234],"floor_reached":40,"playtime":5010,"items_purged":["Doubt","Strike_G","Regret"],"score":736,"play_id":"22345a0d-1da1-4220-811e-98d7867296e5","local_time":"20190414114318","is_ascension_mode":true,"campfire_choices":[{"data":"Deadly Poison","floor":6.0,"key":"SMITH"},{"floor":10.0,"key":"REST"},{"data":"Neutralize","floor":15.0,"key":"SMITH"},{"floor":25.0,"key":"REST"},{"data":"Apotheosis","floor":27.0,"key":"SMITH"},{"floor":32.0,"key":"REST"}],"neow_cost":"NONE","seed_source_timestamp":3602744990100,"circlet_count":0,"master_deck":["AscendersBane","Defend_G","Defend_G","Defend_G","Defend_G","Defend_G","Survivor","Neutralize+1","Accuracy","Poisoned Stab","Deadly Poison+1","Dagger Throw","Flying Knee","Skewer","Apotheosis+1","Deflect","After Image","Blade Dance","Noxious Fumes","Catalyst","Dagger Spray","Cloak And Dagger","Calculated Gamble","Deflect+1","Envenom","Storm of Steel","Injury","Unload+1","Crippling Poison","Well Laid Plans","Thinking Ahead","Skewer"],"special_seed":0,"relics":["Ring of the Snake","SsserpentHead","Ancient Tea Set","Centennial Puzzle","Meat on the Bone","Bottled Lightning","Cursed Key","Smiling Mask","Letter Opener","Bag of Marbles","Shovel","Paper Crane","Astrolabe"],"potions_floor_usage":[40,40],"damage_taken":[{"damage":1.0,"enemies":"Small Slimes","floor":1.0,"turns":6.0},{"damage":0.0,"enemies":"Cultist","floor":2.0,"turns":4.0},{"damage":0.0,"enemies":"2 Louse","floor":3.0,"turns":3.0},{"damage":0.0,"enemies":"2 Fungi Beasts","floor":5.0,"turns":4.0},{"damage":12.0,"enemies":"3 Sentries","floor":7.0,"turns":7.0},{"damage":1.0,"enemies":"Exordium Thugs","floor":14.0,"turns":3.0},{"damage":10.0,"enemies":"Hexaghost","floor":16.0,"turns":8.0},{"damage":13.0,"enemies":"3 Byrds","floor":18.0,"turns":7.0},{"damage":2.0,"enemies":"Shell Parasite","floor":21.0,"turns":5.0},{"damage":6.0,"enemies":"Sentry and Sphere","floor":24.0,"turns":4.0},{"damage":10.0,"enemies":"Shelled Parasite and Fungi","floor":28.0,"turns":7.0},{"damage":14.0,"enemies":"Gremlin Leader","floor":29.0,"turns":6.0},{"damage":10.0,"enemies":"Colosseum Slavers","floor":30.0,"turns":4.0},{"damage":17.0,"enemies":"Colosseum Nobs","floor":30.0,"turns":4.0},{"damage":15.0,"enemies":"Snecko","floor":31.0,"turns":4.0},{"damage":8.0,"enemies":"Collector","floor":33.0,"turns":6.0},{"damage":2.0,"enemies":"Orb Walker","floor":35.0,"turns":3.0},{"damage":7.0,"enemies":"3 Shapes","floor":36.0,"turns":2.0},{"damage":15.0,"enemies":"Writhing Mass","floor":39.0,"turns":5.0},{"damage":35,"enemies":"Giant Head","floor":40,"turns":6}],"seed_played":"4284844901007460496","potions_obtained":[{"floor":1.0,"key":"Strength Potion"},{"floor":3.0,"key":"PowerPotion"},{"floor":14.0,"key":"GhostInAJar"},{"floor":18.0,"key":"FearPotion"},{"floor":24.0,"key":"LiquidBronze"},{"floor":29.0,"key":"Fire Potion"},{"floor":30.0,"key":"LiquidBronze"},{"floor":35.0,"key":"Strength Potion"},{"floor":36.0,"key":"LiquidBronze"}],"is_trial":false,"path_per_floor":["M","M","M","?","M","R","E","?","T","R","?","?","$","M","R","B",null,"M","?","$","M","?","?","M","R","T","R","M","E","?","M","R","B",null,"M","M","$","?","M","E"],"character_chosen":"THE_SILENT","items_purchased":["Apotheosis","Bottled Lightning","Noxious Fumes","Crippling Poison","Well Laid Plans","Thinking Ahead"],"campfire_rested":3,"item_purchase_floors":[13,13,20,37,37,37],"current_hp_per_floor":[58,58,58,58,58,58,46,35,35,54,54,54,54,53,53,43,60,47,47,47,45,45,45,39,58,58,58,48,34,31,28,47,39,59,57,50,50,50,35,0],"gold":234,"neow_bonus":"TRANSFORM_CARD","is_prod":false,"is_daily":false,"chose_seed":false,"campfire_upgraded":3,"win_rate":0,"timestamp":1555267398,"path_taken":["M","M","M","?","?","R","E","?","T","R","?","?","$","?","R","BOSS","M","?","$","M","?","?","M","R","T","R","M","E","?","M","R","BOSS","M","M","$","?","?","E"],"build_version":"2019-01-23","purchased_purges":3,"victory":false,"max_hp_per_floor":[66,66,66,66,66,66,66,66,66,66,66,66,66,66,66,66,66,66,66,66,66,66,66,66,66,66,66,66,66,66,66,66,66,66,66,66,66,66,66,66],"card_choices":[{"not_picked":["Riddle With Holes","Deflect"],"picked":"Poisoned Stab","floor":1.0},{"not_picked":["Calculated Gamble","Sucker Punch"],"picked":"Deadly Poison","floor":2.0},{"not_picked":["Choke","Deadly Poison"],"picked":"Dagger Throw","floor":3.0},{"not_picked":["Burst","Deflect"],"picked":"Flying Knee","floor":5.0},{"not_picked":["Concentrate","Bane"],"picked":"Skewer","floor":7.0},{"not_picked":["Acrobatics","Underhanded Strike"],"picked":"Deflect","floor":14.0},{"not_picked":["Tools of the Trade","Bullet Time"],"picked":"After Image","floor":16.0},{"not_picked":["Accuracy+1","Prepared"],"picked":"Blade Dance","floor":18.0},{"not_picked":["Underhanded Strike","Dash"],"picked":"Catalyst","floor":21.0},{"not_picked":["Concentrate","Deadly Poison"],"picked":"Dagger Spray","floor":24.0},{"not_picked":["Sucker Punch","Blade Dance"],"picked":"Cloak And Dagger","floor":28.0},{"not_picked":["A Thousand Cuts","Flying Knee"],"picked":"Calculated Gamble","floor":29.0},{"not_picked":["Outmaneuver","Tactician"],"picked":"Deflect+1","floor":30.0},{"not_picked":["Quick Slash","Deadly Poison"],"picked":"Envenom","floor":31.0},{"not_picked":["Envenom","Tools of the Trade"],"picked":"Storm of Steel","floor":33.0},{"not_picked":["Acrobatics","Dash+1","Slice"],"picked":"SKIP","floor":35.0},{"not_picked":["Dagger Spray","Dodge and Roll","Bane"],"picked":"SKIP","floor":36.0},{"not_picked":["Sucker Punch","Expertise+1","Deflect"],"picked":"SKIP","floor":39.0}],"player_experience":841920,"relics_obtained":[{"floor":7.0,"key":"Ancient Tea Set"},{"floor":9.0,"key":"Centennial Puzzle"},{"floor":12.0,"key":"Meat on the Bone"},{"floor":26.0,"key":"Letter Opener"},{"floor":29.0,"key":"Bag of Marbles"},{"floor":30.0,"key":"Shovel"},{"floor":30.0,"key":"Paper Crane"}],"event_choices":[{"damage_healed":0.0,"max_hp_gain":0.0,"max_hp_loss":0.0,"gold_gain":0.0,"event_name":"FaceTrader","player_choice":"Trade","floor":4.0,"gold_loss":0.0,"damage_taken":0.0,"relics_obtained":["SsserpentHead"]},{"damage_healed":0.0,"max_hp_gain":0.0,"max_hp_loss":0.0,"gold_gain":0.0,"event_name":"Scrap Ooze","player_choice":"Fled","floor":8.0,"gold_loss":0.0,"damage_taken":11.0},{"damage_healed":0.0,"max_hp_gain":0.0,"max_hp_loss":0.0,"gold_gain":150.0,"event_name":"Liars Game","player_choice":"AGREE","floor":11.0,"gold_loss":0.0,"damage_taken":0.0,"cards_obtained":["Doubt"]},{"damage_healed":0.0,"max_hp_gain":0.0,"max_hp_loss":0.0,"gold_gain":0.0,"event_name":"Wheel of Change","player_choice":"Relic","floor":12.0,"gold_loss":0.0,"damage_taken":0.0},{"cards_removed":["Strike_G"],"damage_healed":0.0,"max_hp_gain":0.0,"max_hp_loss":0.0,"gold_gain":0.0,"event_name":"Beggar","player_choice":"Gave Gold","floor":19.0,"gold_loss":75.0,"damage_taken":0.0},{"damage_healed":0.0,"max_hp_gain":0.0,"max_hp_loss":0.0,"gold_gain":0.0,"event_name":"The Mausoleum","player_choice":"Opened","floor":22.0,"gold_loss":0.0,"damage_taken":0.0,"relics_obtained":["Smiling Mask"],"cards_obtained":["Writhe"]},{"cards_removed":["Strike_G"],"damage_healed":0.0,"max_hp_gain":0.0,"max_hp_loss":0.0,"gold_gain":0.0,"event_name":"Back to Basics","player_choice":"Elegance","floor":23.0,"gold_loss":0.0,"damage_taken":0.0},{"damage_healed":0.0,"max_hp_gain":0.0,"max_hp_loss":0.0,"gold_gain":0.0,"event_name":"Colosseum","player_choice":"Fight","floor":30.0,"gold_loss":0.0,"damage_taken":0.0},{"damage_healed":0.0,"max_hp_gain":0.0,"max_hp_loss":0.0,"gold_gain":0.0,"event_name":"Colosseum","player_choice":"Fought Nobs","floor":30.0,"gold_loss":0.0,"damage_taken":0.0},{"damage_healed":0.0,"max_hp_gain":0.0,"max_hp_loss":0.0,"gold_gain":0.0,"event_name":"Duplicator","player_choice":"Copied","floor":38.0,"gold_loss":0.0,"damage_taken":0.0,"cards_obtained":["Skewer"]}],"is_beta":false,"boss_relics":[{"not_picked":["Sozu","Tiny House"],"picked":"Cursed Key"},{"not_picked":["WristBlade","Orrery"],"picked":"Astrolabe"}],"items_purged_floors":[13,20,37],"is_endless":false,"potions_floor_spawned":[1,3,5,14,18,24,29,30,30,35,36],"killed_by":"Giant Head","ascension_level":15}