{"gold_per_floor":[119,134,29,48,68,68,101,120,120,120,120,1,1,1,1,78,78,96,146,146,20,20,20,20],"floor_reached":24,"playtime":635,"items_purged":["Strike_G","Strike_G"],"score":384,"play_id":"3e35479c-e4aa-452f-a177-8f6c668a090a","local_time":"20190430184715","is_ascension_mode":true,"campfire_choices":[{"data":"Deadly Poison","floor":6,"key":"SMITH"},{"floor":13,"key":"REST"},{"floor":15,"key":"REST"},{"data":"Malaise","floor":23,"key":"SMITH"}],"neow_cost":"NONE","seed_source_timestamp":1367602025298533,"circlet_count":0,"master_deck":["AscendersBane","Defend_G","Defend_G","Defend_G","Defend_G","Defend_G","Strike_G","Strike_G","Strike_G","Survivor","Neutralize+1","Endless Agony","Dagger Spray+1","Deadly Poison+1","Poisoned Stab","Leg Sweep","Infinite Blades","Malaise+1","Caltrops","Ghostly","Ghostly","Ghostly","PiercingWail","PiercingWail"],"relics":["Ring of the Snake","Happy Flower","Eternal Feather"],"potions_floor_usage":[7,16],"damage_taken":[{"damage":0,"enemies":"Cultist","floor":1,"turns":4},{"damage":2,"enemies":"Small Slimes","floor":2,"turns":4},{"damage":6,"enemies":"2 Louse","floor":4,"turns":4},{"damage":10,"enemies":"Blue Slaver","floor":5,"turns":4},{"damage":14,"enemies":"3 Sentries","floor":7,"turns":9},{"damage":12,"enemies":"Exordium Wildlife","floor":8,"turns":5},{"damage":23,"enemies":"Slime Boss","floor":16,"turns":8},{"damage":13,"enemies":"Chosen","floor":18,"turns":5},{"damage":46,"enemies":"Slavers","floor":24,"turns":6}],"seed_played":"3195122114009826408","potions_obtained":[{"floor":2,"key":"Strength Potion"},{"floor":7,"key":"PowerPotion"}],"is_trial":false,"path_per_floor":["M","M","$","M","M","R","E","M","T","?","?","$","R","$","R","B",null,"M","?","?","$","?","R","E"],"character_chosen":"THE_SILENT","items_purchased":["Deadly Poison","Poisoned Stab","Infinite Blades","PiercingWail"],"campfire_rested":2,"item_purchase_floors":[3,3,12,21],"current_hp_per_floor":[59,57,57,51,41,41,27,15,15,15,15,15,34,34,53,30,57,44,44,33,33,33,33,0],"gold":20,"neow_bonus":"UPGRADE_CARD","is_prod":false,"is_daily":false,"chose_seed":false,"campfire_upgraded":2,"win_rate":0,"timestamp":1556660835,"path_taken":["M","M","?","M","M","R","E","M","T","?","?","$","R","?","R","BOSS","M","?","?","$","?","R","E"],"build_version":"2019-01-23","purchased_purges":2,"victory":false,"max_hp_per_floor":[66,66,66,66,66,66,66,66,66,66,66,66,66,66,66,66,66,66,66,33,33,33,33,33],"card_choices":[{"not_picked":["Slice","Riddle With Holes"],"picked":"Endless Agony","floor":1},{"not_picked":["Flying Knee","Cloak And Dagger"],"picked":"Dagger Spray","floor":2},{"not_picked":["Outmaneuver","Flechettes","Bane"],"picked":"SKIP","floor":4},{"not_picked":["Quick Slash","Outmaneuver","Predator"],"picked":"SKIP","floor":5},{"not_picked":["Burst","Eviscerate","Acrobatics"],"picked":"SKIP","floor":7},{"not_picked":["Dodge and Roll","Flying Knee"],"picked":"Leg Sweep","floor":8},{"not_picked":["Adrenaline","Storm of Steel"],"picked":"Malaise","floor":16},{"not_picked":["Reflex","Choke+1"],"picked":"Caltrops","floor":18}],"player_experience":2236854,"relics_obtained":[{"floor":7,"key":"Happy Flower"}],"event_choices":[{"damage_healed":0,"gold_gain":0,"player_choice":"Ignored","damage_taken":0,"max_hp_gain":0,"max_hp_loss":0,"event_name":"Shining Light","floor":10,"gold_loss":0},{"damage_healed":0,"gold_gain":0,"player_choice":"Grow","damage_taken":0,"max_hp_gain":0,"max_hp_loss":0,"event_name":"Living Wall","floor":11,"gold_loss":0,"cards_upgraded":["Dagger Spray"]},{"damage_healed":0,"gold_gain":50,"player_choice":"Stole From Cult","damage_taken":0,"max_hp_gain":0,"max_hp_loss":0,"event_name":"Nest","floor":19,"gold_loss":0},{"damage_healed":0,"gold_gain":0,"player_choice":"Became a Ghost","damage_taken":0,"max_hp_gain":0,"max_hp_loss":33,"event_name":"Ghosts","floor":20,"gold_loss":0,"cards_obtained":["Ghostly","Ghostly","Ghostly"]},{"damage_healed":0,"gold_gain":0,"player_choice":"Read","damage_taken":0,"max_hp_gain":0,"max_hp_loss":0,"event_name":"The Library","floor":22,"gold_loss":0,"cards_obtained":["PiercingWail"]}],"is_beta":false,"boss_relics":[{"not_picked":["HoveringKite","Calling Bell"],"picked":"Eternal Feather"}],"items_purged_floors":[12,21],"is_endless":false,"potions_floor_spawned":[2,7],"killed_by":"Slavers","ascension_level":20}