{"gold_per_floor":[117,117,142,12,12,44,57,82,82,82,92,108,8,39,39,114,114,73,87,97,22,22],"floor_reached":22,"playtime":820,"items_purged":["Strike_G","Strike_G"],"score":458,"play_id":"85124f82-b83d-4661-8c6d-6aadac3caf17","local_time":"20190428002324","is_ascension_mode":true,"campfire_choices":[{"data":"Neutralize","floor":10,"key":"SMITH"},{"floor":15,"key":"REST"}],"neow_cost":"NONE","seed_source_timestamp":1128391982056045,"circlet_count":0,"master_deck":["AscendersBane","Defend_G+1","Defend_G","Defend_G+1","Defend_G","Defend_G","Strike_G","Strike_G+1","Survivor","Neutralize+1","Quick Slash","Cloak And Dagger+1","Predator","Backstab","Cloak And Dagger","Footwork","After Image","PiercingWail","Dodge and Roll"],"relics":["Ring of the Snake","NeowsBlessing","Snake Skull","Incense Burner","Matryoshka","Omamori","Regal Pillow","Question Card","War Paint","Runic Pyramid"],"potions_floor_usage":[8,16,16,22],"damage_taken":[{"damage":0,"enemies":"Small Slimes","floor":1,"turns":1},{"damage":0,"enemies":"Gremlin Nob","floor":6,"turns":1},{"damage":0,"enemies":"Jaw Worm","floor":7,"turns":1},{"damage":6,"enemies":"3 Sentries","floor":8,"turns":7},{"damage":0,"enemies":"2 Louse","floor":11,"turns":2},{"damage":0,"enemies":"Blue Slaver","floor":12,"turns":3},{"damage":17,"enemies":"Lagavulin","floor":14,"turns":7},{"damage":36,"enemies":"Slime Boss","floor":16,"turns":10},{"damage":16,"enemies":"2 Thieves","floor":18,"turns":5},{"damage":0,"enemies":"3 Byrds","floor":19,"turns":8},{"damage":4,"enemies":"Centurion and Healer","floor":20,"turns":17},{"damage":35,"enemies":"3 Cultists","floor":22,"turns":10}],"seed_played":"3970248974941813851","potions_obtained":[{"floor":1,"key":"Fire Potion"},{"floor":8,"key":"Strength Potion"},{"floor":18,"key":"Block Potion"}],"is_trial":false,"path_per_floor":["M","?","T","$","T","E","M","E","T","R","M","M","$","E","R","B",null,"M","M","M","?","M"],"character_chosen":"THE_SILENT","items_purchased":["Fire Potion"],"campfire_rested":1,"item_purchase_floors":[4],"current_hp_per_floor":[59,39,39,39,39,39,39,33,33,33,33,33,33,16,50,14,53,37,37,33,33,0],"gold":22,"neow_bonus":"THREE_ENEMY_KILL","is_prod":false,"is_daily":false,"chose_seed":false,"campfire_upgraded":1,"win_rate":0,"timestamp":1556421804,"path_taken":["M","?","?","?","?","E","M","E","T","R","M","M","?","E","R","BOSS","M","M","M","?","M"],"build_version":"2019-01-23","purchased_purges":2,"victory":false,"max_hp_per_floor":[66,66,66,66,66,66,66,66,66,66,66,66,66,66,66,66,66,66,66,66,66,66],"card_choices":[{"not_picked":["All Out Attack","Endless Agony"],"picked":"Quick Slash","floor":1},{"not_picked":["Deflect","Bane"],"picked":"Cloak And Dagger","floor":6},{"not_picked":["PiercingWail","Infinite Blades"],"picked":"Predator","floor":7},{"not_picked":["Flechettes","Bullet Time"],"picked":"Backstab","floor":8},{"not_picked":["Prepared","Underhanded Strike","Blade Dance"],"picked":"Cloak And Dagger","floor":11},{"not_picked":["Slice","Blade Dance","Setup","Backflip"],"picked":"SKIP","floor":12},{"not_picked":["Distraction","Leg Sweep","Corpse Explosion"],"picked":"Footwork","floor":14},{"not_picked":["Wraith Form v2","Grand Finale","Glass Knife"],"picked":"After Image","floor":16},{"not_picked":["Caltrops","Deflect","Underhanded Strike"],"picked":"PiercingWail","floor":18},{"not_picked":["Poisoned Stab","Dagger Throw","Quick Slash"],"picked":"Dodge and Roll","floor":19},{"not_picked":["Blade Dance","Concentrate","Eviscerate","Riddle With Holes+1"],"picked":"SKIP","floor":20}],"player_experience":2213766,"relics_obtained":[{"floor":3,"key":"Snake Skull"},{"floor":5,"key":"Incense Burner"},{"floor":6,"key":"Matryoshka"},{"floor":8,"key":"Omamori"},{"floor":9,"key":"Regal Pillow"},{"floor":9,"key":"Question Card"},{"floor":14,"key":"War Paint"}],"event_choices":[{"damage_healed":0,"gold_gain":0,"player_choice":"Entered Light","damage_taken":20,"max_hp_gain":0,"max_hp_loss":0,"event_name":"Shining Light","floor":2,"gold_loss":0,"cards_upgraded":["Defend_G","Strike_G"]},{"cards_removed":["Strike_G"],"damage_healed":0,"gold_gain":0,"player_choice":"Gave Gold","damage_taken":0,"max_hp_gain":0,"max_hp_loss":0,"event_name":"Beggar","floor":21,"gold_loss":75}],"is_beta":false,"boss_relics":[{"not_picked":["HoveringKite","Pandora\u0027s Box"],"picked":"Runic Pyramid"}],"items_purged_floors":[4,13],"is_endless":false,"potions_floor_spawned":[1,8,12,14,18],"killed_by":"3 Cultists","ascension_level":20}