{"gold_per_floor":[112,37,49,49,62,87,87,146,199,209,225,240,240,48,48,152,152,166,181,2,19,45,58,58,72,148,148,160,160,160,160],"floor_reached":31,"playtime":2130,"items_purged":["Strike_B"],"score":264,"play_id":"5cacc43e-9183-4f14-a873-bbd9fcbffbfc","local_time":"20180712235058","is_ascension_mode":false,"campfire_choices":[{"data":"Streamline","floor":7,"key":"SMITH"},{"floor":13,"key":"REST"},{"floor":15,"key":"REST"},{"floor":24,"key":"REST"},{"floor":29,"key":"REST"}],"neow_cost":"NONE","seed_source_timestamp":167056722722812,"circlet_count":0,"master_deck":["Strike_B","Strike_B","Strike_B","Defend_B","Defend_B","Defend_B","Zap","Dualcast","Streamline+1","Streamline+1","Defragment","Consume","Loop","Steam","Steam","Heatsinks","Defragment","FTL","Echo Form","Storm","Reprogram","Gash","Force Field","Go for the Eyes","Defragment","Defragment"],"relics":["Cracked Core","Anchor","Strawberry","Ginger","Tiny Chest","Runic Pyramid","Juzu Bracelet","Pen Nib","Pantograph","Vajra"],"potions_floor_usage":[6,28,28,31],"damage_taken":[{"damage":0,"enemies":"Jaw Worm","floor":1,"turns":4},{"damage":5,"enemies":"Cultist","floor":3,"turns":4},{"damage":0,"enemies":"2 Louse","floor":5,"turns":2},{"damage":24,"enemies":"3 Sentries","floor":6,"turns":5},{"damage":28,"enemies":"Gremlin Nob","floor":8,"turns":4},{"damage":1,"enemies":"Large Slime","floor":10,"turns":4},{"damage":0,"enemies":"Red Slaver","floor":11,"turns":3},{"damage":0,"enemies":"Looter","floor":12,"turns":2},{"damage":29,"enemies":"Slime Boss","floor":16,"turns":6},{"damage":24,"enemies":"Spheric Guardian","floor":18,"turns":4},{"damage":12,"enemies":"Shell Parasite","floor":19,"turns":4},{"damage":8,"enemies":"Snecko","floor":21,"turns":4},{"damage":15,"enemies":"Chosen and Byrds","floor":23,"turns":6},{"damage":27,"enemies":"Centurion and Healer","floor":25,"turns":6},{"damage":12,"enemies":"Snake Plant","floor":28,"turns":4},{"damage":32,"enemies":"Slavers","floor":31,"turns":2}],"seed_played":"8828130679286288318","potions_obtained":[{"floor":3,"key":"SpeedPotion"},{"floor":5,"key":"SkillPotion"},{"floor":11,"key":"EssenceOfSteel"},{"floor":12,"key":"Ancient Potion"}],"is_trial":false,"path_per_floor":["M","$","M","?","M","E","R","?","T","M","M","M","R","$","R","B",null,"M","M","$","M","T","M","R","M","T","T","M","R","?"],"character_chosen":"DEFECT","items_purchased":["Defragment","FTL","Energy Potion","Juzu Bracelet","Gash"],"campfire_rested":4,"item_purchase_floors":[14,14,14,20,20],"current_hp_per_floor":[75,75,70,70,70,53,53,25,25,24,24,24,48,48,72,43,82,58,46,46,38,38,23,47,20,20,20,8,32,32,0],"gold":160,"neow_bonus":"RANDOM_COMMON_RELIC","is_prod":false,"is_daily":false,"chose_seed":false,"campfire_upgraded":1,"win_rate":0.0,"timestamp":1531457458,"path_taken":["M","$","M","?","M","E","R","?","T","M","M","M","R","$","R","BOSS","M","M","$","M","?","M","R","M","T","?","M","R","?","E"],"build_version":"2018-07-12","purchased_purges":1,"victory":false,"max_hp_per_floor":[75,75,75,75,75,82,82,82,82,82,82,82,82,82,82,82,82,82,82,82,82,82,82,82,82,82,82,82,82,82,82],"card_choices":[{"not_picked":["Gash","BootSequence"],"picked":"Streamline","floor":1},{"not_picked":["Tempest","Conserve Battery"],"picked":"Streamline","floor":3},{"not_picked":["Static Discharge","Cold Snap"],"picked":"Defragment","floor":5},{"not_picked":["Cold Snap","Barrage"],"picked":"Consume","floor":6},{"not_picked":["Cold Snap","Rebound"],"picked":"Loop","floor":8},{"not_picked":["Steam Power","Leap"],"picked":"Steam","floor":10},{"not_picked":["Hello World","Streamline"],"picked":"Steam","floor":11},{"not_picked":["Conserve Battery","Leap"],"picked":"Heatsinks","floor":12},{"not_picked":["Fission","Creative AI"],"picked":"Echo Form","floor":16},{"not_picked":["Steam","Rebound"],"picked":"Storm","floor":18},{"not_picked":["BootSequence","Self Repair"],"picked":"Reprogram","floor":19},{"not_picked":["Coolheaded+1","Stack+1"],"picked":"Force Field","floor":21},{"not_picked":["Barrage","Redo"],"picked":"Go for the Eyes","floor":23},{"not_picked":["Double Energy","Ball Lightning"],"picked":"Defragment","floor":25},{"not_picked":["Self Repair+1","Leap"],"picked":"Defragment","floor":28}],"player_experience":53024,"relics_obtained":[{"floor":6,"key":"Strawberry"},{"floor":9,"key":"Tiny Chest"},{"floor":22,"key":"Pen Nib"},{"floor":26,"key":"Pantograph"},{"floor":27,"key":"Vajra"}],"event_choices":[{"event_name":"Upgrade Shrine","player_choice":"Upgraded","floor":4,"damage_taken":0},{"event_name":"Dead Adventurer","player_choice":"Searched \u00273\u0027 times","floor":8,"damage_taken":0},{"event_name":"Purifier","player_choice":"One Purge","floor":30,"damage_taken":0}],"boss_relics":[{"not_picked":["Coffee Dripper","Ectoplasm"],"picked":"Runic Pyramid"}],"items_purged_floors":[2],"is_endless":false,"potions_floor_spawned":[3,5,11,12,19,25],"killed_by":"Slavers","ascension_level":0}