{"gold_per_floor":[109,121,134,146,146,146,177,177,253,253,268,268,287,297,297,393,393,381,334,347,364,382,382,416,294,294,304,320,0,0,19,19,118,118,134,152,168,118,118,118,44,44,44,79,97,0,100,100],"floor_reached":48,"playtime":2131,"items_purged":["Defend_R","Normality","Decay"],"score":828,"play_id":"30ff8234-dac7-422f-a0d6-31545c359347","local_time":"20190518184405","is_ascension_mode":true,"campfire_choices":[{"data":"Feed","floor":6.0,"key":"SMITH"},{"data":"Iron Wave","floor":10.0,"key":"SMITH"},{"data":"Iron Wave","floor":15.0,"key":"SMITH"},{"floor":23.0,"key":"REST"},{"floor":30,"key":"REST"},{"floor":32,"key":"REST"},{"floor":40,"key":"REST"},{"floor":42,"key":"REST"}],"neow_cost":"NONE","seed_source_timestamp":209019491266414,"circlet_count":0,"master_deck":["AscendersBane","Strike_R","Strike_R","Strike_R","Strike_R","Strike_R","Defend_R","Defend_R","Defend_R","Bash","Feed+1","Heavy Blade","True Grit+1","Iron Wave+1","Flex","Flame Barrier","Double Tap","Iron Wave+1","Demon Form","Shrug It Off","Pummel+1","Twin Strike","Clothesline","Limit Break","Metallicize","Pommel Strike+1","Parasite","Cleave+1","Disarm","Madness","Madness","Shrug It Off","Warcry+1","Shockwave"],"special_seed":0,"relics":["Burning Blood","StoneCalendar","Darkstone Periapt","Fusion Hammer","Smiling Mask","Meat on the Bone","Calling Bell","Bronze Scales","Dodecahedron","Gambling Chip","Ornamental Fan","Gremlin Horn","Red Mask","Shovel"],"potions_floor_usage":[48],"damage_taken":[{"damage":6.0,"enemies":"2 Louse","floor":1.0,"turns":3.0},{"damage":8.0,"enemies":"Small Slimes","floor":2.0,"turns":5.0},{"damage":2.0,"enemies":"Jaw Worm","floor":3.0,"turns":5.0},{"damage":0.0,"enemies":"Large Slime","floor":4.0,"turns":5.0},{"damage":54.0,"enemies":"Lagavulin","floor":7.0,"turns":9.0},{"damage":11.0,"enemies":"Blue Slaver","floor":11.0,"turns":3.0},{"damage":1.0,"enemies":"3 Louse","floor":13.0,"turns":4.0},{"damage":2.0,"enemies":"Looter","floor":14.0,"turns":4.0},{"damage":44.0,"enemies":"Slime Boss","floor":16.0,"turns":7.0},{"damage":17.0,"enemies":"2 Thieves","floor":18.0,"turns":4.0},{"damage":4.0,"enemies":"Shell Parasite","floor":20.0,"turns":7.0},{"damage":20.0,"enemies":"Centurion and Healer","floor":21.0,"turns":7.0},{"damage":26.0,"enemies":"Snake Plant","floor":22.0,"turns":5.0},{"damage":43.0,"enemies":"Book of Stabbing","floor":24.0,"turns":6.0},{"damage":36.0,"enemies":"3 Cultists","floor":27.0,"turns":5.0},{"damage":30.0,"enemies":"Centurion and Healer","floor":28.0,"turns":7.0},{"damage":21,"enemies":"Snecko","floor":31,"turns":6},{"damage":66,"enemies":"Automaton","floor":33,"turns":8},{"damage":5,"enemies":"3 Shapes","floor":35,"turns":7},{"damage":26,"enemies":"Orb Walker","floor":36,"turns":5},{"damage":40,"enemies":"Sphere and 2 Shapes","floor":37,"turns":7},{"damage":132,"enemies":"Giant Head","floor":44,"turns":10},{"damage":11,"enemies":"4 Shapes","floor":45,"turns":6},{"damage":0,"enemies":"Mind Bloom Boss Battle","floor":47,"turns":7},{"damage":60,"enemies":"Transient","floor":48,"turns":3}],"seed_played":"5164426147105171598","potions_obtained":[{"floor":1.0,"key":"SteroidPotion"},{"floor":2.0,"key":"Regen Potion"},{"floor":7.0,"key":"SteroidPotion"},{"floor":18.0,"key":"Strength Potion"},{"floor":22.0,"key":"FairyPotion"},{"floor":24.0,"key":"Regen Potion"},{"floor":33,"key":"EssenceOfSteel"}],"is_trial":false,"path_per_floor":["M","M","M","M","?","R","E","?","T","R","M","?","M","M","R","B",null,"M","$","M","M","M","R","E","$","T","M","M","?","R","M","R","B",null,"M","M","M","$","?","R","$","R","T","E","M","?","?","M"],"character_chosen":"IRONCLAD","items_purchased":["Shrug It Off","Limit Break","Shrug It Off"],"campfire_rested":5,"item_purchase_floors":[19,25,41],"current_hp_per_floor":[75,76,80,89,89,89,59,82,82,82,81,74,83,87,87,53,90,83,83,85,75,55,88,51,51,51,37,40,40,74,71,105,57,118,119,99,81,81,64,104,104,136,136,22,33,33,51,0],"gold":100,"neow_bonus":"ONE_RANDOM_RARE_CARD","is_prod":false,"is_daily":false,"chose_seed":false,"campfire_upgraded":3,"win_rate":0,"timestamp":1558176245,"path_taken":["M","M","M","M","?","R","E","?","T","R","M","?","M","M","R","BOSS","M","$","M","M","M","R","E","$","T","M","M","?","R","M","R","BOSS","M","M","M","$","?","R","$","R","T","E","M","?","?","M"],"build_version":"2019-01-23","purchased_purges":3,"victory":false,"max_hp_per_floor":[83,86,86,89,89,89,93,93,93,93,97,94,98,98,98,102,102,106,106,106,110,110,110,110,110,110,114,114,114,114,114,114,114,132,132,132,136,136,136,136,136,136,136,136,140,140,140,140],"card_choices":[{"not_picked":["Sever Soul","Clothesline"],"picked":"Heavy Blade","floor":1.0},{"not_picked":["Blood for Blood","Corruption"],"picked":"True Grit","floor":2.0},{"not_picked":["Shrug It Off","Feel No Pain"],"picked":"Iron Wave","floor":3.0},{"not_picked":["Second Wind","Pummel"],"picked":"Flex","floor":4.0},{"not_picked":["Iron Wave","Bloodletting"],"picked":"Flame Barrier","floor":7.0},{"not_picked":["Wild Strike","Rupture","Sever Soul"],"picked":"SKIP","floor":11.0},{"not_picked":["Rage","Heavy Blade"],"picked":"Double Tap","floor":13.0},{"not_picked":["Sever Soul","Sentinel"],"picked":"Iron Wave","floor":14.0},{"not_picked":["Offering","Fiend Fire"],"picked":"Demon Form","floor":16.0},{"not_picked":["Feel No Pain","Clash+1","Second Wind"],"picked":"SKIP","floor":18.0},{"not_picked":["Dropkick+1","Rupture","Havoc"],"picked":"SKIP","floor":20.0},{"not_picked":["Anger","Pommel Strike"],"picked":"Pummel+1","floor":21.0},{"not_picked":["Thunderclap","Fire Breathing"],"picked":"Twin Strike","floor":22.0},{"not_picked":["Fiend Fire","Carnage"],"picked":"Clothesline","floor":24.0},{"not_picked":["Clash","Power Through","Perfected Strike"],"picked":"SKIP","floor":27.0},{"not_picked":["Wild Strike","Clothesline"],"picked":"Metallicize","floor":28.0},{"not_picked":["Flex","Evolve"],"picked":"Pommel Strike+1","floor":31},{"not_picked":["Clothesline","Disarm"],"picked":"Cleave+1","floor":35},{"not_picked":["Dropkick+1","Corruption","Power Through"],"picked":"SKIP","floor":36},{"not_picked":["Burning Pact+1","Sever Soul+1"],"picked":"Disarm","floor":37},{"not_picked":["Thunderclap","Cleave+1","Shrug It Off"],"picked":"SKIP","floor":44},{"not_picked":["Dropkick+1","Berserk"],"picked":"Warcry+1","floor":45},{"not_picked":["Sentinel","Flex"],"picked":"Shockwave","floor":47}],"player_experience":746640,"relics_obtained":[{"floor":7.0,"key":"StoneCalendar"},{"floor":9.0,"key":"Darkstone Periapt"},{"floor":24.0,"key":"Smiling Mask"},{"floor":26.0,"key":"Meat on the Bone"},{"floor":34,"key":"Bronze Scales"},{"floor":34,"key":"Dodecahedron"},{"floor":34,"key":"Gambling Chip"},{"floor":43,"key":"Ornamental Fan"},{"floor":44,"key":"Gremlin Horn"},{"floor":47,"key":"Shovel"}],"event_choices":[{"damage_healed":0.0,"max_hp_gain":0.0,"max_hp_loss":0.0,"gold_gain":0.0,"event_name":"Living Wall","player_choice":"Grow","floor":5.0,"gold_loss":0.0,"damage_taken":0.0,"cards_upgraded":["True Grit"]},{"damage_healed":23.0,"max_hp_gain":0.0,"max_hp_loss":0.0,"gold_gain":0.0,"event_name":"Mushrooms","player_choice":"Healed and dodged fight","floor":8.0,"gold_loss":0.0,"damage_taken":0.0,"cards_obtained":["Parasite"]},{"cards_removed":["Parasite"],"damage_healed":0.0,"max_hp_gain":0.0,"max_hp_loss":0.0,"gold_gain":0.0,"event_name":"Golden Wing","player_choice":"Card Removal","floor":12.0,"gold_loss":0.0,"damage_taken":7.0},{"damage_healed":0,"gold_gain":0,"player_choice":"Paid Fearfully","damage_taken":0,"max_hp_gain":0,"max_hp_loss":0,"event_name":"Masked Bandits","floor":29,"gold_loss":320},{"damage_healed":0,"gold_gain":0,"player_choice":"Embrace Madness","damage_taken":17,"max_hp_gain":0,"max_hp_loss":0,"event_name":"Winding Halls","floor":39,"gold_loss":0,"cards_obtained":["Madness","Madness"]},{"damage_healed":0,"gold_gain":0,"player_choice":"Paid","damage_taken":0,"relics_obtained":["Red Mask"],"max_hp_gain":0,"max_hp_loss":0,"event_name":"Tomb of Lord Red Mask","floor":46,"gold_loss":97},{"damage_healed":0,"gold_gain":0,"player_choice":"Fight","damage_taken":0,"max_hp_gain":0,"max_hp_loss":0,"event_name":"MindBloom","floor":47,"gold_loss":0}],"is_beta":false,"boss_relics":[{"not_picked":["Orrery","Empty Cage"],"picked":"Fusion Hammer"},{"not_picked":["Runic Dome","Runic Cube"],"picked":"Calling Bell"}],"items_purged_floors":[25,38,41],"is_endless":false,"potions_floor_spawned":[1,2,7,18,22,24,27,33,35,37,47],"killed_by":"Transient","ascension_level":12}