{"gold_per_floor":[110,110,110,6,19,46,64,64,64,79,94,128,138,158,158,158],"floor_reached":16,"playtime":870,"items_purged":["Shame"],"score":278,"play_id":"7707a3f5-6893-425d-83cc-3d3235db37e7","local_time":"20190427163741","is_ascension_mode":true,"campfire_choices":[{"data":"Neutralize","floor":8,"key":"SMITH"},{"floor":15,"key":"REST"}],"neow_cost":"NONE","seed_source_timestamp":73244557422400,"circlet_count":0,"master_deck":["AscendersBane","Defend_G","Defend_G","Defend_G","Defend_G","Defend_G","Strike_G","Strike_G","Strike_G","Strike_G","Survivor","Neutralize+1","Deadly Poison","Riddle With Holes","Slice","Predator","Dagger Spray","Skewer","Footwork","Dodge and Roll","Backstab","Dodge and Roll"],"relics":["Ring of the Snake","NeowsBlessing","Dodecahedron","Art of War","Anchor"],"potions_floor_usage":[10,10,13],"damage_taken":[{"damage":0,"enemies":"Small Slimes","floor":1,"turns":1},{"damage":0,"enemies":"Cultist","floor":5,"turns":1},{"damage":0,"enemies":"Gremlin Nob","floor":6,"turns":1},{"damage":0,"enemies":"2 Louse","floor":7,"turns":2},{"damage":5,"enemies":"Red Slaver","floor":10,"turns":2},{"damage":4,"enemies":"Looter","floor":11,"turns":4},{"damage":19,"enemies":"3 Sentries","floor":12,"turns":9},{"damage":0,"enemies":"Large Slime","floor":13,"turns":5},{"damage":4,"enemies":"Lots of Slimes","floor":14,"turns":3},{"damage":56,"enemies":"Slime Boss","floor":16,"turns":11}],"seed_played":"-7093063183665858248","potions_obtained":[{"floor":1,"key":"AttackPotion"},{"floor":5,"key":"Swift Potion"},{"floor":12,"key":"Regen Potion"}],"is_trial":false,"path_per_floor":["M","?","?","$","M","E","M","R","T","M","M","E","M","M","R","B"],"character_chosen":"THE_SILENT","items_purchased":["Slice"],"campfire_rested":1,"item_purchase_floors":[4],"current_hp_per_floor":[59,52,52,52,52,52,52,52,52,47,43,24,38,34,53,0],"gold":158,"neow_bonus":"THREE_ENEMY_KILL","is_prod":false,"is_daily":false,"chose_seed":false,"campfire_upgraded":1,"win_rate":0,"timestamp":1556408261,"path_taken":["M","?","?","$","M","E","M","R","T","M","M","E","M","M","R","BOSS"],"build_version":"2019-01-23","purchased_purges":1,"victory":false,"max_hp_per_floor":[66,66,66,66,66,66,66,66,66,66,66,66,66,66,66,66],"card_choices":[{"not_picked":["Tactician","Reflex"],"picked":"Deadly Poison","floor":1},{"not_picked":["Backflip","Caltrops"],"picked":"Predator","floor":5},{"not_picked":["A Thousand Cuts","Deflect"],"picked":"Dagger Spray","floor":6},{"not_picked":["Calculated Gamble","Choke"],"picked":"Skewer","floor":7},{"not_picked":["Backstab","Deadly Poison"],"picked":"Footwork","floor":10},{"not_picked":["Flechettes","Underhanded Strike","Skewer"],"picked":"SKIP","floor":11},{"not_picked":["Predator","Dagger Spray"],"picked":"Dodge and Roll","floor":12},{"not_picked":["Expertise","Eviscerate"],"picked":"Backstab","floor":13},{"not_picked":["Dagger Throw","Reflex"],"picked":"Dodge and Roll","floor":14}],"player_experience":1000405,"relics_obtained":[{"floor":6,"key":"Dodecahedron"},{"floor":9,"key":"Art of War"},{"floor":12,"key":"Anchor"}],"event_choices":[{"cards_removed":["Strike_G"],"damage_healed":0,"gold_gain":0,"player_choice":"Card Removal","damage_taken":7,"max_hp_gain":0,"max_hp_loss":0,"event_name":"Golden Wing","floor":2,"gold_loss":0},{"damage_healed":0,"gold_gain":0,"player_choice":"2 cards matched","damage_taken":0,"max_hp_gain":0,"max_hp_loss":0,"event_name":"Match and Keep!","floor":3,"gold_loss":0,"cards_obtained":["Shame","Riddle With Holes"]}],"is_beta":false,"boss_relics":[],"items_purged_floors":[4],"is_endless":false,"potions_floor_spawned":[1,5,6,12],"killed_by":"Slime Boss","ascension_level":20}