{"gold_per_floor":[111,121,137,77,97,97,125,125,125,139,36,36,90,130,130,130],"floor_reached":16,"playtime":1216,"items_purged":["Strike_G"],"score":220,"play_id":"829a72cc-b073-4cfc-8d0d-7c49c0f414c1","local_time":"20190512145235","is_ascension_mode":true,"campfire_choices":[{"floor":6.0,"key":"REST"},{"floor":8.0,"key":"REST"},{"floor":15,"key":"REST"}],"neow_cost":"NONE","seed_source_timestamp":17389442860700,"circlet_count":0,"master_deck":["AscendersBane","Defend_G","Defend_G","Defend_G","Defend_G","Defend_G","Strike_G","Strike_G","Strike_G","Survivor","Neutralize","Underhanded Strike","Dodge and Roll","Acrobatics","Dagger Spray","All Out Attack","Skewer","Dagger Throw","Deflect","Leg Sweep"],"special_seed":0,"relics":["Ring of the Snake","Peace Pipe","Pocketwatch","Golden Idol","Ginger"],"potions_floor_usage":[14,14],"damage_taken":[{"damage":3.0,"enemies":"Cultist","floor":1.0,"turns":4.0},{"damage":6.0,"enemies":"2 Louse","floor":2.0,"turns":5.0},{"damage":1.0,"enemies":"Small Slimes","floor":3.0,"turns":5.0},{"damage":3.0,"enemies":"Looter","floor":4.0,"turns":5.0},{"damage":11.0,"enemies":"3 Louse","floor":5.0,"turns":6.0},{"damage":34.0,"enemies":"3 Sentries","floor":7.0,"turns":7.0},{"damage":0.0,"enemies":"Red Slaver","floor":10.0,"turns":3.0},{"damage":32,"enemies":"Lagavulin","floor":14,"turns":7},{"damage":42,"enemies":"Slime Boss","floor":16,"turns":8}],"seed_played":"-4228621862488971135","potions_obtained":[{"floor":7.0,"key":"GhostInAJar"},{"floor":10.0,"key":"EssenceOfSteel"},{"floor":14,"key":"Explosive Potion"}],"is_trial":false,"path_per_floor":["M","M","M","M","M","R","E","R","T","M","$","?","?","E","R","B"],"character_chosen":"THE_SILENT","items_purchased":["Deflect"],"campfire_rested":3,"item_purchase_floors":[11],"current_hp_per_floor":[56,50,49,46,35,54,20,39,39,39,39,39,39,7,25,0],"gold":130,"neow_bonus":"REMOVE_CARD","is_prod":false,"is_daily":false,"chose_seed":false,"campfire_upgraded":0,"win_rate":0,"timestamp":1557697955,"path_taken":["M","?","M","M","M","R","E","R","T","M","?","?","?","E","R","BOSS"],"build_version":"2019-01-23","purchased_purges":1,"victory":false,"max_hp_per_floor":[66,66,66,66,66,66,66,66,66,66,66,60,60,60,60,60],"card_choices":[{"not_picked":["PiercingWail","Prepared"],"picked":"Underhanded Strike","floor":1.0},{"not_picked":["Underhanded Strike","Caltrops"],"picked":"Dodge and Roll","floor":2.0},{"not_picked":["Outmaneuver","Setup"],"picked":"Acrobatics","floor":3.0},{"not_picked":["Prepared","Underhanded Strike"],"picked":"Dagger Spray","floor":4.0},{"not_picked":["Flying Knee","Backflip"],"picked":"All Out Attack","floor":5.0},{"not_picked":["Deadly Poison","Deflect"],"picked":"Skewer","floor":7.0},{"not_picked":["Masterful Stab","Finisher"],"picked":"Dagger Throw","floor":10.0},{"not_picked":["Cloak And Dagger","Caltrops"],"picked":"Leg Sweep","floor":14}],"player_experience":1288585,"relics_obtained":[{"floor":7.0,"key":"Peace Pipe"},{"floor":9.0,"key":"Pocketwatch"},{"floor":14,"key":"Ginger"}],"event_choices":[{"damage_healed":0.0,"max_hp_gain":0.0,"max_hp_loss":6.0,"gold_gain":0.0,"event_name":"Golden Idol","player_choice":"Lose Max HP","floor":12.0,"gold_loss":0.0,"damage_taken":0.0,"relics_obtained":["Golden Idol"]},{"damage_healed":0.0,"max_hp_gain":0.0,"max_hp_loss":0.0,"gold_gain":54.0,"event_name":"Golden Wing","player_choice":"Gained Gold","floor":13.0,"gold_loss":0.0,"damage_taken":0.0}],"is_beta":false,"boss_relics":[],"items_purged_floors":[11],"is_endless":false,"potions_floor_spawned":[7,10,14],"killed_by":"Slime Boss","ascension_level":20}