{"gold_per_floor":[109,127,127,72,90,90,120,120,145,175,175,192,21,41,41,117,117,135,21,21,37,37,37,66,66,66,66,82,116,96,106,106,183,183,193,205,205,222,29,29,61,111,111,123,150,64,84,3,3,3,3],"floor_reached":51,"playtime":2260,"items_purged":["Strike_G"],"score":1481,"play_id":"1b361c16-29ee-4c24-b29a-fd950b5a71b1","local_time":"20190424141136","is_ascension_mode":true,"campfire_choices":[{"data":"Dagger Spray","floor":6.0,"key":"SMITH"},{"data":"Poisoned Stab","floor":8.0,"key":"SMITH"},{"data":"Skewer","floor":11.0,"key":"SMITH"},{"data":"Bouncing Flask","floor":15.0,"key":"SMITH"},{"data":"After Image","floor":23.0,"key":"SMITH"},{"floor":27.0,"key":"REST"},{"data":"Wraith Form v2","floor":32.0,"key":"SMITH"},{"data":"Noxious Fumes","floor":40,"key":"SMITH"},{"floor":49,"key":"RECALL"}],"neow_cost":"NONE","seed_source_timestamp":831013739943111,"circlet_count":0,"master_deck":["AscendersBane","Defend_G","Defend_G","Defend_G","Defend_G","Defend_G","Strike_G","Strike_G","Strike_G","Strike_G","Survivor","Neutralize","Poisoned Stab+1","Bouncing Flask+1","Dagger Spray+1","PiercingWail","Skewer+1","After Image+1","Cloak And Dagger","Wraith Form v2+1","Well Laid Plans","Noxious Fumes+1","Backflip","Outmaneuver+1","Well Laid Plans","Backflip","Noxious Fumes+1","Acrobatics+1","Good Instincts+1","Dash","Leg Sweep+1","Catalyst+1","Backstab+1","Footwork+1"],"special_seed":0,"relics":["Ring of the Snake","Anchor","Bag of Preparation","Ice Cream","Happy Flower","Busted Crown","Enchiridion","Gambling Chip","Singing Bowl","Lantern","Strawberry","Orrery","Toxic Egg 2","Prayer Wheel","Frozen Egg 2","Bronze Scales"],"potions_floor_usage":[50,51],"damage_taken":[{"damage":0.0,"enemies":"Small Slimes","floor":1.0,"turns":4.0},{"damage":1.0,"enemies":"Cultist","floor":2.0,"turns":4.0},{"damage":0.0,"enemies":"2 Louse","floor":5.0,"turns":3.0},{"damage":12.0,"enemies":"Lagavulin","floor":7.0,"turns":5.0},{"damage":15.0,"enemies":"3 Sentries","floor":10.0,"turns":9.0},{"damage":0.0,"enemies":"Blue Slaver","floor":12.0,"turns":3.0},{"damage":0.0,"enemies":"Lots of Slimes","floor":14.0,"turns":1.0},{"damage":14.0,"enemies":"Slime Boss","floor":16.0,"turns":5.0},{"damage":3.0,"enemies":"Shell Parasite","floor":18.0,"turns":5.0},{"damage":1.0,"enemies":"2 Thieves","floor":21.0,"turns":4.0},{"damage":21.0,"enemies":"Slavers","floor":24.0,"turns":7.0},{"damage":4.0,"enemies":"Shelled Parasite and Fungi","floor":28.0,"turns":6.0},{"damage":6.0,"enemies":"Gremlin Leader","floor":29.0,"turns":5.0},{"damage":0.0,"enemies":"Snake Plant","floor":31.0,"turns":3.0},{"damage":9.0,"enemies":"Champ","floor":33.0,"turns":11.0},{"damage":0.0,"enemies":"3 Shapes","floor":35.0,"turns":5.0},{"damage":19,"enemies":"3 Darklings","floor":36,"turns":7},{"damage":0,"enemies":"4 Shapes","floor":38,"turns":8},{"damage":21,"enemies":"Reptomancer","floor":41,"turns":6},{"damage":6,"enemies":"Maw","floor":44,"turns":7},{"damage":1,"enemies":"Nemesis","floor":45,"turns":5},{"damage":6,"enemies":"Spire Growth","floor":47,"turns":5},{"damage":48,"enemies":"Awakened One","floor":50,"turns":19},{"damage":20,"enemies":"Donu and Deca","floor":51,"turns":7}],"seed_played":"2645802081873922055","potions_obtained":[{"floor":7.0,"key":"PowerPotion"},{"floor":10.0,"key":"Ancient Potion"},{"floor":14.0,"key":"Explosive Potion"},{"floor":21.0,"key":"Energy Potion"},{"floor":29.0,"key":"Strength Potion"},{"floor":30.0,"key":"EntropicBrew"},{"floor":31.0,"key":"Fruit Juice"},{"floor":47,"key":"Regen Potion"}],"is_trial":false,"path_per_floor":["M","M","?","$","M","R","E","R","T","E","R","M","$","M","R","B",null,"M","$","?","M","?","R","E","T","T","R","M","E","?","M","R","B",null,"M","M","T","M","$","R","E","?","T","M","E","$","M","$","R","B","B"],"character_chosen":"THE_SILENT","items_purchased":["Poison Potion","Happy Flower","Well Laid Plans","Noxious Fumes","Acrobatics+1","Good Instincts+1","Leg Sweep+1","Footwork+1"],"campfire_rested":1,"item_purchase_floors":[4,13,19,39,39,39,46,48],"current_hp_per_floor":[59,58,66,66,66,66,54,54,54,39,39,39,39,39,39,25,56,53,53,32,31,31,31,10,10,10,29,27,30,30,37,37,30,78,80,61,61,63,63,63,44,44,44,42,41,41,35,35,35,2,0],"gold":3,"neow_bonus":"RANDOM_COMMON_RELIC","is_prod":false,"is_daily":false,"chose_seed":false,"campfire_upgraded":7,"win_rate":0,"timestamp":1556125896,"path_taken":["M","M","?","$","M","R","E","R","T","E","R","?","?","?","R","BOSS","M","$","?","M","?","R","E","?","T","R","?","E","?","M","R","BOSS","M","?","?","M","?","R","E","?","T","M","E","$","?","?","R","BOSS","BOSS"],"build_version":"2019-01-23","purchased_purges":1,"victory":false,"max_hp_per_floor":[66,66,66,66,66,66,66,66,66,66,66,66,66,66,66,66,66,66,66,66,66,66,66,66,66,66,66,68,77,77,84,84,86,92,94,94,94,96,96,96,98,98,98,102,102,102,102,102,102,102,102],"card_choices":[{"not_picked":["Slice","Calculated Gamble"],"picked":"Poisoned Stab","floor":1.0},{"not_picked":["Quick Slash","Flechettes"],"picked":"Bouncing Flask","floor":2.0},{"not_picked":["Skewer","Slice"],"picked":"Dagger Spray","floor":5.0},{"not_picked":["Terror","Skewer"],"picked":"PiercingWail","floor":7.0},{"not_picked":["Distraction","Deflect"],"picked":"Skewer","floor":10.0},{"not_picked":["Leg Sweep","Acrobatics"],"picked":"After Image","floor":12.0},{"not_picked":["Flying Knee","Prepared"],"picked":"Cloak And Dagger","floor":14.0},{"not_picked":["Unload","Tools of the Trade"],"picked":"Wraith Form v2","floor":16.0},{"not_picked":["Endless Agony"],"picked":"SKIP","floor":18.0},{"not_picked":[],"picked":"Noxious Fumes+1","floor":21.0},{"not_picked":["Flechettes"],"picked":"SKIP","floor":24.0},{"not_picked":["Dodge and Roll"],"picked":"Singing Bowl","floor":28.0},{"not_picked":["Blade Dance"],"picked":"Singing Bowl","floor":29.0},{"not_picked":["Reflex"],"picked":"Singing Bowl","floor":31.0},{"not_picked":["Storm of Steel"],"picked":"Singing Bowl","floor":33.0},{"not_picked":[],"picked":"Outmaneuver+1","floor":34.0},{"not_picked":["Masterful Stab"],"picked":"Singing Bowl","floor":34.0},{"not_picked":[],"picked":"Well Laid Plans","floor":34.0},{"not_picked":["Flying Knee"],"picked":"Singing Bowl","floor":34.0},{"not_picked":["Predator"],"picked":"Singing Bowl","floor":34.0},{"not_picked":["Quick Slash"],"picked":"Singing Bowl","floor":35.0},{"not_picked":[],"picked":"Backflip","floor":36},{"not_picked":["Underhanded Strike+1"],"picked":"Singing Bowl","floor":38},{"not_picked":["Poisoned Stab"],"picked":"Singing Bowl","floor":41},{"not_picked":["Bane"],"picked":"Singing Bowl","floor":44},{"not_picked":["Slice"],"picked":"Singing Bowl","floor":44},{"not_picked":[],"picked":"Dash","floor":45},{"not_picked":[],"picked":"Catalyst+1","floor":47},{"not_picked":[],"picked":"Backstab+1","floor":47}],"player_experience":2164025,"relics_obtained":[{"floor":7.0,"key":"Bag of Preparation"},{"floor":10.0,"key":"Ice Cream"},{"floor":20.0,"key":"Enchiridion"},{"floor":24.0,"key":"Gambling Chip"},{"floor":25.0,"key":"Singing Bowl"},{"floor":26.0,"key":"Lantern"},{"floor":29.0,"key":"Strawberry"},{"floor":37,"key":"Toxic Egg 2"},{"floor":41,"key":"Prayer Wheel"},{"floor":43,"key":"Frozen Egg 2"},{"floor":45,"key":"Bronze Scales"}],"event_choices":[{"damage_healed":8.0,"max_hp_gain":0.0,"max_hp_loss":0.0,"gold_gain":0.0,"event_name":"Wheel of Change","player_choice":"Full Heal","floor":3.0,"gold_loss":0.0,"damage_taken":0.0},{"damage_healed":0.0,"max_hp_gain":0.0,"max_hp_loss":0.0,"gold_gain":0.0,"event_name":"Cursed Tome","player_choice":"Obtained Book","floor":20.0,"gold_loss":0.0,"damage_taken":21.0},{"damage_healed":0.0,"max_hp_gain":0.0,"max_hp_loss":0.0,"gold_gain":0.0,"event_name":"The Library","player_choice":"Read","floor":22.0,"gold_loss":0.0,"damage_taken":0.0,"cards_obtained":["Backflip"]},{"damage_healed":0.0,"max_hp_gain":0.0,"max_hp_loss":0.0,"gold_gain":0.0,"event_name":"The Woman in Blue","player_choice":"Bought 1 Potion","floor":30.0,"gold_loss":0.0,"damage_taken":0.0},{"damage_healed":0,"gold_gain":50,"player_choice":"Pray","damage_taken":0,"max_hp_gain":0,"max_hp_loss":0,"event_name":"Golden Shrine","floor":42,"gold_loss":0}],"is_beta":false,"boss_relics":[{"not_picked":["Calling Bell","WristBlade"],"picked":"Busted Crown"},{"not_picked":["Tiny House","Runic Pyramid"],"picked":"Orrery"}],"items_purged_floors":[19],"is_endless":false,"potions_floor_spawned":[7,10,14,21,29,31,38,41,45,47],"killed_by":"Donu and Deca","ascension_level":20}