{"gold_per_floor":[111,128,128,141,141,141,171,183,218,263,288,300,326,364,376,467,479,502,514,151,161,172,182,70,104,155,155,155,155,174,194,194,267,267,280,296,296,296,309,309,309],"floor_reached":41,"playtime":2079,"items_purged":["Pain"],"score":866,"play_id":"b810d3ff-d6e6-4da7-84a3-387d9517042a","local_time":"20190428012345","is_ascension_mode":true,"campfire_choices":[{"data":"Dash","floor":6.0,"key":"SMITH"},{"floor":8.0,"key":"REST"},{"floor":12.0,"key":"REST"},{"floor":15.0,"key":"REST"},{"floor":27,"key":"REST"},{"data":"Noxious Fumes","floor":29,"key":"SMITH"},{"floor":32,"key":"REST"},{"data":"Writhe","floor":40,"key":"PURGE"}],"neow_cost":"NONE","seed_source_timestamp":1130705791665943,"circlet_count":0,"master_deck":["AscendersBane","Defend_G","Defend_G","Defend_G","Defend_G","Defend_G","Strike_G","Strike_G","Strike_G","Strike_G","Survivor","Neutralize+1","Dash+1","Dagger Spray","Backstab","Deadly Poison","Adrenaline","Malaise","Noxious Fumes+1","Master of Strategy","Terror","Dash+1","Endless Agony","Dodge and Roll","Noxious Fumes","Bouncing Flask","Dodge and Roll","After Image","Injury"],"special_seed":0,"relics":["Ring of the Snake","WarpedTongs","MawBank","Omamori","Vajra","Bottled Flame","Busted Crown","Orichalcum","Regal Pillow","Calling Bell","Strawberry","Darkstone Periapt","Peace Pipe"],"potions_floor_usage":[16,25,33,41],"damage_taken":[{"damage":0.0,"enemies":"2 Louse","floor":1.0,"turns":5.0},{"damage":0.0,"enemies":"Cultist","floor":2.0,"turns":4.0},{"damage":1.0,"enemies":"Small Slimes","floor":4.0,"turns":4.0},{"damage":38.0,"enemies":"Lagavulin","floor":7.0,"turns":10.0},{"damage":16.0,"enemies":"Gremlin Nob","floor":10.0,"turns":4.0},{"damage":19.0,"enemies":"Exordium Thugs","floor":11.0,"turns":5.0},{"damage":3.0,"enemies":"Lots of Slimes","floor":13.0,"turns":3.0},{"damage":10.0,"enemies":"3 Sentries","floor":14.0,"turns":6.0},{"damage":38,"enemies":"Slime Boss","floor":16,"turns":12},{"damage":12,"enemies":"3 Byrds","floor":18,"turns":6},{"damage":9,"enemies":"2 Thieves","floor":21,"turns":4},{"damage":7,"enemies":"Sentry and Sphere","floor":22,"turns":6},{"damage":12,"enemies":"Cultist and Chosen","floor":23,"turns":6},{"damage":3,"enemies":"Book of Stabbing","floor":25,"turns":7},{"damage":15,"enemies":"Shelled Parasite and Fungi","floor":30,"turns":7},{"damage":0,"enemies":"Snake Plant","floor":31,"turns":4},{"damage":40,"enemies":"Collector","floor":33,"turns":11},{"damage":17,"enemies":"3 Shapes","floor":35,"turns":6},{"damage":46,"enemies":"3 Darklings","floor":36,"turns":7},{"damage":23,"enemies":"Transient","floor":39,"turns":6},{"damage":46,"enemies":"Giant Head","floor":41,"turns":8}],"seed_played":"-6677971791025231381","potions_obtained":[{"floor":2.0,"key":"EssenceOfSteel"},{"floor":4.0,"key":"Fire Potion"},{"floor":10.0,"key":"Block Potion"},{"floor":13.0,"key":"Poison Potion"},{"floor":16,"key":"SpeedPotion"},{"floor":18,"key":"EssenceOfSteel"},{"floor":39,"key":"Dexterity Potion"}],"is_trial":false,"path_per_floor":["M","M","?","M","?","R","E","R","T","E","M","R","M","E","R","B",null,"M","?","$","M","M","M","$","E","T","R","?","R","M","M","R","B",null,"M","M","?","?","M","R","E"],"character_chosen":"THE_SILENT","items_purchased":["Noxious Fumes","Master of Strategy","Terror","Dodge and Roll","Noxious Fumes"],"campfire_rested":5,"item_purchase_floors":[20,20,20,24,24],"current_hp_per_floor":[59,59,64,63,63,63,25,46,46,30,11,32,29,19,40,2,54,42,42,42,33,26,14,14,11,11,47,47,47,32,32,68,28,67,50,4,64,64,41,41,0],"gold":309,"neow_bonus":"UPGRADE_CARD","is_prod":false,"is_daily":false,"chose_seed":false,"campfire_upgraded":2,"win_rate":0,"timestamp":1556425425,"path_taken":["M","M","?","M","?","R","E","R","T","E","?","R","M","E","R","BOSS","M","?","$","M","M","M","$","E","T","R","?","R","?","?","R","BOSS","M","?","?","?","M","R","E"],"build_version":"2019-01-23","purchased_purges":1,"victory":false,"max_hp_per_floor":[66,66,71,71,71,71,71,71,71,71,71,71,71,71,71,71,71,71,71,71,71,71,71,71,71,71,71,71,71,71,71,71,71,78,78,78,64,64,64,64,64],"card_choices":[{"not_picked":["Bane","Slice","Concentrate"],"picked":"SKIP","floor":1.0},{"not_picked":["Calculated Gamble","Skewer"],"picked":"Dash","floor":2.0},{"not_picked":["Acrobatics","Finisher","Dodge and Roll"],"picked":"SKIP","floor":4.0},{"not_picked":["Acrobatics","Doppelganger"],"picked":"Dagger Spray","floor":7.0},{"not_picked":["Heel Hook","Concentrate","Prepared"],"picked":"SKIP","floor":10.0},{"not_picked":["Flechettes","Blade Dance"],"picked":"Backstab","floor":11.0},{"not_picked":["Flying Knee","Reflex"],"picked":"Deadly Poison","floor":13.0},{"not_picked":["Dagger Spray","Tactician"],"picked":"Adrenaline","floor":14.0},{"not_picked":["Glass Knife","Grand Finale"],"picked":"Malaise","floor":16},{"not_picked":["Flying Knee"],"picked":"SKIP","floor":18},{"not_picked":[],"picked":"Dash+1","floor":21},{"not_picked":[],"picked":"Endless Agony","floor":22},{"not_picked":["Accuracy"],"picked":"SKIP","floor":23},{"not_picked":["Accuracy"],"picked":"SKIP","floor":23},{"not_picked":["Caltrops"],"picked":"SKIP","floor":25},{"not_picked":[],"picked":"Dodge and Roll","floor":30},{"not_picked":["Setup"],"picked":"SKIP","floor":31},{"not_picked":[],"picked":"After Image","floor":33},{"not_picked":["Tactician+1"],"picked":"SKIP","floor":35},{"not_picked":["All Out Attack"],"picked":"SKIP","floor":36},{"not_picked":["Sucker Punch"],"picked":"SKIP","floor":39}],"player_experience":2215989,"relics_obtained":[{"floor":7.0,"key":"MawBank"},{"floor":9.0,"key":"Omamori"},{"floor":10.0,"key":"Vajra"},{"floor":14.0,"key":"Bottled Flame"},{"floor":25,"key":"Orichalcum"},{"floor":26,"key":"Regal Pillow"},{"floor":34,"key":"Strawberry"},{"floor":34,"key":"Darkstone Periapt"},{"floor":34,"key":"Peace Pipe"}],"event_choices":[{"damage_healed":0.0,"max_hp_gain":5.0,"max_hp_loss":0.0,"gold_gain":0.0,"event_name":"Big Fish","player_choice":"Donut","floor":3.0,"gold_loss":0.0,"damage_taken":0.0},{"damage_healed":0.0,"max_hp_gain":0.0,"max_hp_loss":0.0,"gold_gain":0.0,"event_name":"Accursed Blacksmith","player_choice":"Rummage","floor":5.0,"gold_loss":0.0,"damage_taken":0.0,"relics_obtained":["WarpedTongs"],"cards_obtained":["Pain"]},{"damage_healed":0,"gold_gain":0,"player_choice":"Smashed Altar","damage_taken":0,"max_hp_gain":0,"max_hp_loss":0,"event_name":"Forgotten Altar","floor":19,"gold_loss":0,"cards_obtained":["Decay"]},{"damage_healed":0,"gold_gain":0,"cards_transformed":["Strike_G"],"player_choice":"Transformed","damage_taken":0,"max_hp_gain":0,"max_hp_loss":0,"event_name":"Transmorgrifier","floor":28,"gold_loss":0,"cards_obtained":["Bouncing Flask"]},{"damage_healed":64,"gold_gain":0,"player_choice":"Heal","damage_taken":0,"max_hp_gain":0,"max_hp_loss":14,"event_name":"The Moai Head","floor":37,"gold_loss":0},{"damage_healed":0,"gold_gain":0,"player_choice":"Ignored","damage_taken":0,"max_hp_gain":0,"max_hp_loss":0,"event_name":"SecretPortal","floor":38,"gold_loss":0}],"is_beta":false,"boss_relics":[{"not_picked":["Ring of the Serpent","HoveringKite"],"picked":"Busted Crown"},{"not_picked":["Lizard Tail","WristBlade"],"picked":"Calling Bell"}],"items_purged_floors":[20],"is_endless":false,"potions_floor_spawned":[2,4,10,13,16,18,22,23,39],"killed_by":"Giant Head","ascension_level":20}