{"gold_per_floor":[116,127,127,141,141,168,168,200,200,200,200,282,282,295,295,366,366,379,6,6,16,31,31,64,64,64,98,116,116,19,19,19,94,94,107,118,118,14,314,314,344,31,31,45,45,56,67,77,77,77,77],"floor_reached":52,"playtime":11764,"items_purged":["Strike_G","Pain"],"score":1856,"play_id":"dd0ee674-9084-4a63-972a-64ac2002238c","local_time":"20190428194158","is_ascension_mode":true,"campfire_choices":[{"data":"Noxious Fumes","floor":7.0,"key":"SMITH"},{"data":"Neutralize","floor":10.0,"key":"SMITH"},{"floor":13.0,"key":"REST"},{"data":"Leg Sweep","floor":15.0,"key":"SMITH"},{"floor":23.0,"key":"REST"},{"floor":25.0,"key":"REST"},{"floor":32.0,"key":"REST"},{"floor":40.0,"key":"REST"},{"floor":45,"key":"REST"},{"floor":49,"key":"REST"}],"neow_cost":"NONE","seed_source_timestamp":25570104041900,"circlet_count":0,"master_deck":["AscendersBane","Defend_G","Defend_G","Defend_G","Defend_G","Defend_G","Strike_G","Strike_G","Strike_G","Strike_G","Survivor","Neutralize+1","Flying Knee","Quick Slash","Deadly Poison","Noxious Fumes+1","Backflip","Leg Sweep+1","Malaise","Escape Plan","Dodge and Roll","Dodge and Roll","Riddle With Holes","Footwork","Finisher+1","Backflip","Writhe","Well Laid Plans","Burst","Bane+1","Crippling Poison+1","Caltrops","Footwork","PiercingWail","Parasite"],"special_seed":0,"relics":["Ring of the Snake","NeowsBlessing","PreservedInsect","Gremlin Horn","Meat on the Bone","Ornamental Fan","Tiny Chest","Fusion Hammer","Snake Skull","Oddly Smooth Stone","Bronze Scales","Darkstone Periapt","Smiling Mask","Pantograph","WarpedTongs","Busted Crown","Old Coin","Bag of Preparation","Bottled Flame","Mercury Hourglass"],"potions_floor_usage":[47,51],"damage_taken":[{"damage":0.0,"enemies":"Cultist","floor":1.0,"turns":1.0},{"damage":0.0,"enemies":"2 Louse","floor":2.0,"turns":1.0},{"damage":0.0,"enemies":"Jaw Worm","floor":4.0,"turns":1.0},{"damage":11.0,"enemies":"Gremlin Nob","floor":6.0,"turns":4.0},{"damage":14.0,"enemies":"3 Sentries","floor":8.0,"turns":5.0},{"damage":0.0,"enemies":"Looter","floor":14.0,"turns":3.0},{"damage":31.0,"enemies":"Hexaghost","floor":16.0,"turns":11.0},{"damage":17.0,"enemies":"2 Thieves","floor":18.0,"turns":4.0},{"damage":0.0,"enemies":"Chosen","floor":21.0,"turns":6.0},{"damage":2.0,"enemies":"Centurion and Healer","floor":22.0,"turns":8.0},{"damage":45.0,"enemies":"Slavers","floor":24.0,"turns":6.0},{"damage":14.0,"enemies":"Book of Stabbing","floor":27.0,"turns":5.0},{"damage":0.0,"enemies":"Snecko","floor":28.0,"turns":8.0},{"damage":42.0,"enemies":"Automaton","floor":33.0,"turns":13.0},{"damage":2.0,"enemies":"Orb Walker","floor":35.0,"turns":5.0},{"damage":13.0,"enemies":"3 Darklings","floor":36.0,"turns":5.0},{"damage":3.0,"enemies":"Reptomancer","floor":41.0,"turns":5.0},{"damage":23,"enemies":"Spire Growth","floor":44,"turns":7},{"damage":12,"enemies":"Transient","floor":46,"turns":6},{"damage":12,"enemies":"3 Darklings","floor":47,"turns":5},{"damage":0,"enemies":"Writhing Mass","floor":48,"turns":6},{"damage":76,"enemies":"Time Eater","floor":50,"turns":16},{"damage":37,"enemies":"Awakened One","floor":51,"turns":20}],"seed_played":"6737559524942087346","potions_obtained":[{"floor":1.0,"key":"SpeedPotion"},{"floor":14.0,"key":"Weak Potion"},{"floor":16.0,"key":"SkillPotion"},{"floor":18.0,"key":"AttackPotion"},{"floor":27.0,"key":"EssenceOfSteel"},{"floor":33.0,"key":"AttackPotion"},{"floor":36.0,"key":"Poison Potion"},{"floor":46,"key":"GamblersBrew"},{"floor":48,"key":"Explosive Potion"}],"is_trial":false,"path_per_floor":["M","M","?","M","?","E","R","E","T","R","?","T","R","M","R","B",null,"M","$","?","M","M","R","E","R","T","E","M","?","$","?","R","B",null,"M","M","?","$","T","R","E","$","T","M","R","M","M","M","R","B","B",null],"character_chosen":"THE_SILENT","items_purchased":["Snake Skull","Oddly Smooth Stone","Dodge and Roll","Well Laid Plans","Block Potion","PowerPotion","Bottled Flame"],"campfire_rested":7,"item_purchase_floors":[19,19,19,30,30,38,42],"current_hp_per_floor":[59,59,59,59,48,37,37,23,23,23,23,23,42,42,42,23,55,38,38,51,51,49,66,33,52,52,38,38,44,44,50,73,48,71,69,56,56,56,56,78,75,75,75,52,75,63,51,57,82,20,20],"gold":77,"neow_bonus":"THREE_ENEMY_KILL","is_prod":false,"is_daily":false,"chose_seed":false,"campfire_upgraded":3,"win_rate":0,"timestamp":1556505718,"path_taken":["M","M","?","M","?","E","R","E","T","R","?","?","R","M","R","BOSS","M","$","?","M","M","R","E","R","T","E","M","?","?","?","R","BOSS","M","?","?","$","?","R","E","?","T","?","R","M","?","M","R","BOSS","BOSS"],"build_version":"2019-01-23","purchased_purges":2,"victory":true,"max_hp_per_floor":[66,66,66,66,66,66,66,66,66,66,66,66,66,66,66,66,66,66,66,66,66,66,66,66,66,66,66,66,72,72,78,78,78,78,78,78,78,78,78,78,78,78,78,78,78,78,78,84,84,84,84],"card_choices":[{"not_picked":["Backstab","Bouncing Flask"],"picked":"Flying Knee","floor":1.0},{"not_picked":["Crippling Poison","Setup"],"picked":"Quick Slash","floor":2.0},{"not_picked":["Quick Slash","Dodge and Roll"],"picked":"Deadly Poison","floor":4.0},{"not_picked":["Flying Knee","PiercingWail"],"picked":"Noxious Fumes","floor":6.0},{"not_picked":["Acrobatics","Quick Slash"],"picked":"Backflip","floor":8.0},{"not_picked":["Infinite Blades","Caltrops"],"picked":"Leg Sweep","floor":14.0},{"not_picked":["Doppelganger","Corpse Explosion"],"picked":"Malaise","floor":16.0},{"not_picked":["Endless Agony","Poisoned Stab"],"picked":"Escape Plan","floor":18.0},{"not_picked":["Acrobatics","Slice"],"picked":"Dodge and Roll","floor":21.0},{"not_picked":["Venomology","Sucker Punch"],"picked":"Riddle With Holes","floor":22.0},{"not_picked":["Cloak And Dagger","Deflect"],"picked":"Footwork","floor":24.0},{"not_picked":["Cloak And Dagger","Sucker Punch"],"picked":"Finisher+1","floor":27.0},{"not_picked":["Dash+1","Riddle With Holes"],"picked":"Backflip","floor":28.0},{"not_picked":["Malaise","Phantasmal Killer"],"picked":"Burst","floor":33.0},{"not_picked":[],"picked":"Bane+1","floor":35.0},{"not_picked":[],"picked":"Crippling Poison+1","floor":36.0},{"not_picked":["Slice"],"picked":"SKIP","floor":41.0},{"not_picked":[],"picked":"Footwork","floor":44},{"not_picked":["Dodge and Roll"],"picked":"SKIP","floor":46},{"not_picked":[],"picked":"PiercingWail","floor":47},{"not_picked":["Cloak And Dagger"],"picked":"SKIP","floor":48}],"player_experience":1019192,"relics_obtained":[{"floor":6.0,"key":"Gremlin Horn"},{"floor":8.0,"key":"Meat on the Bone"},{"floor":9.0,"key":"Ornamental Fan"},{"floor":12.0,"key":"Tiny Chest"},{"floor":24.0,"key":"Bronze Scales"},{"floor":26.0,"key":"Darkstone Periapt"},{"floor":27.0,"key":"Smiling Mask"},{"floor":39.0,"key":"Old Coin"},{"floor":41.0,"key":"Bag of Preparation"},{"floor":43.0,"key":"Mercury Hourglass"}],"event_choices":[{"damage_healed":0.0,"max_hp_gain":0.0,"max_hp_loss":0.0,"gold_gain":0.0,"event_name":"Shining Light","player_choice":"Ignored","floor":3.0,"gold_loss":0.0,"damage_taken":0.0},{"damage_healed":0.0,"max_hp_gain":0.0,"max_hp_loss":0.0,"gold_gain":0.0,"event_name":"Scrap Ooze","player_choice":"Success","floor":5.0,"gold_loss":0.0,"damage_taken":11.0,"relics_obtained":["PreservedInsect"]},{"damage_healed":0.0,"max_hp_gain":0.0,"max_hp_loss":0.0,"gold_gain":0.0,"event_name":"Liars Game","player_choice":"Ignored","floor":11.0,"gold_loss":0.0,"damage_taken":0.0},{"damage_healed":13.0,"max_hp_gain":0.0,"max_hp_loss":0.0,"gold_gain":0.0,"event_name":"The Library","player_choice":"Heal","floor":20.0,"gold_loss":0.0,"damage_taken":0.0},{"damage_healed":0.0,"max_hp_gain":0.0,"max_hp_loss":0.0,"gold_gain":0.0,"event_name":"The Mausoleum","player_choice":"Opened","floor":29.0,"gold_loss":0.0,"damage_taken":0.0,"relics_obtained":["Pantograph"],"cards_obtained":["Writhe"]},{"damage_healed":0.0,"max_hp_gain":0.0,"max_hp_loss":0.0,"gold_gain":0.0,"event_name":"Accursed Blacksmith","player_choice":"Rummage","floor":31.0,"gold_loss":0.0,"damage_taken":0.0,"relics_obtained":["WarpedTongs"],"cards_obtained":["Pain"]},{"damage_healed":0.0,"max_hp_gain":0.0,"max_hp_loss":0.0,"gold_gain":0.0,"event_name":"Match and Keep!","player_choice":"1 cards matched","floor":37.0,"gold_loss":0.0,"damage_taken":0.0,"cards_obtained":["Caltrops"]}],"is_beta":false,"boss_relics":[{"not_picked":["Lizard Tail","Black Star"],"picked":"Fusion Hammer"},{"not_picked":["Velvet Choker","Tiny House"],"picked":"Busted Crown"}],"items_purged_floors":[38,42],"is_endless":false,"potions_floor_spawned":[1,14,16,18,27,33,36,46,48],"ascension_level":20}