{"gold_per_floor":[218,10,26,37,48,48,13,13,13,13,13,26,42,67,67,141,141,156,156,156,174,224,256,256,256],"floor_reached":25,"playtime":2146,"items_purged":[],"score":442,"play_id":"bb4fa14b-7185-4540-ae99-f0b95601e2fd","local_time":"20190427201958","is_ascension_mode":true,"campfire_choices":[{"data":"Noxious Fumes","floor":6.0,"key":"SMITH"},{"data":"Neutralize","floor":8.0,"key":"SMITH"},{"data":"Well Laid Plans","floor":11.0,"key":"SMITH"},{"floor":15.0,"key":"REST"},{"floor":24.0,"key":"REST"}],"neow_cost":"NONE","seed_source_timestamp":84884695677600,"circlet_count":0,"master_deck":["AscendersBane","Defend_G","Defend_G","Defend_G","Defend_G","Defend_G","Strike_G+1","Strike_G","Strike_G","Survivor","Neutralize+1","PiercingWail","Unload","Noxious Fumes+1","Masterful Stab","Dagger Throw","Well Laid Plans+1","Crippling Poison","Backflip","Die Die Die","Burst","All Out Attack","A Thousand Cuts","Noxious Fumes","Deflect"],"special_seed":0,"relics":["Ring of the Snake","Whetstone","Ornamental Fan","Fusion Hammer","Gremlin Horn"],"potions_floor_usage":[25],"damage_taken":[{"damage":18.0,"enemies":"Cultist","floor":1.0,"turns":6.0},{"damage":1.0,"enemies":"Small Slimes","floor":3.0,"turns":5.0},{"damage":0.0,"enemies":"Jaw Worm","floor":4.0,"turns":2.0},{"damage":5.0,"enemies":"3 Louse","floor":5.0,"turns":4.0},{"damage":9.0,"enemies":"Gremlin Gang","floor":12.0,"turns":3.0},{"damage":6.0,"enemies":"Looter","floor":13.0,"turns":4.0},{"damage":8.0,"enemies":"3 Sentries","floor":14.0,"turns":7.0},{"damage":16.0,"enemies":"Slime Boss","floor":16.0,"turns":9.0},{"damage":15.0,"enemies":"Spheric Guardian","floor":18.0,"turns":5.0},{"damage":17.0,"enemies":"Colosseum Slavers","floor":20.0,"turns":5.0},{"damage":18.0,"enemies":"Shell Parasite","floor":21.0,"turns":6.0},{"damage":3.0,"enemies":"Gremlin Leader","floor":23.0,"turns":8.0},{"damage":37,"enemies":"Slavers","floor":25,"turns":4}],"seed_played":"1694193130120505111","potions_obtained":[{"floor":3.0,"key":"Energy Potion"},{"floor":4.0,"key":"Block Potion"},{"floor":5.0,"key":"PowerPotion"},{"floor":13.0,"key":"GhostInAJar"},{"floor":14.0,"key":"Explosive Potion"},{"floor":18.0,"key":"Fruit Juice"},{"floor":23.0,"key":"Weak Potion"}],"is_trial":false,"path_per_floor":["M","$","M","M","M","R","?","R","T","?","R","M","M","E","R","B",null,"M","?","?","M","?","E","R","E"],"character_chosen":"THE_SILENT","items_purchased":["Unload","Noxious Fumes","Swift Potion"],"campfire_rested":2,"item_purchase_floors":[2,2,2],"current_hp_per_floor":[41,41,40,40,35,35,51,51,51,51,51,42,36,28,47,31,57,47,47,30,12,12,9,30,0],"gold":256,"neow_bonus":"HUNDRED_GOLD","is_prod":false,"is_daily":false,"chose_seed":false,"campfire_upgraded":3,"win_rate":0,"timestamp":1556421598,"path_taken":["M","$","M","?","M","R","?","R","T","?","R","M","M","E","R","BOSS","M","?","?","M","?","E","R","E"],"build_version":"2019-01-23","purchased_purges":0,"victory":false,"max_hp_per_floor":[66,66,66,66,66,66,66,66,66,66,66,66,66,66,66,66,66,71,71,71,71,71,71,71,71],"card_choices":[{"not_picked":["Deflect","Catalyst"],"picked":"PiercingWail","floor":1.0},{"not_picked":["Distraction","Setup"],"picked":"Masterful Stab","floor":3.0},{"not_picked":["Deflect","Quick Slash"],"picked":"Dagger Throw","floor":4.0},{"not_picked":["Catalyst","Wraith Form v2"],"picked":"Well Laid Plans","floor":5.0},{"not_picked":["Poisoned Stab","Deflect"],"picked":"Crippling Poison","floor":12.0},{"not_picked":["Escape Plan","Bane"],"picked":"Backflip","floor":13.0},{"not_picked":["Catalyst","Predator"],"picked":"Die Die Die","floor":14.0},{"not_picked":["Doppelganger","Envenom"],"picked":"Burst","floor":16.0},{"not_picked":["Bane","Dagger Spray"],"picked":"All Out Attack","floor":18.0},{"not_picked":["Slice","Flying Knee"],"picked":"Deflect","floor":21.0},{"not_picked":["Bane","Blade Dance","Dagger Throw"],"picked":"SKIP","floor":23.0}],"player_experience":1008203,"relics_obtained":[{"floor":9.0,"key":"Whetstone"},{"floor":14.0,"key":"Ornamental Fan"},{"floor":23.0,"key":"Gremlin Horn"}],"event_choices":[{"damage_healed":16.0,"max_hp_gain":0.0,"max_hp_loss":0.0,"gold_gain":0.0,"event_name":"The Cleric","player_choice":"Healed","floor":7.0,"gold_loss":35.0,"damage_taken":0.0},{"damage_healed":0.0,"max_hp_gain":0.0,"max_hp_loss":0.0,"gold_gain":0.0,"event_name":"Liars Game","player_choice":"Ignored","floor":10.0,"gold_loss":0.0,"damage_taken":0.0},{"damage_healed":0.0,"max_hp_gain":0.0,"max_hp_loss":0.0,"gold_gain":0.0,"cards_transformed":["Strike_G","Strike_G"],"event_name":"Drug Dealer","player_choice":"Became Test Subject","floor":19.0,"gold_loss":0.0,"damage_taken":0.0,"cards_obtained":["A Thousand Cuts","Noxious Fumes"]},{"damage_healed":0.0,"max_hp_gain":0.0,"max_hp_loss":0.0,"gold_gain":0.0,"event_name":"Colosseum","player_choice":"Fight","floor":20.0,"gold_loss":0.0,"damage_taken":0.0},{"damage_healed":0.0,"max_hp_gain":0.0,"max_hp_loss":0.0,"gold_gain":0.0,"event_name":"Colosseum","player_choice":"Fled From Nobs","floor":20.0,"gold_loss":0.0,"damage_taken":0.0},{"damage_healed":0.0,"max_hp_gain":0.0,"max_hp_loss":0.0,"gold_gain":50.0,"event_name":"Golden Shrine","player_choice":"Pray","floor":22.0,"gold_loss":0.0,"damage_taken":0.0}],"is_beta":false,"boss_relics":[{"not_picked":["Empty Cage","Orrery"],"picked":"Fusion Hammer"}],"items_purged_floors":[],"is_endless":false,"potions_floor_spawned":[3,4,5,13,14,18,23],"killed_by":"Slavers","ascension_level":20}