{"gold_per_floor":[111,131,148,248,262,262,288,308,308,324,29,29,57,76,76,171,171,187,198,208,208,220,220,255,255,302,320,320,336,336,336,336,439,439,452,464,480,63,76,76,93,93,93,93,123,123,133,133,133,133],"floor_reached":50,"playtime":6366,"items_purged":["Strike_B+1"],"score":508,"play_id":"5c6c9fe0-f451-49d8-8015-0c489d907f24","local_time":"20181107212038","is_ascension_mode":false,"campfire_choices":[{"data":"Tempest","floor":6,"key":"SMITH"},{"floor":12,"key":"REST"},{"floor":15,"key":"REST"},{"floor":23,"key":"REST"},{"floor":25,"key":"REST"},{"floor":30,"key":"REST"},{"floor":32,"key":"REST"},{"floor":40,"key":"REST"},{"floor":42,"key":"REST"},{"floor":44,"key":"REST"},{"floor":49,"key":"REST"}],"neow_cost":"NONE","seed_source_timestamp":2429817096774744,"circlet_count":0,"master_deck":["Strike_B+1","Defend_B+1","Defend_B+1","Defend_B+1","Defend_B+1","Dualcast+1","Tempest+1","Steam Power","Barrage","Capacitor","Biased Cognition","Static Discharge","Turbo","Static Discharge","Defragment","Meteor Strike","Doom and Gloom","Tempest+1","Conserve Battery+1","Sweeping Beam+1","Recycle","Electrodynamics","Injury","Parasite","Doubt","Turbo+1","Barrage+1","Well Laid Plans+1","Double Energy+1","Mind Blast+1","White Noise+1","All For One+1"],"relics":["Cracked Core","Sundial","Kunai","Pantograph","Gremlin Horn","Fusion Hammer","Molten Egg 2","Regal Pillow","Matryoshka","Calling Bell","War Paint","Mercury Hourglass","Pocketwatch","Lantern","PrismaticShard","Juzu Bracelet","Toxic Egg 2","Bottled Lightning"],"potions_floor_usage":[7,13,16,16,24,33,33,37,37,45,47,50],"damage_taken":[{"damage":4,"enemies":"Small Slimes","floor":1,"turns":4},{"damage":1,"enemies":"Cultist","floor":2,"turns":3},{"damage":2,"enemies":"Jaw Worm","floor":3,"turns":4},{"damage":8,"enemies":"Exordium Wildlife","floor":5,"turns":2},{"damage":16,"enemies":"Gremlin Nob","floor":7,"turns":3},{"damage":10,"enemies":"Looter","floor":8,"turns":2},{"damage":21,"enemies":"Gremlin Gang","floor":10,"turns":4},{"damage":21,"enemies":"Lagavulin","floor":13,"turns":4},{"damage":4,"enemies":"3 Louse","floor":14,"turns":2},{"damage":28,"enemies":"The Guardian","floor":16,"turns":7},{"damage":10,"enemies":"Spheric Guardian","floor":18,"turns":3},{"damage":5,"enemies":"Chosen","floor":19,"turns":3},{"damage":29,"enemies":"Shelled Parasite and Fungi","floor":20,"turns":3},{"damage":22,"enemies":"Snecko","floor":22,"turns":4},{"damage":25,"enemies":"Slavers","floor":24,"turns":4},{"damage":8,"enemies":"3 Cultists","floor":27,"turns":4},{"damage":14,"enemies":"Chosen and Byrds","floor":29,"turns":2},{"damage":74,"enemies":"Champ","floor":33,"turns":9},{"damage":25,"enemies":"Orb Walker","floor":35,"turns":4},{"damage":20,"enemies":"3 Shapes","floor":36,"turns":2},{"damage":12,"enemies":"Jaw Worm Horde","floor":37,"turns":3},{"damage":16,"enemies":"Sphere and 2 Shapes","floor":39,"turns":3},{"damage":0,"enemies":"4 Shapes","floor":41,"turns":2},{"damage":47,"enemies":"Nemesis","floor":45,"turns":5},{"damage":6,"enemies":"Jaw Worm Horde","floor":47,"turns":2},{"damage":103,"enemies":"Time Eater","floor":50,"turns":7}],"seed_played":"321135067449040577","potions_obtained":[{"floor":3,"key":"SteroidPotion"},{"floor":10,"key":"FearPotion"},{"floor":13,"key":"SteroidPotion"},{"floor":14,"key":"SkillPotion"},{"floor":20,"key":"Block Potion"},{"floor":24,"key":"SteroidPotion"},{"floor":27,"key":"Swift Potion"},{"floor":33,"key":"Explosive Potion"},{"floor":35,"key":"Strength Potion"},{"floor":37,"key":"Poison Potion"},{"floor":41,"key":"Regen Potion"},{"floor":47,"key":"Ancient Potion"}],"is_trial":false,"path_per_floor":["M","M","M","?","M","R","E","M","T","M","$","R","E","M","R","B",null,"M","M","M","?","M","R","E","R","T","M","?","M","R","?","R","B",null,"M","M","M","$","M","R","M","R","T","R","E","?","M","?","R","B"],"character_chosen":"DEFECT","items_purchased":["Static Discharge","Pantograph","Lantern","PrismaticShard"],"campfire_rested":10,"item_purchase_floors":[11,11,38,38],"current_hp_per_floor":[71,70,68,68,60,60,44,34,34,13,13,35,14,10,32,29,75,65,60,31,31,9,31,6,28,28,20,20,6,43,43,75,1,75,50,30,18,18,2,39,39,75,75,75,28,28,27,27,64,0],"gold":133,"neow_bonus":"THREE_CARDS","is_prod":false,"is_daily":false,"chose_seed":false,"campfire_upgraded":1,"win_rate":0,"timestamp":1541647238,"path_taken":["M","M","M","?","M","R","E","M","T","?","$","R","E","M","R","BOSS","M","M","M","?","M","R","E","R","T","M","?","M","R","?","R","BOSS","M","M","?","$","M","R","M","R","T","R","E","?","M","?","R","BOSS"],"build_version":"2018-11-01","purchased_purges":1,"victory":false,"max_hp_per_floor":[75,75,75,75,75,75,75,75,75,75,75,75,75,75,75,75,75,75,75,75,75,75,75,75,75,75,75,75,75,75,75,75,75,75,75,75,75,75,75,75,75,75,75,75,75,75,75,75,75,75],"card_choices":[{"not_picked":["Rebound","Cold Snap"],"picked":"Tempest","floor":1},{"not_picked":["Compile Driver","Reinforced Body"],"picked":"Steam Power","floor":2},{"not_picked":["Redo","Blizzard"],"picked":"Barrage","floor":3},{"not_picked":["Compile Driver","Aggregate"],"picked":"Capacitor","floor":5},{"not_picked":["Turbo","Genetic Algorithm"],"picked":"Biased Cognition","floor":7},{"not_picked":["Hologram","Capacitor"],"picked":"Static Discharge","floor":8},{"not_picked":["Conserve Battery","Gash"],"picked":"Turbo","floor":10},{"not_picked":["Gash","Turbo"],"picked":"Defragment","floor":13},{"not_picked":["Gash","Chill","Go for the Eyes"],"picked":"SKIP","floor":14},{"not_picked":["Creative AI","Core Surge"],"picked":"Meteor Strike","floor":16},{"not_picked":["Beam Cell","Self Repair"],"picked":"Doom and Gloom","floor":18},{"not_picked":["Leap","Stack+1","Scrape"],"picked":"SKIP","floor":19},{"not_picked":["Capacitor+1","Consume+1"],"picked":"Tempest","floor":20},{"not_picked":["Hologram","Steam","Undo+1"],"picked":"SKIP","floor":22},{"not_picked":["Go for the Eyes","Coolheaded"],"picked":"Conserve Battery+1","floor":24},{"not_picked":["Compile Driver+1","Steam+1"],"picked":"Sweeping Beam+1","floor":27},{"not_picked":["Stack+1","Leap","Cold Snap+1"],"picked":"SKIP","floor":29},{"not_picked":["Rainbow","Echo Form"],"picked":"Electrodynamics","floor":33},{"not_picked":["Sunder+1","Ball Lightning+1"],"picked":"Turbo+1","floor":35},{"not_picked":["Go for the Eyes+1","Compile Driver+1"],"picked":"Barrage+1","floor":36},{"not_picked":["Compile Driver+1","Ball Lightning+1","Rip and Tear+1"],"picked":"SKIP","floor":37},{"not_picked":["Expertise+1","Compile Driver+1"],"picked":"Well Laid Plans+1","floor":39},{"not_picked":["Sucker Punch+1","Blood for Blood+1"],"picked":"Double Energy+1","floor":41},{"not_picked":["Leap+1","Barrage+1"],"picked":"Mind Blast+1","floor":45},{"not_picked":["Static Discharge","Intimidate+1"],"picked":"White Noise+1","floor":47}],"player_experience":109793,"relics_obtained":[{"floor":7,"key":"Sundial"},{"floor":9,"key":"Kunai"},{"floor":13,"key":"Gremlin Horn"},{"floor":24,"key":"Molten Egg 2"},{"floor":26,"key":"Regal Pillow"},{"floor":34,"key":"War Paint"},{"floor":34,"key":"Mercury Hourglass"},{"floor":34,"key":"Pocketwatch"},{"floor":43,"key":"Juzu Bracelet"},{"floor":43,"key":"Toxic Egg 2"},{"floor":45,"key":"Bottled Lightning"}],"event_choices":[{"damage_healed":0,"gold_gain":100,"player_choice":"Pray","damage_taken":0,"max_hp_gain":0,"max_hp_loss":0,"event_name":"Golden Shrine","floor":4,"gold_loss":0},{"damage_healed":0,"gold_gain":0,"player_choice":"Simplicity","damage_taken":0,"max_hp_gain":0,"max_hp_loss":0,"event_name":"Back to Basics","floor":21,"gold_loss":0,"cards_upgraded":["Strike_B","Strike_B","Strike_B","Strike_B","Defend_B","Defend_B","Defend_B","Defend_B"]},{"damage_healed":0,"gold_gain":0,"player_choice":"Opened","damage_taken":0,"relics_obtained":["Matryoshka"],"max_hp_gain":0,"max_hp_loss":0,"event_name":"The Mausoleum","floor":28,"gold_loss":0},{"damage_healed":0,"gold_gain":0,"cards_transformed":["Strike_B"],"player_choice":"Transformed","damage_taken":0,"max_hp_gain":0,"max_hp_loss":0,"event_name":"Transmorgrifier","floor":31,"gold_loss":0,"cards_obtained":["Recycle"]},{"cards_removed":["Zap"],"damage_healed":0,"gold_gain":0,"player_choice":"Removed Skill","damage_taken":0,"max_hp_gain":0,"max_hp_loss":0,"event_name":"Falling","floor":46,"gold_loss":0},{"damage_healed":0,"gold_gain":0,"cards_transformed":["Strike_B"],"player_choice":"Transformed","damage_taken":0,"max_hp_gain":0,"max_hp_loss":0,"event_name":"Transmorgrifier","floor":48,"gold_loss":0,"cards_obtained":["All For One"]}],"is_beta":false,"boss_relics":[{"not_picked":["Pandora\u0027s Box","Lizard Tail"],"picked":"Fusion Hammer"},{"not_picked":["Philosopher\u0027s Stone","Runic Dome"],"picked":"Calling Bell"}],"items_purged_floors":[38],"is_endless":false,"potions_floor_spawned":[3,10,13,14,20,24,27,33,35,37,41,47],"killed_by":"Time Eater","ascension_level":0}