{"gold_per_floor":[117,133,95,110,120,154,154,154,181,193,224,30,30,58,58,134,134,151,163,179,179,179,179,196,47,47,47,47,66,18,18],"floor_reached":31,"playtime":3297,"items_purged":["Strike_G","Normality"],"score":446,"play_id":"0808d731-b693-4ed8-8e97-92e4256ce1b2","local_time":"20190414153249","is_ascension_mode":true,"campfire_choices":[{"data":"Crippling Poison","floor":7.0,"key":"SMITH"},{"floor":13.0,"key":"REST"},{"data":"Noxious Fumes","floor":15.0,"key":"SMITH"},{"floor":23,"key":"REST"},{"floor":28,"key":"REST"}],"neow_cost":"NONE","seed_source_timestamp":9782568891800,"circlet_count":0,"master_deck":["AscendersBane","Defend_G","Defend_G","Defend_G","Defend_G","Defend_G+1","Strike_G","Strike_G","Survivor+1","Neutralize","Crippling Poison+1","Quick Slash","Flying Knee","After Image","All Out Attack","Glass Knife","Noxious Fumes+1","Well Laid Plans","Adrenaline","Normality","Shame","Cloak And Dagger","Cloak And Dagger","Concentrate+1","Decay","Die Die Die+1","Blade Dance+1"],"special_seed":0,"relics":["Ring of the Snake","Lantern","Pen Nib","Potion Belt","Molten Egg 2","Calling Bell","Bronze Scales","Shuriken","Thread and Needle","War Paint","Paper Crane"],"potions_floor_usage":[24,29,31,31],"damage_taken":[{"damage":1.0,"enemies":"Jaw Worm","floor":1.0,"turns":6.0},{"damage":0.0,"enemies":"Small Slimes","floor":2.0,"turns":4.0},{"damage":2.0,"enemies":"Cultist","floor":4.0,"turns":6.0},{"damage":7.0,"enemies":"Exordium Wildlife","floor":5.0,"turns":4.0},{"damage":23.0,"enemies":"Gremlin Nob","floor":6.0,"turns":5.0},{"damage":0.0,"enemies":"Exordium Thugs","floor":10.0,"turns":3.0},{"damage":2.0,"enemies":"3 Sentries","floor":11.0,"turns":7.0},{"damage":10.0,"enemies":"Gremlin Nob","floor":14.0,"turns":3.0},{"damage":5.0,"enemies":"Hexaghost","floor":16.0,"turns":10.0},{"damage":17.0,"enemies":"2 Thieves","floor":18.0,"turns":5.0},{"damage":0.0,"enemies":"Chosen","floor":19.0,"turns":5.0},{"damage":21.0,"enemies":"Snake Plant","floor":20.0,"turns":6.0},{"damage":31,"enemies":"3 Cultists","floor":24,"turns":6},{"damage":19,"enemies":"Centurion and Healer","floor":29,"turns":6},{"damage":13,"enemies":"Snecko","floor":31,"turns":3}],"seed_played":"-8288789317925816499","potions_obtained":[{"floor":1.0,"key":"AttackPotion"},{"floor":4.0,"key":"Fire Potion"},{"floor":6.0,"key":"Energy Potion"},{"floor":10.0,"key":"AttackPotion"},{"floor":14.0,"key":"SpeedPotion"},{"floor":20.0,"key":"EssenceOfSteel"},{"floor":29,"key":"Block Potion"}],"is_trial":false,"path_per_floor":["M","M","?","M","M","E","R","?","T","M","E","$","R","E","R","B",null,"M","M","M","?","T","R","M","$","T","?","R","M","$","M"],"character_chosen":"THE_SILENT","items_purchased":["Noxious Fumes","Fire Potion","AttackPotion","SpeedPotion"],"campfire_rested":3,"item_purchase_floors":[12,12,25,30],"current_hp_per_floor":[58,58,58,56,49,26,26,26,26,26,24,24,43,33,33,28,57,40,40,19,19,19,38,7,7,7,7,26,7,7,0],"gold":18,"neow_bonus":"REMOVE_CARD","is_prod":false,"is_daily":false,"chose_seed":false,"campfire_upgraded":2,"win_rate":0,"timestamp":1555281169,"path_taken":["M","M","?","M","M","E","R","?","T","?","E","$","R","E","R","BOSS","M","M","M","?","?","R","M","$","T","?","R","M","?","M"],"build_version":"2019-01-23","purchased_purges":2,"victory":false,"max_hp_per_floor":[66,66,66,66,66,66,66,66,66,66,66,66,66,66,66,66,66,66,66,66,66,66,66,66,66,66,66,66,66,66,66],"card_choices":[{"not_picked":["Accuracy","Eviscerate"],"picked":"Crippling Poison","floor":1.0},{"not_picked":["Tactician","Catalyst","Outmaneuver"],"picked":"SKIP","floor":2.0},{"not_picked":["Blade Dance","Acrobatics"],"picked":"Quick Slash","floor":4.0},{"not_picked":["Acrobatics","Escape Plan"],"picked":"Flying Knee","floor":5.0},{"not_picked":["Deadly Poison","Night Terror"],"picked":"After Image","floor":6.0},{"not_picked":["Dagger Throw","Poisoned Stab"],"picked":"All Out Attack","floor":10.0},{"not_picked":["Quick Slash","Deflect"],"picked":"Glass Knife","floor":11.0},{"not_picked":["Leg Sweep","Predator"],"picked":"Well Laid Plans","floor":14.0},{"not_picked":["Malaise","Storm of Steel"],"picked":"Adrenaline","floor":16.0},{"not_picked":["Finisher+1","Deflect"],"picked":"Cloak And Dagger","floor":18.0},{"not_picked":["Backflip","Underhanded Strike+1"],"picked":"Cloak And Dagger","floor":19.0},{"not_picked":["Terror","Deadly Poison"],"picked":"Concentrate+1","floor":20.0},{"not_picked":["Crippling Poison","Bouncing Flask"],"picked":"Die Die Die+1","floor":24},{"not_picked":["Terror+1","Eviscerate+1"],"picked":"Blade Dance+1","floor":29}],"player_experience":846930,"relics_obtained":[{"floor":6.0,"key":"Lantern"},{"floor":9.0,"key":"Pen Nib"},{"floor":11.0,"key":"Potion Belt"},{"floor":14.0,"key":"Molten Egg 2"},{"floor":17.0,"key":"Bronze Scales"},{"floor":17.0,"key":"Shuriken"},{"floor":17.0,"key":"Thread and Needle"},{"floor":22.0,"key":"War Paint"},{"floor":26,"key":"Paper Crane"}],"event_choices":[{"damage_healed":0.0,"max_hp_gain":0.0,"max_hp_loss":0.0,"gold_gain":0.0,"event_name":"World of Goop","player_choice":"Left Gold","floor":3.0,"gold_loss":38.0,"damage_taken":0.0},{"cards_removed":["Strike_G"],"damage_healed":0.0,"max_hp_gain":0.0,"max_hp_loss":0.0,"gold_gain":0.0,"event_name":"Purifier","player_choice":"Purged","floor":8.0,"gold_loss":0.0,"damage_taken":0.0},{"damage_healed":0.0,"max_hp_gain":0.0,"max_hp_loss":0.0,"gold_gain":0.0,"event_name":"Forgotten Altar","player_choice":"Smashed Altar","floor":21.0,"gold_loss":0.0,"damage_taken":0.0,"cards_obtained":["Decay"]},{"damage_healed":0,"gold_gain":0,"player_choice":"Ignored","damage_taken":0,"max_hp_gain":0,"max_hp_loss":0,"event_name":"The Mausoleum","floor":27,"gold_loss":0}],"is_beta":false,"boss_relics":[{"not_picked":["Orrery","WristBlade"],"picked":"Calling Bell"}],"items_purged_floors":[12,25],"is_endless":false,"potions_floor_spawned":[1,4,6,10,14,20,29],"killed_by":"Snecko","ascension_level":15}