{"gold_per_floor":[119,119,42,52,69,98,98,133,433,433,448,448,448,448,448,448],"floor_reached":16,"playtime":1208,"items_purged":[],"score":216,"play_id":"d46d6606-5ff2-4363-9f69-ce431b046933","local_time":"20190427165958","is_ascension_mode":true,"campfire_choices":[{"floor":7.0,"key":"REST"},{"floor":10,"key":"REST"},{"floor":12,"key":"REST"},{"floor":15,"key":"REST"}],"neow_cost":"CURSE","seed_source_timestamp":74159306941400,"circlet_count":0,"master_deck":["AscendersBane","Defend_G","Defend_G","Defend_G","Defend_G","Defend_G","Strike_G","Strike_G","Strike_G","Survivor","Neutralize","Decay","Bullet Time","Quick Slash","Doppelganger","Predator","Leg Sweep","Flying Knee","Cloak And Dagger","Escape Plan"],"special_seed":0,"relics":["Ring of the Snake","Thread and Needle","Letter Opener","Old Coin"],"potions_floor_usage":[8,16],"damage_taken":[{"damage":0.0,"enemies":"2 Louse","floor":1.0,"turns":3.0},{"damage":4.0,"enemies":"Cultist","floor":4.0,"turns":4.0},{"damage":0.0,"enemies":"Jaw Worm","floor":5.0,"turns":4.0},{"damage":50.0,"enemies":"3 Sentries","floor":6.0,"turns":13.0},{"damage":21,"enemies":"Lagavulin","floor":8,"turns":8},{"damage":0,"enemies":"Exordium Wildlife","floor":11,"turns":3},{"damage":59,"enemies":"The Guardian","floor":16,"turns":24}],"seed_played":"-3341447118956803889","potions_obtained":[{"floor":4.0,"key":"Poison Potion"},{"floor":6.0,"key":"FearPotion"},{"floor":11,"key":"SpeedPotion"}],"is_trial":false,"path_per_floor":["M","?","$","M","M","E","R","E","T","R","M","R","?","?","R","B"],"character_chosen":"THE_SILENT","items_purchased":["Predator"],"campfire_rested":4,"item_purchase_floors":[3],"current_hp_per_floor":[59,59,59,55,55,5,24,3,3,22,22,41,41,34,53,0],"gold":448,"neow_bonus":"THREE_RARE_CARDS","is_prod":false,"is_daily":false,"chose_seed":false,"campfire_upgraded":0,"win_rate":0,"timestamp":1556409598,"path_taken":["M","?","$","?","M","E","R","E","T","R","M","R","?","?","R","BOSS"],"build_version":"2019-01-23","purchased_purges":0,"victory":false,"max_hp_per_floor":[66,66,66,66,66,66,66,66,66,66,66,66,66,66,66,66],"card_choices":[{"not_picked":["Envenom","Night Terror"],"picked":"Bullet Time","floor":0.0},{"not_picked":["Blur","Backflip"],"picked":"Quick Slash","floor":1.0},{"not_picked":["Underhanded Strike","Dagger Throw"],"picked":"Leg Sweep","floor":4.0},{"not_picked":["Reflex","Dodge and Roll","Deflect"],"picked":"SKIP","floor":5.0},{"not_picked":["Bane","Flechettes"],"picked":"Flying Knee","floor":6.0},{"not_picked":["Expertise","Unload"],"picked":"Cloak And Dagger","floor":8},{"not_picked":["Bane","Slice"],"picked":"Escape Plan","floor":11}],"player_experience":1001275,"relics_obtained":[{"floor":6.0,"key":"Thread and Needle"},{"floor":8,"key":"Letter Opener"},{"floor":9,"key":"Old Coin"}],"event_choices":[{"damage_healed":0.0,"max_hp_gain":0.0,"max_hp_loss":0.0,"gold_gain":0.0,"cards_transformed":["Strike_G"],"event_name":"Transmorgrifier","player_choice":"Transformed","floor":2.0,"gold_loss":0.0,"damage_taken":0.0,"cards_obtained":["Doppelganger"]},{"damage_healed":0,"gold_gain":0,"player_choice":"Ignored","damage_taken":0,"max_hp_gain":0,"max_hp_loss":0,"event_name":"Shining Light","floor":13,"gold_loss":0},{"cards_removed":["Strike_G"],"damage_healed":0,"gold_gain":0,"player_choice":"Card Removal","damage_taken":7,"max_hp_gain":0,"max_hp_loss":0,"event_name":"Golden Wing","floor":14,"gold_loss":0}],"is_beta":false,"boss_relics":[],"items_purged_floors":[],"is_endless":false,"potions_floor_spawned":[4,6,11],"killed_by":"The Guardian","ascension_level":20}