{"gold_per_floor":[110,110,285,1,1,1,20,20,70,85,96,106,116,130,130,229,229,248,248,10,10,10],"floor_reached":22,"playtime":1840,"items_purged":["Regret"],"score":276,"play_id":"14c3fc54-fbb1-4e7c-ba08-8a7f779ec17a","local_time":"20181128214826","is_ascension_mode":false,"campfire_choices":[{"data":"Burning Pact","floor":6,"key":"SMITH"},{"data":"Flex","floor":15,"key":"SMITH"}],"neow_cost":"CURSE","seed_source_timestamp":692485172993077,"circlet_count":0,"master_deck":["Strike_R","Strike_R","Strike_R","Strike_R","Strike_R","Defend_R","Defend_R","Defend_R","Defend_R","Bash","Impatience","Bandage Up","Parasite","Burning Pact+1","Doubt","Flex+1","Burning Pact","Flex","Feed","Disarm","Feel No Pain","Limit Break","Normality","Decay","Injury","Sever Soul"],"relics":["Burning Blood","Orichalcum","Medical Kit","Question Card","Shuriken","Centennial Puzzle","Calling Bell","Smiling Mask","Sundial","WingedGreaves","Molten Egg 2","MutagenicStrength"],"potions_floor_usage":[16,16,18],"damage_taken":[{"damage":6,"enemies":"Jaw Worm","floor":1,"turns":5},{"damage":4,"enemies":"2 Louse","floor":7,"turns":3},{"damage":0,"enemies":"Cultist","floor":10,"turns":4},{"damage":7,"enemies":"Exordium Wildlife","floor":11,"turns":4},{"damage":19,"enemies":"Large Slime","floor":12,"turns":7},{"damage":4,"enemies":"Looter","floor":13,"turns":4},{"damage":8,"enemies":"3 Louse","floor":14,"turns":4},{"damage":60,"enemies":"Slime Boss","floor":16,"turns":15},{"damage":15,"enemies":"Chosen","floor":18,"turns":6},{"damage":67,"enemies":"Colosseum Slavers","floor":19,"turns":8},{"damage":26,"enemies":"Spheric Guardian","floor":22,"turns":5}],"seed_played":"-58134419103403415","potions_obtained":[{"floor":1,"key":"SteroidPotion"},{"floor":7,"key":"AttackPotion"},{"floor":13,"key":"Swift Potion"},{"floor":16,"key":"Fire Potion"}],"is_trial":false,"path_per_floor":["M","?","?","$","?","R","M","T","T","M","M","M","M","M","R","B",null,"M","?","$","?","M"],"character_chosen":"IRONCLAD","items_purchased":["Medical Kit","Molten Egg 2"],"campfire_rested":0,"item_purchase_floors":[4,20],"current_hp_per_floor":[80,80,80,80,80,80,80,80,80,80,80,71,77,82,82,32,83,74,20,20,20,0],"gold":10,"neow_bonus":"RANDOM_COLORLESS_2","is_prod":false,"is_daily":false,"chose_seed":false,"campfire_upgraded":2,"win_rate":0.0,"timestamp":1543463306,"path_taken":["M","?","?","$","?","R","?","?","T","M","M","M","M","M","R","BOSS","M","?","$","?","M"],"build_version":"2018-11-15","purchased_purges":1,"victory":false,"max_hp_per_floor":[80,80,80,80,80,80,80,80,80,80,80,80,80,83,83,83,83,83,86,86,86,86],"card_choices":[{"not_picked":["Rupture","Iron Wave"],"picked":"Burning Pact","floor":1},{"not_picked":["Body Slam","Sword Boomerang","Iron Wave"],"picked":"Flex","floor":7},{"not_picked":["Metallicize","Searing Blow","True Grit"],"picked":"Burning Pact","floor":10},{"not_picked":["Disarm","Perfected Strike","Pommel Strike"],"picked":"Flex","floor":11},{"not_picked":["True Grit","Dual Wield","Metallicize"],"picked":"Feed","floor":12},{"not_picked":["Blood for Blood","Cleave","True Grit"],"picked":"Disarm","floor":13},{"not_picked":["Fire Breathing","Rampage","Armaments"],"picked":"Feel No Pain","floor":14},{"not_picked":["Bludgeon","Double Tap","Berserk"],"picked":"Limit Break","floor":16},{"not_picked":["Clash","Wild Strike","Burning Pact"],"picked":"Sever Soul","floor":18}],"player_experience":165674,"relics_obtained":[{"floor":8,"key":"Shuriken"},{"floor":9,"key":"Centennial Puzzle"},{"floor":17,"key":"Smiling Mask"},{"floor":17,"key":"Sundial"},{"floor":17,"key":"WingedGreaves"}],"event_choices":[{"damage_healed":0,"gold_gain":0,"player_choice":"Box","damage_taken":0,"relics_obtained":["Orichalcum"],"max_hp_gain":0,"max_hp_loss":0,"event_name":"Big Fish","floor":2,"gold_loss":0,"cards_obtained":["Regret"]},{"damage_healed":0,"gold_gain":175,"player_choice":"AGREE","damage_taken":0,"max_hp_gain":0,"max_hp_loss":0,"event_name":"Liars Game","floor":3,"gold_loss":0,"cards_obtained":["Doubt"]},{"damage_healed":0,"gold_gain":0,"player_choice":"Gave Potion","damage_taken":0,"relics_obtained":["Question Card"],"max_hp_gain":0,"max_hp_loss":0,"event_name":"WeMeetAgain","floor":5,"gold_loss":0},{"damage_healed":0,"gold_gain":0,"player_choice":"Fight","damage_taken":0,"max_hp_gain":0,"max_hp_loss":0,"event_name":"Colosseum","floor":19,"gold_loss":0},{"damage_healed":0,"gold_gain":0,"player_choice":"Fled From Nobs","damage_taken":0,"max_hp_gain":0,"max_hp_loss":0,"event_name":"Colosseum","floor":19,"gold_loss":0},{"damage_healed":0,"gold_gain":0,"player_choice":"Inject Mutagens","damage_taken":0,"relics_obtained":["MutagenicStrength"],"max_hp_gain":0,"max_hp_loss":0,"event_name":"Drug Dealer","floor":21,"gold_loss":0}],"is_beta":false,"boss_relics":[{"not_picked":["Orrery","Pandora\u0027s Box"],"picked":"Calling Bell"}],"items_purged_floors":[4],"is_endless":false,"potions_floor_spawned":[1,7,13,16],"killed_by":"Spheric Guardian","ascension_level":0}