{"gold_per_floor":[118,134,134,134,149,185,185,228,299,299],"floor_reached":10,"playtime":423,"items_purged":[],"score":152,"play_id":"994df897-279e-44ca-aa74-cd84a9a72780","local_time":"20190423220015","is_ascension_mode":true,"campfire_choices":[{"floor":7,"key":"REST"}],"neow_cost":"NONE","seed_source_timestamp":183224243531500,"circlet_count":0,"master_deck":["AscendersBane","Defend_G","Defend_G","Defend_G","Defend_G","Defend_G","Strike_G","Strike_G","Strike_G","Strike_G","Strike_G","Survivor","Neutralize","Dagger Throw","Bouncing Flask","Quick Slash","Dodge and Roll","Flechettes"],"relics":["Ring of the Snake","NeowsBlessing","Golden Idol","Turnip","Boot","Matryoshka"],"potions_floor_usage":[6,10],"damage_taken":[{"damage":0,"enemies":"Cultist","floor":1,"turns":1},{"damage":0,"enemies":"2 Louse","floor":2,"turns":1},{"damage":0,"enemies":"Small Slimes","floor":5,"turns":1},{"damage":23,"enemies":"Gremlin Nob","floor":6,"turns":4},{"damage":52,"enemies":"Lagavulin","floor":8,"turns":7},{"damage":33,"enemies":"Gremlin Nob","floor":10,"turns":3}],"seed_played":"8097273033272862958","potions_obtained":[{"floor":2,"key":"SpeedPotion"},{"floor":8,"key":"PowerPotion"}],"is_trial":false,"path_per_floor":["M","M","?","?","M","E","R","E","T","E"],"character_chosen":"THE_SILENT","items_purchased":[],"campfire_rested":1,"item_purchase_floors":[],"current_hp_per_floor":[59,59,59,59,59,36,54,2,2,0],"gold":299,"neow_bonus":"THREE_ENEMY_KILL","is_prod":false,"is_daily":false,"chose_seed":false,"campfire_upgraded":0,"win_rate":0,"timestamp":1556082015,"path_taken":["M","?","?","?","M","E","R","E","T","E"],"build_version":"2019-01-23","purchased_purges":0,"victory":false,"max_hp_per_floor":[66,66,66,60,60,60,60,60,60,60],"card_choices":[{"not_picked":["Backflip","Flechettes"],"picked":"Dagger Throw","floor":1},{"not_picked":["Tactician","Deflect"],"picked":"Bouncing Flask","floor":2},{"not_picked":["Deflect","Dagger Throw"],"picked":"Quick Slash","floor":5},{"not_picked":["Slice","Unload"],"picked":"Dodge and Roll","floor":6},{"not_picked":["Blade Dance","Accuracy"],"picked":"Flechettes","floor":8}],"player_experience":970699,"relics_obtained":[{"floor":6,"key":"Turnip"},{"floor":8,"key":"Boot"},{"floor":9,"key":"Matryoshka"}],"event_choices":[{"damage_healed":0,"gold_gain":0,"player_choice":"Ignored","damage_taken":0,"max_hp_gain":0,"max_hp_loss":0,"event_name":"Shining Light","floor":3,"gold_loss":0},{"damage_healed":0,"gold_gain":0,"player_choice":"Lose Max HP","damage_taken":0,"relics_obtained":["Golden Idol"],"max_hp_gain":0,"max_hp_loss":6,"event_name":"Golden Idol","floor":4,"gold_loss":0}],"is_beta":false,"boss_relics":[],"items_purged_floors":[],"is_endless":false,"potions_floor_spawned":[2,8],"killed_by":"Gremlin Nob","ascension_level":20}