{"gold_per_floor":[114,114,114,15,28,28,57,7,30,56,7,37,37,37,37,141,141,161,176,39,39,55,55,65,65,91,114,154,186,198,228,240,357,369,398,1409,1421,893,893,893],"floor_reached":40,"playtime":6382,"items_purged":["Regret","Defend_G","Defend_G"],"score":533,"play_id":"81e4c305-780d-4132-8263-04e33eb1d553","local_time":"20190205231523","is_ascension_mode":true,"campfire_choices":[{"data":"Bandage Up","floor":6.0,"key":"SMITH"},{"floor":13.0,"key":"REST"},{"floor":15.0,"key":"REST"},{"data":"A Thousand Cuts","floor":23,"key":"SMITH"},{"data":"Enlightenment","floor":30,"key":"SMITH"},{"data":"Night Terror","floor":32,"key":"SMITH"}],"neow_cost":"CURSE","seed_source_timestamp":0,"circlet_count":0,"master_deck":["Defend_G","Survivor","Neutralize","Enlightenment+1","Bandage Up+1","Cloak And Dagger","Well Laid Plans","Dagger Spray+1","Footwork","A Thousand Cuts+1","Endless Agony","Footwork","Night Terror+1","Backstab","Backflip","Leg Sweep","Bite","Bite","Bite","Bite","Bite","Dagger Spray+1","Dash+1","Heel Hook","Leg Sweep","Prepared","Blade Dance+1","Outmaneuver+1","After Image","Enlightenment","Accuracy","Cloak And Dagger","Mayhem","Dramatic Entrance"],"special_seed":0,"relics":["Ring of the Snake","Gremlin Horn","Boot","Anchor","Whetstone","Art of War","WristBlade","MawBank","Omamori","Black Star","Membership Card","Strawberry"],"potions_floor_usage":[18,33,33,40,40],"damage_taken":[{"damage":6.0,"enemies":"Small Slimes","floor":1.0,"turns":5.0},{"damage":7.0,"enemies":"Jaw Worm","floor":5.0,"turns":4.0},{"damage":38.0,"enemies":"3 Sentries","floor":7.0,"turns":11.0},{"damage":29.0,"enemies":"Gremlin Nob","floor":10.0,"turns":5.0},{"damage":3.0,"enemies":"Lagavulin","floor":12.0,"turns":7.0},{"damage":9.0,"enemies":"Slime Boss","floor":16.0,"turns":11.0},{"damage":17,"enemies":"Spheric Guardian","floor":18,"turns":5},{"damage":0,"enemies":"3 Byrds","floor":19,"turns":2},{"damage":4,"enemies":"Shelled Parasite and Fungi","floor":22,"turns":5},{"damage":0,"enemies":"Cultist and Chosen","floor":24,"turns":4},{"damage":9,"enemies":"Centurion and Healer","floor":27,"turns":4},{"damage":27,"enemies":"Book of Stabbing","floor":28,"turns":7},{"damage":18,"enemies":"Snake Plant","floor":29,"turns":4},{"damage":4,"enemies":"Shelled Parasite and Fungi","floor":31,"turns":5},{"damage":28,"enemies":"Collector","floor":33,"turns":10},{"damage":32,"enemies":"3 Darklings","floor":35,"turns":4},{"damage":59,"enemies":"Reptomancer","floor":40,"turns":5}],"seed_played":"-5485786481889412114","potions_obtained":[{"floor":5.0,"key":"SteroidPotion"},{"floor":10.0,"key":"Strength Potion"},{"floor":12.0,"key":"Fire Potion"},{"floor":24,"key":"LiquidBronze"},{"floor":29,"key":"FairyPotion"},{"floor":33,"key":"PowerPotion"}],"is_trial":false,"path_per_floor":["M","?","?","$","M","R","E","?","T","E","$","E","R","$","R","B",null,"M","M","$","?","M","R","M","?","T","M","E","M","R","M","R","B",null,"M","?","?","$","?","E"],"character_chosen":"THE_SILENT","items_purchased":["Dagger Spray","Explosive Potion","Leg Sweep","Membership Card","Strawberry","Enlightenment","Accuracy","Cloak And Dagger","Block Potion","Mayhem"],"campfire_rested":2,"item_purchase_floors":[4,11,20,38,38,38,38,38,38,38],"current_hp_per_floor":[64,64,64,64,61,61,29,29,29,6,6,9,30,30,51,48,70,53,59,59,49,49,49,49,49,49,46,35,27,27,39,39,37,49,19,19,19,26,26,0],"gold":893,"neow_bonus":"RANDOM_COLORLESS_2","is_prod":false,"is_daily":false,"chose_seed":false,"campfire_upgraded":4,"win_rate":0,"timestamp":1549426523,"path_taken":["M","?","?","$","M","R","E","?","T","E","?","E","R","?","R","BOSS","M","M","?","?","M","R","M","?","T","M","E","M","R","?","R","BOSS","M","?","?","$","?","E"],"build_version":"2019-01-23","purchased_purges":3,"victory":false,"max_hp_per_floor":[70,70,70,70,70,70,70,70,70,70,70,70,70,70,70,70,70,70,70,70,49,49,49,49,49,49,49,49,49,49,49,49,49,49,49,49,49,56,56,56],"card_choices":[{"not_picked":["Deflect","Predator"],"picked":"Cloak And Dagger","floor":1.0},{"not_picked":["PiercingWail","Choke"],"picked":"Footwork","floor":5.0},{"not_picked":["Acrobatics","Sucker Punch"],"picked":"A Thousand Cuts","floor":7.0},{"not_picked":["Catalyst","Blur"],"picked":"Endless Agony","floor":10.0},{"not_picked":["Tools of the Trade","Deflect"],"picked":"Footwork","floor":12.0},{"not_picked":["Grand Finale","Wraith Form v2"],"picked":"Night Terror","floor":16.0},{"not_picked":["Bouncing Flask","Catalyst"],"picked":"Backstab","floor":18},{"not_picked":["Prepared","Outmaneuver+1"],"picked":"Backflip","floor":19},{"not_picked":["Eviscerate","Crippling Poison+1"],"picked":"Dagger Spray+1","floor":22},{"not_picked":["Deadly Poison","Underhanded Strike"],"picked":"Dash+1","floor":24},{"not_picked":["Finisher","Prepared"],"picked":"Leg Sweep","floor":27},{"not_picked":["Bane","Unload"],"picked":"Prepared","floor":28},{"not_picked":["Prepared","Caltrops"],"picked":"Blade Dance+1","floor":29},{"not_picked":["Acrobatics","Choke+1"],"picked":"Outmaneuver+1","floor":31},{"not_picked":["Phantasmal Killer","Venomology"],"picked":"After Image","floor":33},{"not_picked":["Quick Slash","Backflip","Leg Sweep+1"],"picked":"SKIP","floor":35},{"not_picked":["Flash of Steel","Mind Blast"],"picked":"Dramatic Entrance","floor":39}],"player_experience":182775,"relics_obtained":[{"floor":7.0,"key":"Boot"},{"floor":9.0,"key":"Anchor"},{"floor":10.0,"key":"Whetstone"},{"floor":12.0,"key":"Art of War"},{"floor":26,"key":"MawBank"},{"floor":28,"key":"Omamori"}],"event_choices":[{"damage_healed":0.0,"max_hp_gain":0.0,"max_hp_loss":0.0,"gold_gain":0.0,"cards_transformed":["Defend_G"],"event_name":"Living Wall","player_choice":"Change","floor":2.0,"gold_loss":0.0,"damage_taken":0.0,"cards_obtained":["Well Laid Plans"]},{"damage_healed":0.0,"max_hp_gain":0.0,"max_hp_loss":0.0,"gold_gain":0.0,"event_name":"Big Fish","player_choice":"Box","floor":3.0,"gold_loss":0.0,"damage_taken":0.0,"relics_obtained":["Gremlin Horn"],"cards_obtained":["Regret"]},{"cards_removed":["Writhe"],"damage_healed":0.0,"max_hp_gain":0.0,"max_hp_loss":0.0,"gold_gain":0.0,"event_name":"The Cleric","player_choice":"Card Removal","floor":8.0,"gold_loss":50.0,"damage_taken":0.0},{"damage_healed":0,"gold_gain":0,"player_choice":"Became a vampire","damage_taken":0,"max_hp_gain":0,"max_hp_loss":21,"event_name":"Vampires","floor":21,"gold_loss":0,"cards_obtained":["Bite","Bite","Bite","Bite","Bite"]},{"damage_healed":0,"gold_gain":0,"cards_transformed":["Defend_G"],"player_choice":"Transformed","damage_taken":0,"max_hp_gain":0,"max_hp_loss":0,"event_name":"Transmorgrifier","floor":25,"gold_loss":0,"cards_obtained":["Heel Hook"]},{"damage_healed":0,"gold_gain":999,"player_choice":"Gold","damage_taken":0,"max_hp_gain":0,"max_hp_loss":0,"event_name":"MindBloom","floor":36,"gold_loss":0,"cards_obtained":["Normality","Normality"]},{"damage_healed":0,"gold_gain":0,"player_choice":"Ignored","damage_taken":0,"max_hp_gain":0,"max_hp_loss":0,"event_name":"Mysterious Sphere","floor":37,"gold_loss":0},{"damage_healed":0,"gold_gain":0,"player_choice":"Memory 1","damage_taken":0,"max_hp_gain":0,"max_hp_loss":0,"event_name":"SensoryStone","floor":39,"gold_loss":0}],"is_beta":false,"boss_relics":[{"not_picked":["Calling Bell","Fusion Hammer"],"picked":"WristBlade"},{"not_picked":["Pandora\u0027s Box","Runic Pyramid"],"picked":"Black Star"}],"items_purged_floors":[4,20,38],"is_endless":false,"potions_floor_spawned":[5,10,12,24,29,33],"killed_by":"Reptomancer","ascension_level":3}