{"gold_per_floor":[111,111,121,141,151,151,186,166,234,245,245,263,160,174,174,249,249,264,179,179,193,193,193],"floor_reached":23,"playtime":9696,"items_purged":[],"score":411,"play_id":"b15d1cf7-9b6f-4c67-8d5e-8b32403b7555","local_time":"20190511224042","is_ascension_mode":true,"campfire_choices":[{"data":"Skewer","floor":6.0,"key":"SMITH"},{"floor":11.0,"key":"REST"},{"floor":15.0,"key":"REST"}],"neow_cost":"NONE","seed_source_timestamp":92621293228000,"circlet_count":0,"master_deck":["AscendersBane","Defend_G","Defend_G","Defend_G","Defend_G","Defend_G","Strike_G","Strike_G","Strike_G","Survivor","Neutralize","Skewer+1","Well Laid Plans","Crippling Poison","Poisoned Stab","Envenom","Deflect","Outmaneuver","Blur","Dodge and Roll","Dodge and Roll","Adrenaline","PiercingWail","Decay","Deflect"],"special_seed":0,"relics":["Black Star","Pocketwatch","Boot","Strawberry","Question Card","Empty Cage","Mummified Hand","Mango"],"potions_floor_usage":[23],"damage_taken":[{"damage":4.0,"enemies":"Jaw Worm","floor":1.0,"turns":4.0},{"damage":3.0,"enemies":"Cultist","floor":3.0,"turns":4.0},{"damage":0.0,"enemies":"2 Louse","floor":4.0,"turns":2.0},{"damage":9.0,"enemies":"Blue Slaver","floor":5.0,"turns":4.0},{"damage":30.0,"enemies":"Gremlin Nob","floor":7.0,"turns":4.0},{"damage":6.0,"enemies":"Large Slime","floor":10.0,"turns":6.0},{"damage":27.0,"enemies":"Gremlin Gang","floor":12.0,"turns":5.0},{"damage":0.0,"enemies":"Blue Slaver","floor":14.0,"turns":6.0},{"damage":14.0,"enemies":"Hexaghost","floor":16.0,"turns":13.0},{"damage":1.0,"enemies":"Shell Parasite","floor":18.0,"turns":10.0},{"damage":0.0,"enemies":"3 Byrds","floor":21.0,"turns":7.0},{"damage":78,"enemies":"Book of Stabbing","floor":23,"turns":7}],"seed_played":"4022693584624659306","potions_obtained":[{"floor":1.0,"key":"Strength Potion"},{"floor":5.0,"key":"Dexterity Potion"},{"floor":8.0,"key":"GamblersBrew"},{"floor":10.0,"key":"Ancient Potion"},{"floor":16.0,"key":"GhostInAJar"},{"floor":21.0,"key":"SpeedPotion"}],"is_trial":false,"path_per_floor":["M","?","M","M","M","R","E","?","T","M","R","M","$","M","R","B",null,"M","?","?","M","T","E"],"character_chosen":"THE_SILENT","items_purchased":["Blur","Dodge and Roll"],"campfire_rested":2,"item_purchase_floors":[13,13],"current_hp_per_floor":[55,55,52,52,43,43,20,20,20,14,35,8,8,8,29,15,59,58,58,58,58,72,0],"gold":193,"neow_bonus":"BOSS_RELIC","is_prod":false,"is_daily":false,"chose_seed":false,"campfire_upgraded":1,"win_rate":0,"timestamp":1557639642,"path_taken":["M","?","M","M","?","R","E","?","T","M","R","M","$","M","R","BOSS","M","?","?","M","?","E"],"build_version":"2019-01-23","purchased_purges":0,"victory":false,"max_hp_per_floor":[66,66,66,66,66,66,73,73,73,73,73,73,73,73,73,73,73,73,73,73,73,87,87],"card_choices":[{"not_picked":["Crippling Poison","Dagger Throw"],"picked":"Skewer","floor":1.0},{"not_picked":["Outmaneuver","Flying Knee"],"picked":"Well Laid Plans","floor":3.0},{"not_picked":["Blade Dance","Concentrate"],"picked":"Crippling Poison","floor":4.0},{"not_picked":["Backflip","Blade Dance"],"picked":"Poisoned Stab","floor":5.0},{"not_picked":["Bane","Accuracy"],"picked":"Envenom","floor":7.0},{"not_picked":["Quick Slash","Backstab","Underhanded Strike"],"picked":"Deflect","floor":10.0},{"not_picked":["Prepared","Underhanded Strike","Dagger Throw"],"picked":"Outmaneuver","floor":12.0},{"not_picked":["Slice","Underhanded Strike","Outmaneuver"],"picked":"Dodge and Roll","floor":14.0},{"not_picked":["Night Terror","Unload","Burst"],"picked":"Adrenaline","floor":16.0},{"not_picked":["Quick Slash","Calculated Gamble","Eviscerate"],"picked":"PiercingWail","floor":18.0},{"not_picked":["Infinite Blades","Dodge and Roll","Endless Agony"],"picked":"Deflect","floor":21.0}],"player_experience":1264612,"relics_obtained":[{"floor":7.0,"key":"Boot"},{"floor":7.0,"key":"Strawberry"},{"floor":9.0,"key":"Question Card"},{"floor":22.0,"key":"Mango"}],"event_choices":[{"damage_healed":0.0,"max_hp_gain":0.0,"max_hp_loss":0.0,"gold_gain":0.0,"event_name":"WeMeetAgain","player_choice":"Gave Potion","floor":2.0,"gold_loss":0.0,"damage_taken":0.0,"relics_obtained":["Pocketwatch"]},{"damage_healed":0.0,"max_hp_gain":0.0,"max_hp_loss":0.0,"gold_gain":0.0,"event_name":"The Woman in Blue","player_choice":"Bought 1 Potion","floor":8.0,"gold_loss":0.0,"damage_taken":0.0},{"damage_healed":0.0,"max_hp_gain":0.0,"max_hp_loss":0.0,"gold_gain":0.0,"event_name":"Addict","player_choice":"Obtained Relic","floor":19.0,"gold_loss":85.0,"damage_taken":0.0,"relics_obtained":["Mummified Hand"]},{"damage_healed":0.0,"max_hp_gain":0.0,"max_hp_loss":0.0,"gold_gain":0.0,"event_name":"Forgotten Altar","player_choice":"Smashed Altar","floor":20.0,"gold_loss":0.0,"damage_taken":0.0,"cards_obtained":["Decay"]}],"is_beta":false,"boss_relics":[{"not_picked":["Lizard Tail","Eternal Feather"],"picked":"Empty Cage"}],"items_purged_floors":[],"is_endless":false,"potions_floor_spawned":[1,5,10,16,21],"killed_by":"Book of Stabbing","ascension_level":20}