{"gold_per_floor":[118,118,132,57,71,71,102,118,118,118,118,131,146,146,146,248,248,265,265,88,107,107],"floor_reached":22,"playtime":1528,"items_purged":["Strike_B","Strike_B"],"score":211,"play_id":"77723563-ba5c-48e0-b14a-b053ea51650e","local_time":"20190103202846","is_ascension_mode":false,"campfire_choices":[{"data":"Gash","floor":6,"key":"SMITH"},{"floor":15,"key":"REST"}],"neow_cost":"NONE","seed_source_timestamp":280584966194317,"circlet_count":0,"master_deck":["Strike_B","Defend_B","Defend_B","Defend_B","Defend_B","Zap","Dualcast","Gash","Beam Cell","Regret","Gash+1","Turbo","Tempest","Gash+1","Gash","Seek","Gash","Consume","Consume","Multi-Cast","Self Repair","Steam+1","Creative AI","Tempest"],"relics":["Cracked Core","Dodecahedron","StoneCalendar","Girya","Orrery"],"potions_floor_usage":[7,12,21,22],"damage_taken":[{"damage":0,"enemies":"2 Louse","floor":1,"turns":3},{"damage":7,"enemies":"Cultist","floor":3,"turns":3},{"damage":6,"enemies":"Small Slimes","floor":5,"turns":3},{"damage":30,"enemies":"3 Sentries","floor":7,"turns":6},{"damage":3,"enemies":"Red Slaver","floor":8,"turns":2},{"damage":2,"enemies":"2 Fungi Beasts","floor":12,"turns":2},{"damage":13,"enemies":"3 Louse","floor":13,"turns":3},{"damage":22,"enemies":"Hexaghost","floor":16,"turns":7},{"damage":7,"enemies":"Chosen","floor":18,"turns":4},{"damage":41,"enemies":"3 Byrds","floor":21,"turns":5},{"damage":43,"enemies":"Centurion and Healer","floor":22,"turns":6}],"seed_played":"-1603323099038240322","potions_obtained":[{"floor":1,"key":"Strength Potion"},{"floor":8,"key":"Swift Potion"},{"floor":16,"key":"SkillPotion"},{"floor":21,"key":"Energy Potion"}],"is_trial":false,"path_per_floor":["M","?","M","$","M","R","E","M","T","?","?","M","M","?","R","B",null,"M","?","$","M","M"],"character_chosen":"DEFECT","items_purchased":["Tempest"],"campfire_rested":1,"item_purchase_floors":[20],"current_hp_per_floor":[75,75,68,68,62,62,32,29,29,29,29,27,14,7,29,7,75,75,75,75,41,0],"gold":107,"neow_bonus":"THREE_CARDS","is_prod":false,"is_daily":false,"chose_seed":false,"campfire_upgraded":1,"win_rate":0,"timestamp":1546568926,"path_taken":["M","?","M","$","M","R","E","M","T","?","?","?","M","?","R","BOSS","M","?","$","M","?"],"build_version":"2019-01-03","purchased_purges":2,"victory":false,"max_hp_per_floor":[75,75,75,75,75,75,75,75,75,75,75,75,75,75,75,75,75,75,75,75,75,75],"card_choices":[{"not_picked":["Conserve Battery","Rebound"],"picked":"Gash","floor":0},{"not_picked":["Lockon","Stack"],"picked":"Beam Cell","floor":1},{"not_picked":["Undo","Aggregate"],"picked":"Gash","floor":3},{"not_picked":["Coolheaded","Ball Lightning"],"picked":"Turbo","floor":5},{"not_picked":["White Noise","Storm"],"picked":"Tempest","floor":7},{"not_picked":["Redo","Undo"],"picked":"Gash","floor":8},{"not_picked":["Ball Lightning","Capacitor"],"picked":"Gash","floor":12},{"not_picked":["Rebound","Glacier","Stack"],"picked":"SKIP","floor":13},{"not_picked":["Biased Cognition","Buffer"],"picked":"Seek","floor":16},{"not_picked":["Leap","Redo"],"picked":"Gash","floor":17},{"not_picked":["Turbo","Cold Snap"],"picked":"Consume","floor":17},{"not_picked":["Storm","Coolheaded"],"picked":"Consume","floor":17},{"not_picked":["Stack","Hologram"],"picked":"Multi-Cast","floor":17},{"not_picked":["Scrape","Cold Snap"],"picked":"Self Repair","floor":17},{"not_picked":["Rebound","Force Field"],"picked":"Steam+1","floor":18},{"not_picked":["Aggregate","Hello World","Chaos+1"],"picked":"SKIP","floor":21}],"player_experience":190433,"relics_obtained":[{"floor":7,"key":"StoneCalendar"},{"floor":9,"key":"Girya"}],"event_choices":[{"damage_healed":0,"gold_gain":0,"player_choice":"Box","damage_taken":0,"relics_obtained":["Dodecahedron"],"max_hp_gain":0,"max_hp_loss":0,"event_name":"Big Fish","floor":2,"gold_loss":0,"cards_obtained":["Regret"]},{"damage_healed":0,"gold_gain":0,"player_choice":"Fled","damage_taken":0,"max_hp_gain":0,"max_hp_loss":0,"event_name":"Scrap Ooze","floor":10,"gold_loss":0},{"damage_healed":0,"gold_gain":0,"player_choice":"Forge","damage_taken":0,"max_hp_gain":0,"max_hp_loss":0,"event_name":"Accursed Blacksmith","floor":11,"gold_loss":0,"cards_upgraded":["Gash"]},{"cards_removed":["Strike_B"],"damage_healed":0,"gold_gain":0,"player_choice":"Card Removal","damage_taken":7,"max_hp_gain":0,"max_hp_loss":0,"event_name":"Golden Wing","floor":14,"gold_loss":0},{"damage_healed":0,"gold_gain":0,"player_choice":"1 cards matched","damage_taken":0,"max_hp_gain":0,"max_hp_loss":0,"event_name":"Match and Keep!","floor":19,"gold_loss":0,"cards_obtained":["Creative AI"]}],"is_beta":false,"boss_relics":[{"not_picked":["Black Star","Lizard Tail"],"picked":"Orrery"}],"items_purged_floors":[4,20],"is_endless":false,"potions_floor_spawned":[1,8,16,21],"killed_by":"Centurion and Healer","ascension_level":0}