{"gold_per_floor":[115,129,129,153,24,24,99,99,99,1,24,39,62,78,78,199,199,220,234,252,4,4,42,42,42,68,81,81,6,6,21,21,126,126,137,37,37,137,149,149,149,149,149,24,24,24,34,0,0,0],"floor_reached":51,"playtime":3830,"items_purged":["Injury","Strike_B","Regret"],"score":630,"play_id":"23974f02-b5f7-4091-87a5-681a57772047","local_time":"20190518195415","is_ascension_mode":false,"campfire_choices":[{"data":"Streamline","floor":6,"key":"SMITH"},{"data":"Zap","floor":8,"key":"SMITH"},{"data":"Streamline","floor":15,"key":"SMITH"},{"floor":25,"key":"REST"},{"floor":28,"key":"REST"},{"floor":30,"key":"REST"},{"data":"Echo Form","floor":32,"key":"SMITH"},{"floor":40,"key":"DIG"},{"floor":42,"key":"DIG"},{"floor":46,"key":"DIG"},{"floor":49,"key":"REST"}],"neow_cost":"NONE","seed_source_timestamp":71035469215741,"circlet_count":0,"master_deck":["Strike_B","Strike_B","Strike_B","Defend_B","Defend_B","Defend_B","Defend_B","Dualcast","Rip and Tear","Melter","Chaos","Streamline+1","Ball Lightning","Streamline+1","Hologram","Creative AI","Rip and Tear","Reinforced Body","Echo Form+1","Conserve Battery","Static Discharge","Defragment","Hyperbeam","Streamline","All For One","Madness","Madness","White Noise","Magnetism","Streamline+1"],"relics":["Snecko Eye","Bloody Idol","Pantograph","Blood Vial","Cursed Key","ClockworkSouvenir","Enchiridion","Centennial Puzzle","Strawberry","Black Star","Shovel","Symbiotic Virus","DataDisk","Mercury Hourglass","Anchor","Red Mask"],"potions_floor_usage":[7,16,16,16,23,33,33,38,50,50],"damage_taken":[{"damage":1,"enemies":"Jaw Worm","floor":1,"turns":3},{"damage":3,"enemies":"Small Slimes","floor":2,"turns":4},{"damage":9,"enemies":"2 Louse","floor":4,"turns":2},{"damage":6,"enemies":"3 Sentries","floor":7,"turns":4},{"damage":0,"enemies":"2 Fungi Beasts","floor":11,"turns":2},{"damage":4,"enemies":"Blue Slaver","floor":12,"turns":2},{"damage":0,"enemies":"Large Slime","floor":13,"turns":3},{"damage":7,"enemies":"Looter","floor":14,"turns":2},{"damage":18,"enemies":"Slime Boss","floor":16,"turns":8},{"damage":0,"enemies":"Chosen","floor":18,"turns":3},{"damage":2,"enemies":"Spheric Guardian","floor":19,"turns":3},{"damage":20,"enemies":"Centurion and Healer","floor":20,"turns":5},{"damage":35,"enemies":"Book of Stabbing","floor":23,"turns":5},{"damage":15,"enemies":"Chosen and Byrds","floor":27,"turns":4},{"damage":8,"enemies":"Cultist and Chosen","floor":31,"turns":4},{"damage":9,"enemies":"Automaton","floor":33,"turns":5},{"damage":13,"enemies":"Orb Walker","floor":35,"turns":3},{"damage":0,"enemies":"Mind Bloom Boss Battle","floor":38,"turns":3},{"damage":22,"enemies":"3 Darklings","floor":39,"turns":3},{"damage":38,"enemies":"Maw","floor":47,"turns":5},{"damage":44,"enemies":"Awakened One","floor":50,"turns":6}],"seed_played":"1189866387704732984","potions_obtained":[{"floor":2,"key":"Explosive Potion"},{"floor":7,"key":"SkillPotion"},{"floor":13,"key":"Weak Potion"},{"floor":16,"key":"SneckoOil"},{"floor":19,"key":"Ancient Potion"},{"floor":23,"key":"SkillPotion"},{"floor":33,"key":"Regen Potion"},{"floor":47,"key":"FearPotion"}],"is_trial":false,"path_per_floor":["M","M","?","M","$","R","?","R","T","$","M","M","M","M","R","B",null,"M","M","M","$","?","E","?","R","T","M","R","?","R","M","R","B",null,"M","$","?","?","M","R","?","R","T","$","?","R","M","?","R","B",null],"character_chosen":"DEFECT","items_purchased":["Streamline","Streamline","Dexterity Potion","ClockworkSouvenir","Explosive Potion"],"campfire_rested":4,"item_purchase_floors":[5,10,10,21,21],"current_hp_per_floor":[74,71,71,62,62,62,56,56,56,56,58,56,58,53,53,57,75,75,73,55,55,39,6,6,28,40,32,56,56,80,79,79,78,82,74,74,64,82,65,65,65,65,65,65,65,65,34,34,58,52],"gold":0,"neow_bonus":"BOSS_RELIC","is_prod":false,"is_daily":false,"chose_seed":false,"campfire_upgraded":4,"win_rate":0,"timestamp":1558227255,"path_taken":["M","M","?","M","$","R","?","R","T","$","M","M","M","M","R","BOSS","M","M","M","$","?","E","?","R","T","M","R","?","R","M","R","BOSS","M","$","?","?","M","R","?","R","T","?","?","R","?","?","R","BOSS"],"build_version":"2019-01-23","purchased_purges":3,"victory":true,"max_hp_per_floor":[75,75,75,75,75,75,75,75,75,75,75,75,75,75,75,75,75,75,75,75,75,75,75,75,75,82,82,82,82,82,82,82,82,82,82,82,82,82,82,82,82,82,82,82,82,82,82,82,82,82],"card_choices":[{"not_picked":["Steam","Barrage"],"picked":"Rip and Tear","floor":1},{"not_picked":["Barrage","Undo"],"picked":"Melter","floor":2},{"not_picked":["Cold Snap","Blizzard"],"picked":"Chaos","floor":4},{"not_picked":["Gash","Chill"],"picked":"Ball Lightning","floor":7},{"not_picked":["Conserve Battery","Gash"],"picked":"Hologram","floor":11},{"not_picked":["Beam Cell","Streamline"],"picked":"Creative AI","floor":12},{"not_picked":["Lockon","Undo"],"picked":"Rip and Tear","floor":13},{"not_picked":["Turbo","Hologram"],"picked":"Reinforced Body","floor":14},{"not_picked":["Seek","All For One"],"picked":"Echo Form","floor":16},{"not_picked":["Steam","Rebound+1"],"picked":"Conserve Battery","floor":18},{"not_picked":["Gash","Cold Snap"],"picked":"Static Discharge","floor":19},{"not_picked":["Hologram","Redo"],"picked":"Defragment","floor":20},{"not_picked":["Conserve Battery","Beam Cell"],"picked":"Hyperbeam","floor":23},{"not_picked":["Cold Snap","Blizzard","Genetic Algorithm"],"picked":"SKIP","floor":27},{"not_picked":["Stack","Steam"],"picked":"Streamline","floor":31},{"not_picked":["Amplify","Multi-Cast"],"picked":"All For One","floor":33},{"not_picked":["Barrage+1","Compile Driver+1","Sweeping Beam"],"picked":"SKIP","floor":35},{"not_picked":["Coolheaded","Scrape+1"],"picked":"White Noise","floor":39},{"not_picked":["Secret Weapon","PanicButton"],"picked":"Magnetism","floor":41},{"not_picked":["Coolheaded+1","Barrage"],"picked":"Streamline+1","floor":47}],"player_experience":266862,"relics_obtained":[{"floor":7,"key":"Pantograph"},{"floor":9,"key":"Blood Vial"},{"floor":22,"key":"Enchiridion"},{"floor":23,"key":"Centennial Puzzle"},{"floor":26,"key":"Strawberry"},{"floor":38,"key":"Shovel"},{"floor":40,"key":"Symbiotic Virus"},{"floor":42,"key":"DataDisk"},{"floor":43,"key":"Mercury Hourglass"},{"floor":46,"key":"Anchor"}],"event_choices":[{"damage_healed":0,"gold_gain":0,"player_choice":"Take Wound","damage_taken":0,"relics_obtained":["Golden Idol"],"max_hp_gain":0,"max_hp_loss":0,"event_name":"Golden Idol","floor":3,"gold_loss":0,"cards_obtained":["Injury"]},{"damage_healed":0,"gold_gain":0,"player_choice":"Searched \u00271\u0027 times","damage_taken":0,"max_hp_gain":0,"max_hp_loss":0,"event_name":"Dead Adventurer","floor":7,"gold_loss":0},{"damage_healed":0,"gold_gain":0,"player_choice":"Obtained Book","damage_taken":16,"max_hp_gain":0,"max_hp_loss":0,"event_name":"Cursed Tome","floor":22,"gold_loss":0},{"damage_healed":0,"gold_gain":0,"player_choice":"Gave Idol","damage_taken":0,"relics_obtained":["Bloody Idol"],"max_hp_gain":0,"max_hp_loss":0,"event_name":"Forgotten Altar","floor":24,"relics_lost":["Golden Idol"],"gold_loss":0},{"cards_removed":["Normality"],"damage_healed":0,"gold_gain":0,"player_choice":"Gave Gold","damage_taken":0,"max_hp_gain":0,"max_hp_loss":0,"event_name":"Beggar","floor":29,"gold_loss":75},{"damage_healed":0,"gold_gain":0,"player_choice":"Embrace Madness","damage_taken":10,"max_hp_gain":0,"max_hp_loss":0,"event_name":"Winding Halls","floor":37,"gold_loss":0,"cards_obtained":["Madness","Madness"]},{"damage_healed":0,"gold_gain":0,"player_choice":"Fight","damage_taken":0,"max_hp_gain":0,"max_hp_loss":0,"event_name":"MindBloom","floor":38,"gold_loss":0},{"damage_healed":0,"gold_gain":0,"player_choice":"Memory 1","damage_taken":0,"max_hp_gain":0,"max_hp_loss":0,"event_name":"SensoryStone","floor":41,"gold_loss":0},{"cards_removed":["Zap"],"damage_healed":0,"gold_gain":0,"player_choice":"Removed Skill","damage_taken":0,"max_hp_gain":0,"max_hp_loss":0,"event_name":"Falling","floor":45,"gold_loss":0},{"damage_healed":0,"gold_gain":0,"player_choice":"Paid","damage_taken":0,"relics_obtained":["Red Mask"],"max_hp_gain":0,"max_hp_loss":0,"event_name":"Tomb of Lord Red Mask","floor":48,"gold_loss":34}],"is_beta":false,"boss_relics":[{"not_picked":["Busted Crown","Inserter"],"picked":"Cursed Key"},{"not_picked":["Velvet Choker","Coffee Dripper"],"picked":"Black Star"}],"items_purged_floors":[5,36,44],"is_endless":false,"potions_floor_spawned":[2,7,13,16,19,23,33,47],"ascension_level":0}