{"gold_per_floor":[111,111,123,198,8,34,44,63,63,63,63,63,74,74,74,74],"floor_reached":16,"playtime":1306,"items_purged":[],"score":250,"play_id":"c554ea86-a1ce-4c0c-be84-1c59148fbe31","local_time":"20190512123040","is_ascension_mode":true,"campfire_choices":[{"data":"All Out Attack","floor":11,"key":"SMITH"},{"data":"Predator","floor":15,"key":"SMITH"}],"neow_cost":"NONE","seed_source_timestamp":9082991326500,"circlet_count":0,"master_deck":["AscendersBane","Defend_G","Defend_G","Defend_G","Defend_G","Defend_G","Strike_G","Strike_G","Strike_G","Strike_G","Survivor","Neutralize","Dash","Noxious Fumes","Caltrops","Backflip","Deadly Poison","Terror","Quick Slash","All Out Attack+1","Predator+1"],"special_seed":0,"relics":["Ring of the Snake","NeowsBlessing","Singing Bowl","Unceasing Top"],"potions_floor_usage":[16,16],"damage_taken":[{"damage":0.0,"enemies":"2 Louse","floor":1.0,"turns":1.0},{"damage":0.0,"enemies":"Small Slimes","floor":3.0,"turns":1.0},{"damage":0.0,"enemies":"Lagavulin","floor":6.0,"turns":1.0},{"damage":0.0,"enemies":"Cultist","floor":7.0,"turns":3.0},{"damage":7.0,"enemies":"Exordium Thugs","floor":8.0,"turns":4.0},{"damage":3,"enemies":"2 Fungi Beasts","floor":13,"turns":3},{"damage":46,"enemies":"Slime Boss","floor":16,"turns":9}],"seed_played":"4902826496522419134","potions_obtained":[{"floor":3.0,"key":"SkillPotion"},{"floor":8.0,"key":"Swift Potion"},{"floor":13,"key":"SpeedPotion"}],"is_trial":false,"path_per_floor":["M","?","M","?","$","E","M","M","T","?","R","?","M","$","R","B"],"character_chosen":"THE_SILENT","items_purchased":["Caltrops","Backflip","Deadly Poison"],"campfire_rested":0,"item_purchase_floors":[5,5,5],"current_hp_per_floor":[59,64,64,53,53,53,53,46,46,46,46,46,43,43,43,0],"gold":74,"neow_bonus":"THREE_ENEMY_KILL","is_prod":false,"is_daily":false,"chose_seed":false,"campfire_upgraded":2,"win_rate":0,"timestamp":1557689440,"path_taken":["M","?","M","?","$","E","M","M","T","?","R","?","?","?","R","BOSS"],"build_version":"2019-01-23","purchased_purges":0,"victory":false,"max_hp_per_floor":[66,71,71,71,71,71,71,71,71,71,71,71,71,71,71,71],"card_choices":[{"not_picked":["Deflect","PiercingWail"],"picked":"Dash","floor":1.0},{"not_picked":["Terror","Dagger Throw"],"picked":"Noxious Fumes","floor":3.0},{"not_picked":["Noxious Fumes","Concentrate"],"picked":"Terror","floor":6.0},{"not_picked":["Deflect","PiercingWail"],"picked":"Quick Slash","floor":7.0},{"not_picked":["Flying Knee","Expertise"],"picked":"All Out Attack","floor":8.0},{"not_picked":["Quick Slash","Expertise"],"picked":"Predator","floor":13}],"player_experience":1282871,"relics_obtained":[{"floor":6.0,"key":"Singing Bowl"},{"floor":9.0,"key":"Unceasing Top"}],"event_choices":[{"damage_healed":0.0,"max_hp_gain":5.0,"max_hp_loss":0.0,"gold_gain":0.0,"event_name":"Big Fish","player_choice":"Donut","floor":2.0,"gold_loss":0.0,"damage_taken":0.0},{"damage_healed":0.0,"max_hp_gain":0.0,"max_hp_loss":0.0,"gold_gain":75.0,"event_name":"World of Goop","player_choice":"Gather Gold","floor":4.0,"gold_loss":0.0,"damage_taken":11.0},{"damage_healed":0.0,"max_hp_gain":0.0,"max_hp_loss":0.0,"gold_gain":0.0,"event_name":"Liars Game","player_choice":"Ignored","floor":10.0,"gold_loss":0.0,"damage_taken":0.0},{"cards_removed":["Strike_G"],"damage_healed":0,"gold_gain":0,"player_choice":"Purged","damage_taken":0,"max_hp_gain":0,"max_hp_loss":0,"event_name":"Purifier","floor":12,"gold_loss":0}],"is_beta":false,"boss_relics":[],"items_purged_floors":[],"is_endless":false,"potions_floor_spawned":[3,8,13],"killed_by":"Slime Boss","ascension_level":20}