{"gold_per_floor":[114,131,144,164,114,114,142,154,154,181,181,199,199,199,199,323,323,336,336,93,113,113,113,134,134,134,134,159,113,113,113],"floor_reached":31,"playtime":1274,"items_purged":[],"score":392,"play_id":"62e5ec63-3346-4c43-a1e8-d6802ddb9fa8","local_time":"20190518210939","is_ascension_mode":true,"campfire_choices":[{"data":"Armaments","floor":6.0,"key":"SMITH"},{"data":"Iron Wave","floor":11.0,"key":"SMITH"},{"data":"Bash","floor":13.0,"key":"SMITH"},{"floor":15.0,"key":"REST"},{"data":"Whirlwind","floor":23.0,"key":"SMITH"},{"floor":25.0,"key":"REST"},{"data":"Limit Break","floor":27.0,"key":"SMITH"}],"neow_cost":"NONE","seed_source_timestamp":0,"circlet_count":0,"master_deck":["AscendersBane","Strike_R","Strike_R","Strike_R","Strike_R","Defend_R","Defend_R","Defend_R","Defend_R","Bash+1","Iron Wave+1","Headbutt","Limit Break+1","Armaments+1","Warcry","Battle Trance","Cleave","Juggernaut","Iron Wave","Whirlwind+1","Demon Form","Ghostly Armor","Headbutt+1","RitualDagger","Offering","Flex"],"special_seed":0,"relics":["Burning Blood","Bag of Preparation","Paper Frog","Mummified Hand","Golden Idol","Runic Cube","Centennial Puzzle"],"potions_floor_usage":[30],"damage_taken":[{"damage":4.0,"enemies":"2 Louse","floor":1.0,"turns":4.0},{"damage":0.0,"enemies":"Small Slimes","floor":2.0,"turns":3.0},{"damage":2.0,"enemies":"Jaw Worm","floor":3.0,"turns":3.0},{"damage":4.0,"enemies":"Large Slime","floor":4.0,"turns":6.0},{"damage":28.0,"enemies":"Gremlin Nob","floor":7.0,"turns":4.0},{"damage":4.0,"enemies":"Blue Slaver","floor":8.0,"turns":5.0},{"damage":35.0,"enemies":"3 Sentries","floor":10.0,"turns":13.0},{"damage":1.0,"enemies":"Exordium Wildlife","floor":12.0,"turns":3.0},{"damage":29.0,"enemies":"Slime Boss","floor":16.0,"turns":8.0},{"damage":26.0,"enemies":"Shell Parasite","floor":18.0,"turns":8.0},{"damage":8.0,"enemies":"Chosen","floor":21.0,"turns":6.0},{"damage":20.0,"enemies":"Snecko","floor":24.0,"turns":4.0},{"damage":52.0,"enemies":"Shelled Parasite and Fungi","floor":28.0,"turns":9.0},{"damage":6,"enemies":"Colosseum Slavers","floor":30,"turns":2},{"damage":24,"enemies":"Centurion and Healer","floor":31,"turns":2}],"seed_played":"5421930901404534830","potions_obtained":[{"floor":2.0,"key":"SteroidPotion"},{"floor":4.0,"key":"Fire Potion"},{"floor":7.0,"key":"LiquidBronze"},{"floor":16.0,"key":"BloodPotion"},{"floor":21.0,"key":"PowerPotion"}],"is_trial":false,"path_per_floor":["M","M","M","M","$","R","E","M","T","E","R","M","R","?","R","B",null,"M","?","$","M","?","R","M","R","T","R","M","$","?","M"],"character_chosen":"IRONCLAD","items_purchased":["Armaments","Whirlwind","Demon Form","Ghostly Armor","Flex"],"campfire_rested":2,"item_purchase_floors":[5,20,20,20,29],"current_hp_per_floor":[82,88,88,88,88,88,66,68,68,39,39,44,44,44,68,45,72,52,52,52,58,52,52,38,62,62,62,16,16,16,0],"gold":113,"neow_bonus":"TEN_PERCENT_HP_BONUS","is_prod":false,"is_daily":false,"chose_seed":false,"campfire_upgraded":5,"win_rate":0,"timestamp":1558184979,"path_taken":["M","M","M","M","$","R","E","M","T","E","R","M","R","?","R","BOSS","M","?","$","M","?","R","M","R","T","R","M","$","?","M"],"build_version":"2019-01-23","purchased_purges":0,"victory":false,"max_hp_per_floor":[88,88,88,88,88,88,88,88,88,88,88,88,88,81,81,81,81,81,81,81,81,81,81,81,81,81,81,81,81,81,81],"card_choices":[{"not_picked":["Heavy Blade","Hemokinesis"],"picked":"Iron Wave","floor":1.0},{"not_picked":["Perfected Strike","Dropkick"],"picked":"Headbutt","floor":2.0},{"not_picked":["Sever Soul","Wild Strike","Feel No Pain"],"picked":"SKIP","floor":3.0},{"not_picked":["Pommel Strike","Ghostly Armor"],"picked":"Limit Break","floor":4.0},{"not_picked":["Sword Boomerang","Clothesline"],"picked":"Warcry","floor":7.0},{"not_picked":["Clash","Sword Boomerang","Reckless Charge"],"picked":"SKIP","floor":8.0},{"not_picked":["Flex","Wild Strike"],"picked":"Battle Trance","floor":10.0},{"not_picked":["Clothesline","Havoc"],"picked":"Cleave","floor":12.0},{"not_picked":["Bludgeon","Demon Form"],"picked":"Juggernaut","floor":16.0},{"not_picked":["Rage","Pommel Strike"],"picked":"Iron Wave","floor":18.0},{"not_picked":["Shockwave","Perfected Strike"],"picked":"Headbutt+1","floor":21.0},{"not_picked":["Twin Strike","Combust","Body Slam"],"picked":"SKIP","floor":24.0},{"not_picked":["Cleave","Twin Strike"],"picked":"Offering","floor":28.0}],"player_experience":748771,"relics_obtained":[{"floor":7.0,"key":"Bag of Preparation"},{"floor":9.0,"key":"Paper Frog"},{"floor":10.0,"key":"Mummified Hand"},{"floor":26.0,"key":"Centennial Puzzle"}],"event_choices":[{"damage_healed":0.0,"max_hp_gain":0.0,"max_hp_loss":7.0,"gold_gain":0.0,"event_name":"Golden Idol","player_choice":"Lose Max HP","floor":14.0,"gold_loss":0.0,"damage_taken":0.0,"relics_obtained":["Golden Idol"]},{"cards_removed":["Strike_R"],"damage_healed":0.0,"max_hp_gain":0.0,"max_hp_loss":0.0,"gold_gain":0.0,"event_name":"Back to Basics","player_choice":"Elegance","floor":19.0,"gold_loss":0.0,"damage_taken":0.0},{"damage_healed":0.0,"max_hp_gain":0.0,"max_hp_loss":0.0,"gold_gain":0.0,"event_name":"Nest","player_choice":"Joined the Cult","floor":22.0,"gold_loss":0.0,"damage_taken":6.0,"cards_obtained":["RitualDagger"]},{"damage_healed":0,"gold_gain":0,"player_choice":"Fight","damage_taken":0,"max_hp_gain":0,"max_hp_loss":0,"event_name":"Colosseum","floor":30,"gold_loss":0},{"damage_healed":0,"gold_gain":0,"player_choice":"Fled From Nobs","damage_taken":0,"max_hp_gain":0,"max_hp_loss":0,"event_name":"Colosseum","floor":30,"gold_loss":0}],"is_beta":false,"boss_relics":[{"not_picked":["Black Star","Philosopher\u0027s Stone"],"picked":"Runic Cube"}],"items_purged_floors":[],"is_endless":false,"potions_floor_spawned":[2,4,7,10,16,21],"killed_by":"Centurion and Healer","ascension_level":12}