{"gold_per_floor":[111,130,130,140,14,40,60,122,122,122,122,122,132,32,32,134,134,144,173,88,88,105,137,137,45,98,112,112,127,139,157,157,255,255,266,277,277,291,0,33,33,33,60,60,77,77,87,102,102,102],"floor_reached":50,"playtime":5278,"items_purged":["Strike_R","Defend_R"],"score":719,"play_id":"cb754cb6-aeee-426c-ac3b-df5e9adcb386","local_time":"20180721135644","is_ascension_mode":false,"campfire_choices":[{"floor":11,"key":"REST"},{"floor":15,"key":"REST"},{"floor":24,"key":"REST"},{"floor":28,"key":"REST"},{"floor":32,"key":"REST"},{"floor":41,"key":"REST"},{"floor":44,"key":"REST"},{"data":"Mind Blast","floor":49,"key":"SMITH"}],"neow_cost":"NONE","seed_source_timestamp":905890621588164,"circlet_count":0,"master_deck":["Shrug It Off","Warcry","Offering","Flash of Steel","Seeing Red+1","Shrug It Off","True Grit+1","Warcry","Shrug It Off","Ghostly Armor+1","Offering+1","Headbutt","Thunderclap","Blood for Blood","Heavy Blade","Headbutt","Body Slam","Dual Wield+1","Headbutt+1","Entrench+1","Blood for Blood","Warcry+1","Inflame","Juggernaut","Shrug It Off+1","Armaments+1","Berserk","Feel No Pain+1","Shrug It Off+1","Headbutt+1","Armaments+1","Mind Blast+1","Armaments+1","Rampage+1","Intimidate+1","True Grit+1"],"relics":["Burning Blood","NeowsBlessing","Bag of Marbles","Self Forming Clay","Toxic Egg 2","Pandora\u0027s Box","Red Mask","Blood Vial","Orichalcum","War Paint","Busted Crown","Ginger","Happy Flower","Ornamental Fan","Boot","Letter Opener"],"potions_floor_usage":[6,8,13,16,16,19,31,33,40,40,50,50],"damage_taken":[{"damage":0,"enemies":"Jaw Worm","floor":1,"turns":1},{"damage":0,"enemies":"Cultist","floor":2,"turns":1},{"damage":0,"enemies":"2 Louse","floor":4,"turns":1},{"damage":23,"enemies":"Lagavulin","floor":6,"turns":7},{"damage":8,"enemies":"Red Slaver","floor":7,"turns":3},{"damage":44,"enemies":"Lagavulin Event","floor":8,"turns":8},{"damage":5,"enemies":"Blue Slaver","floor":13,"turns":3},{"damage":38,"enemies":"Slime Boss","floor":16,"turns":19},{"damage":20,"enemies":"Spheric Guardian","floor":18,"turns":3},{"damage":18,"floor":19,"turns":3},{"damage":25,"enemies":"3 Byrds","floor":22,"turns":6},{"damage":28,"enemies":"Gremlin Leader","floor":23,"turns":4},{"damage":24,"enemies":"Cultist and Chosen","floor":27,"turns":6},{"damage":14,"enemies":"Chosen and Byrds","floor":29,"turns":4},{"damage":10,"enemies":"Snake Plant","floor":30,"turns":2},{"damage":13,"enemies":"Cultist and Chosen","floor":31,"turns":5},{"damage":16,"enemies":"Collector","floor":33,"turns":6},{"damage":19,"enemies":"3 Shapes","floor":35,"turns":5},{"damage":10,"enemies":"Orb Walker","floor":36,"turns":3},{"damage":16,"floor":37,"turns":5},{"damage":11,"enemies":"4 Shapes","floor":38,"turns":4},{"damage":69,"enemies":"Nemesis","floor":40,"turns":5},{"damage":10,"enemies":"Spire Growth","floor":45,"turns":3},{"damage":12,"enemies":"Sphere and 2 Shapes","floor":47,"turns":4},{"damage":5,"enemies":"4 Shapes","floor":48,"turns":4},{"damage":75,"enemies":"Time Eater","floor":50,"turns":6}],"seed_played":"-2269026062342891170","potions_obtained":[{"floor":1,"key":"GamblersBrew"},{"floor":4,"key":"Poison Potion"},{"floor":7,"key":"SteroidPotion"},{"floor":8,"key":"BloodPotion"},{"floor":13,"key":"SteroidPotion"},{"floor":18,"key":"SkillPotion"},{"floor":29,"key":"Block Potion"},{"floor":30,"key":"FearPotion"},{"floor":36,"key":"Regen Potion"},{"floor":38,"key":"Regen Potion"},{"floor":40,"key":"LiquidBronze"},{"floor":47,"key":"AttackPotion"}],"is_trial":false,"path_per_floor":["M","M","?","M","$","E","M","?","T","?","R","?","M","$","R","B",null,"M","?","?","?","M","E","R","$","T","M","R","M","M","M","R","B",null,"M","M","?","M","$","E","R","?","T","R","M","T","M","M","R"],"character_chosen":"IRONCLAD","items_purchased":["Shrug It Off","Blood for Blood","Warcry+1","Happy Flower","Mind Blast","Armaments+1"],"campfire_rested":7,"item_purchase_floors":[5,25,25,39,39,39],"current_hp_per_floor":[80,80,80,80,80,63,61,23,23,16,40,40,49,49,73,41,80,66,54,54,54,37,17,41,41,41,25,49,43,41,36,60,52,80,67,65,57,54,54,27,51,51,51,75,73,73,69,72,72,0],"gold":102,"neow_bonus":"THREE_ENEMY_KILL","is_prod":false,"is_daily":false,"chose_seed":false,"campfire_upgraded":1,"win_rate":0.0,"timestamp":1532199404,"path_taken":["M","M","?","?","$","E","M","?","T","?","R","?","M","$","R","BOSS","M","?","?","?","M","E","R","$","T","M","R","M","?","M","R","BOSS","M","M","?","M","$","E","R","?","T","R","?","?","?","M","R","BOSS"],"build_version":"2018-07-19v2","purchased_purges":2,"victory":false,"max_hp_per_floor":[80,80,80,80,80,80,80,80,80,80,80,80,80,80,80,80,80,80,80,80,80,80,80,80,80,80,80,80,80,80,80,80,80,80,80,80,80,80,80,80,80,80,80,80,80,80,80,80,80,80],"card_choices":[{"not_picked":["Twin Strike","Flex"],"picked":"Shrug It Off","floor":1},{"not_picked":["Clash","Heavy Blade"],"picked":"Warcry","floor":2},{"not_picked":["Pummel","Pommel Strike"],"picked":"Seeing Red","floor":4},{"not_picked":["Corruption","Combust"],"picked":"True Grit","floor":6},{"not_picked":["Iron Wave","Ghostly Armor"],"picked":"Warcry","floor":7},{"not_picked":["Cleave","Anger"],"picked":"Shrug It Off","floor":8},{"not_picked":["Power Through+1","Carnage"],"picked":"Ghostly Armor+1","floor":13},{"not_picked":["Fiend Fire","Barricade"],"picked":"Offering+1","floor":16},{"not_picked":["Clothesline+1","Sword Boomerang"],"picked":"Body Slam","floor":18},{"not_picked":["Flex+1","Disarm+1"],"picked":"Dual Wield+1","floor":19},{"not_picked":["Sword Boomerang","True Grit+1"],"picked":"Headbutt+1","floor":22},{"not_picked":["Cleave+1","Clothesline"],"picked":"Entrench+1","floor":23},{"not_picked":["True Grit+1","Pommel Strike"],"picked":"Inflame","floor":27},{"not_picked":["Ghostly Armor+1","Heavy Blade"],"picked":"Juggernaut","floor":29},{"not_picked":["Rage+1","Hemokinesis+1"],"picked":"Shrug It Off+1","floor":30},{"not_picked":["Clothesline","Disarm+1"],"picked":"Armaments+1","floor":31},{"not_picked":["Fiend Fire","Impervious+1"],"picked":"Berserk","floor":33},{"not_picked":[],"picked":"Feel No Pain+1","floor":35},{"not_picked":[],"picked":"Shrug It Off+1","floor":36},{"not_picked":[],"picked":"Headbutt+1","floor":37},{"not_picked":[],"picked":"Armaments+1","floor":38},{"not_picked":[],"picked":"Rampage+1","floor":40},{"not_picked":[],"picked":"True Grit+1","floor":45},{"not_picked":["Heavy Blade"],"picked":"SKIP","floor":47},{"not_picked":["Perfected Strike+1"],"picked":"SKIP","floor":48}],"player_experience":95128,"relics_obtained":[{"floor":6,"key":"Bag of Marbles"},{"floor":8,"key":"Self Forming Clay"},{"floor":9,"key":"Toxic Egg 2"},{"floor":19,"key":"Red Mask"},{"floor":23,"key":"Orichalcum"},{"floor":26,"key":"War Paint"},{"floor":37,"key":"Ginger"},{"floor":40,"key":"Ornamental Fan"},{"floor":43,"key":"Boot"},{"floor":46,"key":"Letter Opener"}],"event_choices":[{"event_name":"Match and Keep!","player_choice":"2 cards matched","floor":3,"damage_taken":0},{"event_name":"Dead Adventurer","player_choice":"Searched \u00271\u0027 times","floor":8,"damage_taken":0},{"event_name":"Golden Wing","player_choice":"Card Removal","floor":10,"damage_taken":0},{"event_name":"Shining Light","player_choice":"Ignored","floor":12,"damage_taken":0},{"event_name":"Masked Bandits","player_choice":"Fought over 144 gold","floor":19,"damage_taken":0},{"event_name":"Addict","player_choice":"Obtained Relic","floor":20,"damage_taken":0},{"event_name":"Back to Basics","player_choice":"Elegance","floor":21,"damage_taken":0},{"event_name":"MindBloom","player_choice":"Fight","floor":37,"damage_taken":0},{"event_name":"Transmorgrifier","player_choice":"Transform","floor":42,"damage_taken":0}],"is_beta":false,"boss_relics":[{"not_picked":["Tiny House","Calling Bell"],"picked":"Pandora\u0027s Box"},{"not_picked":["Eternal Feather","Lizard Tail"],"picked":"Busted Crown"}],"items_purged_floors":[5,14],"is_endless":false,"potions_floor_spawned":[1,4,7,8,13,18,29,30,36,38,40,47],"killed_by":"Time Eater","ascension_level":0}