{"gold_per_floor":[114,114,89,46,66,101,101,117,117,181,207,257,271,288,288,288],"floor_reached":16,"playtime":1210,"items_purged":["Strike_G"],"score":260,"play_id":"2d7d1c2c-776c-4496-97f5-20a4f9a4768e","local_time":"20190419223114","is_ascension_mode":true,"campfire_choices":[{"data":"Predator","floor":7,"key":"SMITH"},{"floor":15,"key":"REST"}],"neow_cost":"NONE","seed_source_timestamp":102283686051400,"circlet_count":0,"master_deck":["AscendersBane","Defend_G","Defend_G","Defend_G","Defend_G","Defend_G","Strike_G","Strike_G","Strike_G","Strike_G","Survivor","Neutralize","Predator+1","Well Laid Plans","Poisoned Stab","All Out Attack","Wraith Form v2","Sucker Punch","Unload"],"relics":["Ring of the Snake","NeowsBlessing","SsserpentHead","Ice Cream","Matryoshka","Bottled Lightning"],"potions_floor_usage":[6,11,14],"damage_taken":[{"damage":0,"enemies":"Jaw Worm","floor":1,"turns":1},{"damage":0,"enemies":"Cultist","floor":5,"turns":1},{"damage":0,"enemies":"3 Sentries","floor":6,"turns":1},{"damage":4,"enemies":"Small Slimes","floor":8,"turns":3},{"damage":4,"enemies":"Blue Slaver","floor":10,"turns":4},{"damage":27,"enemies":"Lagavulin","floor":11,"turns":6},{"damage":1,"enemies":"2 Fungi Beasts","floor":13,"turns":4},{"damage":0,"enemies":"Lots of Slimes","floor":14,"turns":4},{"damage":51,"enemies":"Hexaghost","floor":16,"turns":15}],"seed_played":"-2113384318964996430","potions_obtained":[{"floor":1,"key":"Swift Potion"},{"floor":10,"key":"EssenceOfSteel"},{"floor":11,"key":"EssenceOfSteel"}],"is_trial":false,"path_per_floor":["M","?","$","$","M","E","R","M","T","M","E","?","M","M","R","B"],"character_chosen":"THE_SILENT","items_purchased":["Well Laid Plans"],"campfire_rested":1,"item_purchase_floors":[4],"current_hp_per_floor":[59,59,59,59,59,59,59,55,55,51,24,24,23,23,42,0],"gold":288,"neow_bonus":"THREE_ENEMY_KILL","is_prod":false,"is_daily":false,"chose_seed":false,"campfire_upgraded":1,"win_rate":0,"timestamp":1555738274,"path_taken":["M","?","?","$","M","E","R","M","T","?","E","?","M","M","R","BOSS"],"build_version":"2019-01-23","purchased_purges":1,"victory":false,"max_hp_per_floor":[66,66,66,66,66,66,66,66,66,66,66,66,66,66,66,66],"card_choices":[{"not_picked":["Heel Hook","Accuracy"],"picked":"Predator","floor":1},{"not_picked":["Dagger Throw","Setup"],"picked":"Poisoned Stab","floor":5},{"not_picked":["Outmaneuver","Deflect","Prepared"],"picked":"SKIP","floor":6},{"not_picked":["Eviscerate","Blade Dance"],"picked":"All Out Attack","floor":8},{"not_picked":["Escape Plan","Outmaneuver"],"picked":"Wraith Form v2","floor":10},{"not_picked":["Cloak And Dagger","Eviscerate","Bane"],"picked":"SKIP","floor":11},{"not_picked":["Dagger Throw","Concentrate"],"picked":"Sucker Punch","floor":13},{"not_picked":["Outmaneuver","Flechettes"],"picked":"Unload","floor":14}],"player_experience":897480,"relics_obtained":[{"floor":6,"key":"Ice Cream"},{"floor":9,"key":"Matryoshka"},{"floor":11,"key":"Bottled Lightning"}],"event_choices":[{"damage_healed":0,"gold_gain":0,"player_choice":"Trade","damage_taken":0,"relics_obtained":["SsserpentHead"],"max_hp_gain":0,"max_hp_loss":0,"event_name":"FaceTrader","floor":2,"gold_loss":0},{"damage_healed":0,"gold_gain":0,"player_choice":"Ignored","damage_taken":0,"max_hp_gain":0,"max_hp_loss":0,"event_name":"Liars Game","floor":12,"gold_loss":0}],"is_beta":false,"boss_relics":[],"items_purged_floors":[3],"is_endless":false,"potions_floor_spawned":[1,10,11],"killed_by":"Hexaghost","ascension_level":18}