{"gold_per_floor":[367,442,452,37,55,82,82,82,109,109,109,129,129,129,129,226,226,242,242,242,43,78,78,93,120,169,169],"floor_reached":27,"playtime":2756,"items_purged":["Strike_R","Shame"],"score":272,"play_id":"a557f8f5-642f-4341-a6f9-5467e50b2e97","local_time":"20190518173238","is_ascension_mode":true,"campfire_choices":[{"data":"Carnage","floor":7.0,"key":"SMITH"},{"data":"Cleave","floor":10.0,"key":"SMITH"},{"data":"Corruption","floor":13.0,"key":"SMITH"},{"data":"Bash","floor":15.0,"key":"SMITH"},{"data":"Searing Blow","floor":23.0,"key":"SMITH"}],"neow_cost":"TEN_PERCENT_HP_LOSS","seed_source_timestamp":0,"circlet_count":0,"master_deck":["Strike_R+1","Strike_R+1","Strike_R+1","Strike_R+1","Defend_R+1","Defend_R+1","Defend_R+1","Defend_R+1","Bash+1","Carnage+1","Cleave+1","Flame Barrier+1","Corruption+1","Dark Embrace","Armaments","Searing Blow+1","Battle Trance","Dual Wield","Feed"],"special_seed":0,"relics":["Burning Blood","Pantograph","Boot","Bronze Scales","Smiling Mask","Mark of Pain","Letter Opener","Red Mask","Anchor","Vajra"],"potions_floor_usage":[25],"damage_taken":[{"damage":1.0,"enemies":"Cultist","floor":1.0,"turns":4.0},{"damage":6.0,"enemies":"2 Louse","floor":3.0,"turns":2.0},{"damage":15.0,"enemies":"Small Slimes","floor":5.0,"turns":3.0},{"damage":23.0,"enemies":"3 Sentries","floor":6.0,"turns":6.0},{"damage":4.0,"enemies":"Exordium Thugs","floor":12.0,"turns":5.0},{"damage":60.0,"enemies":"Hexaghost","floor":16.0,"turns":7.0},{"damage":11.0,"enemies":"Spheric Guardian","floor":18.0,"turns":3.0},{"damage":10.0,"enemies":"Masked Bandits","floor":22.0,"turns":4.0},{"damage":10.0,"enemies":"Shell Parasite","floor":24.0,"turns":4.0},{"damage":21,"enemies":"Book of Stabbing","floor":25,"turns":5},{"damage":52,"enemies":"Gremlin Leader","floor":27,"turns":4}],"seed_played":"5018591673560005334","potions_obtained":[{"floor":3.0,"key":"AttackPotion"},{"floor":6.0,"key":"FearPotion"},{"floor":12.0,"key":"Strength Potion"},{"floor":24.0,"key":"Swift Potion"},{"floor":25,"key":"SpeedPotion"}],"is_trial":false,"path_per_floor":["M","?","M","$","M","E","R","?","T","R","?","M","R","T","R","B",null,"M","?","?","$","?","R","M","E","T","E"],"character_chosen":"IRONCLAD","items_purchased":["Flame Barrier","Pantograph","Searing Blow","Battle Trance"],"campfire_rested":0,"item_purchase_floors":[4,4,21,21],"current_hp_per_floor":[72,65,65,65,56,39,39,63,63,63,63,65,65,65,65,18,72,67,67,67,67,63,63,59,44,44,0],"gold":169,"neow_bonus":"TWO_FIFTY_GOLD","is_prod":false,"is_daily":false,"chose_seed":false,"campfire_upgraded":5,"win_rate":0,"timestamp":1558215158,"path_taken":["M","?","?","$","M","E","R","?","T","R","?","?","R","?","R","BOSS","M","?","?","$","?","R","?","E","T","E"],"build_version":"2019-01-23","purchased_purges":2,"victory":false,"max_hp_per_floor":[72,72,72,72,72,72,72,72,72,72,72,72,72,72,72,72,72,72,72,72,72,72,72,72,72,72,72],"card_choices":[{"not_picked":["Heavy Blade","Anger"],"picked":"Carnage","floor":1.0},{"not_picked":["Havoc","Flex"],"picked":"Cleave","floor":3.0},{"not_picked":["Sword Boomerang","Feel No Pain","Pommel Strike"],"picked":"SKIP","floor":5.0},{"not_picked":["Body Slam","Dropkick","Cleave"],"picked":"SKIP","floor":6.0},{"not_picked":["Hemokinesis","Seeing Red"],"picked":"Corruption","floor":12.0},{"not_picked":["Double Tap","Limit Break"],"picked":"Dark Embrace","floor":16.0},{"not_picked":["Thunderclap","Dropkick"],"picked":"Armaments","floor":18.0},{"not_picked":["Heavy Blade","Flex"],"picked":"Dual Wield","floor":24.0},{"not_picked":["Wild Strike","Pummel"],"picked":"Feed","floor":25}],"player_experience":228450,"relics_obtained":[{"floor":6.0,"key":"Boot"},{"floor":9.0,"key":"Bronze Scales"},{"floor":14.0,"key":"Smiling Mask"},{"floor":22.0,"key":"Red Mask"},{"floor":25,"key":"Anchor"},{"floor":26,"key":"Vajra"}],"event_choices":[{"damage_healed":0.0,"max_hp_gain":0.0,"max_hp_loss":0.0,"gold_gain":75.0,"event_name":"FaceTrader","player_choice":"Touch","floor":2.0,"gold_loss":0.0,"damage_taken":7.0},{"damage_healed":24.0,"max_hp_gain":0.0,"max_hp_loss":0.0,"gold_gain":0.0,"event_name":"Big Fish","player_choice":"Banana","floor":8.0,"gold_loss":0.0,"damage_taken":0.0},{"damage_healed":0.0,"max_hp_gain":0.0,"max_hp_loss":0.0,"gold_gain":0.0,"event_name":"Upgrade Shrine","player_choice":"Upgraded","floor":11.0,"gold_loss":0.0,"damage_taken":0.0,"cards_upgraded":["Flame Barrier"]},{"damage_healed":0.0,"max_hp_gain":0.0,"max_hp_loss":0.0,"gold_gain":0.0,"event_name":"Back to Basics","player_choice":"Simplicity","floor":19.0,"gold_loss":0.0,"damage_taken":0.0,"cards_upgraded":["Strike_R","Strike_R","Strike_R","Strike_R","Defend_R","Defend_R","Defend_R","Defend_R"]},{"damage_healed":0.0,"max_hp_gain":0.0,"max_hp_loss":0.0,"gold_gain":0.0,"event_name":"Addict","player_choice":"Stole Relic","floor":20.0,"gold_loss":0.0,"damage_taken":0.0,"relics_obtained":["Letter Opener"],"cards_obtained":["Shame"]},{"damage_healed":0.0,"max_hp_gain":0.0,"max_hp_loss":0.0,"gold_gain":0.0,"event_name":"Masked Bandits","player_choice":"Fought Bandits","floor":22.0,"gold_loss":0.0,"damage_taken":0.0}],"is_beta":false,"boss_relics":[{"not_picked":["Runic Cube","Velvet Choker"],"picked":"Mark of Pain"}],"items_purged_floors":[4,21],"is_endless":false,"potions_floor_spawned":[3,6,12,24,25],"killed_by":"Gremlin Leader","ascension_level":4}