{"gold_per_floor":[112,112,129,0,50,50,63,74,74,108,108],"floor_reached":11,"playtime":619,"items_purged":[],"score":146,"play_id":"77365a80-9abe-4734-851f-a37e28f4ebcd","local_time":"20190427203120","is_ascension_mode":true,"campfire_choices":[{"data":"Dagger Throw","floor":6,"key":"SMITH"}],"neow_cost":"NONE","seed_source_timestamp":87514140428900,"circlet_count":0,"master_deck":["AscendersBane","Defend_G","Defend_G","Defend_G","Defend_G","Defend_G","Strike_G","Strike_G","Strike_G","Strike_G","Strike_G","Survivor","Neutralize","Burst","Bane","Dagger Throw+1","Well Laid Plans","Dagger Spray","Infinite Blades","Skewer","Deflect"],"relics":["Ring of the Snake","PreservedInsect","Shuriken"],"potions_floor_usage":[8],"damage_taken":[{"damage":8,"enemies":"Small Slimes","floor":1,"turns":5},{"damage":13,"enemies":"Jaw Worm","floor":3,"turns":5},{"damage":1,"enemies":"Cultist","floor":7,"turns":5},{"damage":19,"enemies":"Large Slime","floor":8,"turns":7},{"damage":31,"enemies":"Gremlin Nob","floor":10,"turns":4},{"damage":8,"enemies":"Red Slaver","floor":11,"turns":3}],"seed_played":"4810746591593609890","potions_obtained":[{"floor":7,"key":"SpeedPotion"}],"is_trial":false,"path_per_floor":["M","?","M","$","?","R","M","M","T","E","M"],"character_chosen":"THE_SILENT","items_purchased":["Well Laid Plans","Dagger Spray"],"campfire_rested":0,"item_purchase_floors":[4,4],"current_hp_per_floor":[51,66,53,53,53,53,52,33,33,2,0],"gold":108,"neow_bonus":"ONE_RANDOM_RARE_CARD","is_prod":false,"is_daily":false,"chose_seed":false,"campfire_upgraded":1,"win_rate":0,"timestamp":1556422280,"path_taken":["M","?","M","$","?","R","M","M","T","E","M"],"build_version":"2019-01-23","purchased_purges":0,"victory":false,"max_hp_per_floor":[66,66,66,66,66,66,66,66,66,66,66],"card_choices":[{"not_picked":["Blade Dance","Tactician"],"picked":"Bane","floor":1},{"not_picked":["Cloak And Dagger","Dodge and Roll"],"picked":"Dagger Throw","floor":3},{"not_picked":["Dodge and Roll","Acrobatics"],"picked":"Infinite Blades","floor":7},{"not_picked":["Underhanded Strike","Slice"],"picked":"Skewer","floor":8},{"not_picked":["Quick Slash","All Out Attack"],"picked":"Deflect","floor":10}],"player_experience":1010349,"relics_obtained":[{"floor":9,"key":"PreservedInsect"},{"floor":10,"key":"Shuriken"}],"event_choices":[{"damage_healed":22,"gold_gain":0,"player_choice":"Banana","damage_taken":0,"max_hp_gain":0,"max_hp_loss":0,"event_name":"Big Fish","floor":2,"gold_loss":0},{"damage_healed":0,"gold_gain":50,"player_choice":"Pray","damage_taken":0,"max_hp_gain":0,"max_hp_loss":0,"event_name":"Golden Shrine","floor":5,"gold_loss":0}],"is_beta":false,"boss_relics":[],"items_purged_floors":[],"is_endless":false,"potions_floor_spawned":[7],"killed_by":"Red Slaver","ascension_level":20}