{"gold_per_floor":[110,35,0,18,30,30,60,60,84,111,111,152,12,37,37,37],"floor_reached":16,"playtime":1130,"items_purged":["Strike_G","Strike_G"],"score":236,"play_id":"500eaa7d-d797-4403-ad66-f7aaa0a92838","local_time":"20190517084837","is_ascension_mode":true,"campfire_choices":[{"data":"Neutralize","floor":6.0,"key":"SMITH"},{"data":"Blur","floor":8.0,"key":"SMITH"},{"data":"1","floor":15.0,"key":"LIFT"}],"neow_cost":"NONE","seed_source_timestamp":50284552483200,"circlet_count":0,"master_deck":["AscendersBane","Defend_G","Defend_G","Defend_G","Defend_G","Defend_G","Strike_G","Strike_G","Strike_G","Survivor","Neutralize+1","Quick Slash","Poisoned Stab","Deadly Poison","Blur+1","Corpse Explosion","Acrobatics","Skewer","Flying Knee"],"special_seed":0,"relics":["Ring of the Snake","Potion Belt","Oddly Smooth Stone","Happy Flower","Ginger","Golden Idol","Girya"],"potions_floor_usage":[],"damage_taken":[{"damage":17.0,"enemies":"Cultist","floor":1.0,"turns":7.0},{"damage":1.0,"enemies":"2 Louse","floor":4.0,"turns":3.0},{"damage":5.0,"enemies":"Jaw Worm","floor":5.0,"turns":6.0},{"damage":12.0,"enemies":"Lagavulin","floor":7.0,"turns":6.0},{"damage":1.0,"enemies":"Gremlin Nob","floor":10.0,"turns":4.0},{"damage":9.0,"enemies":"Lagavulin","floor":12.0,"turns":5.0},{"damage":0.0,"enemies":"Looter","floor":14.0,"turns":3.0},{"damage":32,"enemies":"Slime Boss","floor":16,"turns":12}],"seed_played":"-3031716367457293527","potions_obtained":[{"floor":5.0,"key":"AttackPotion"},{"floor":7.0,"key":"GhostInAJar"}],"is_trial":false,"path_per_floor":["M","$","?","M","M","R","E","R","T","E","?","E","$","M","R","B"],"character_chosen":"THE_SILENT","items_purchased":["Skewer"],"campfire_rested":0,"item_purchase_floors":[13],"current_hp_per_floor":[42,42,58,57,52,52,40,40,40,39,39,30,30,30,30,0],"gold":37,"neow_bonus":"RANDOM_COMMON_RELIC","is_prod":false,"is_daily":false,"chose_seed":false,"campfire_upgraded":2,"win_rate":0,"timestamp":1558108117,"path_taken":["M","$","?","M","M","R","E","R","T","E","?","E","?","M","R","BOSS"],"build_version":"2019-01-23","purchased_purges":2,"victory":false,"max_hp_per_floor":[66,66,66,66,66,66,66,66,66,66,60,60,60,60,60,60],"card_choices":[{"not_picked":["Prepared","Sucker Punch"],"picked":"Quick Slash","floor":1.0},{"not_picked":["Cloak And Dagger","Expertise"],"picked":"Poisoned Stab","floor":4.0},{"not_picked":["Slice","Sucker Punch"],"picked":"Deadly Poison","floor":5.0},{"not_picked":["Calculated Gamble","Crippling Poison"],"picked":"Blur","floor":7.0},{"not_picked":["Flechettes","Bouncing Flask"],"picked":"Corpse Explosion","floor":10.0},{"not_picked":["Blade Dance","Prepared"],"picked":"Acrobatics","floor":12.0},{"not_picked":["Underhanded Strike","Burst"],"picked":"Flying Knee","floor":14.0}],"player_experience":1332940,"relics_obtained":[{"floor":7.0,"key":"Oddly Smooth Stone"},{"floor":9.0,"key":"Happy Flower"},{"floor":10.0,"key":"Ginger"},{"floor":12.0,"key":"Girya"}],"event_choices":[{"damage_healed":16.0,"max_hp_gain":0.0,"max_hp_loss":0.0,"gold_gain":0.0,"event_name":"The Cleric","player_choice":"Healed","floor":3.0,"gold_loss":35.0,"damage_taken":0.0},{"damage_healed":0.0,"max_hp_gain":0.0,"max_hp_loss":6.0,"gold_gain":0.0,"event_name":"Golden Idol","player_choice":"Lose Max HP","floor":11.0,"gold_loss":0.0,"damage_taken":0.0,"relics_obtained":["Golden Idol"]}],"is_beta":false,"boss_relics":[],"items_purged_floors":[2,13],"is_endless":false,"potions_floor_spawned":[5,7],"killed_by":"Slime Boss","ascension_level":20}