{"gold_per_floor":[116,130,130,148,148,182,182,195,222,250,250,264,278,311,311,311],"floor_reached":16,"playtime":546,"items_purged":[],"score":244,"play_id":"7471df5b-a4b5-476c-ae7c-5a3916eeb0cb","local_time":"20190428231344","is_ascension_mode":true,"campfire_choices":[{"floor":7,"key":"REST"},{"floor":11,"key":"REST"},{"floor":15,"key":"REST"}],"neow_cost":"TEN_PERCENT_HP_LOSS","seed_source_timestamp":1210883126383325,"circlet_count":0,"master_deck":["AscendersBane","Defend_G","Defend_G+1","Defend_G+1","Defend_G+1","Strike_G","Strike_G","Strike_G","Strike_G","Survivor","Neutralize","Deadly Poison+1","Poisoned Stab+1","Infinite Blades","Backflip","Terror+1"],"relics":["Ring of the Snake","War Paint","Smiling Mask","Toxic Egg 2"],"potions_floor_usage":[6,16,16],"damage_taken":[{"damage":1,"enemies":"Small Slimes","floor":1,"turns":5},{"damage":6,"enemies":"2 Louse","floor":2,"turns":3},{"damage":0,"enemies":"Cultist","floor":4,"turns":3},{"damage":8,"enemies":"Gremlin Nob","floor":6,"turns":3},{"damage":1,"enemies":"Blue Slaver","floor":8,"turns":3},{"damage":25,"enemies":"3 Sentries","floor":10,"turns":11},{"damage":0,"enemies":"Looter","floor":12,"turns":3},{"damage":12,"enemies":"Exordium Thugs","floor":13,"turns":5},{"damage":6,"enemies":"Lagavulin","floor":14,"turns":5},{"damage":39,"enemies":"Slime Boss","floor":16,"turns":10}],"seed_played":"1742672555330169399","potions_obtained":[{"floor":2,"key":"Dexterity Potion"},{"floor":4,"key":"Fire Potion"},{"floor":6,"key":"SpeedPotion"},{"floor":12,"key":"FearPotion"}],"is_trial":false,"path_per_floor":["M","M","?","M","?","E","R","M","T","E","R","M","M","E","R","B"],"character_chosen":"THE_SILENT","items_purchased":[],"campfire_rested":3,"item_purchase_floors":[],"current_hp_per_floor":[58,52,34,34,34,26,44,43,43,18,36,36,24,18,36,0],"gold":311,"neow_bonus":"REMOVE_TWO","is_prod":false,"is_daily":false,"chose_seed":false,"campfire_upgraded":0,"win_rate":0,"timestamp":1556504024,"path_taken":["M","M","?","M","?","E","R","M","T","E","R","M","?","E","R","BOSS"],"build_version":"2019-01-23","purchased_purges":0,"victory":false,"max_hp_per_floor":[60,60,60,60,60,60,60,60,60,60,60,60,60,60,60,60],"card_choices":[{"not_picked":["Endless Agony","Terror"],"picked":"Deadly Poison","floor":1},{"not_picked":["Flechettes","Backflip","PiercingWail"],"picked":"SKIP","floor":2},{"not_picked":["Terror","Backflip"],"picked":"Poisoned Stab","floor":4},{"not_picked":["Outmaneuver","Slice","Escape Plan"],"picked":"SKIP","floor":6},{"not_picked":["Cloak And Dagger","Tactician","Setup"],"picked":"SKIP","floor":8},{"not_picked":["Reflex","Grand Finale"],"picked":"Infinite Blades","floor":10},{"not_picked":["Blade Dance","Distraction"],"picked":"Backflip","floor":12},{"not_picked":["Slice","Acrobatics","Sucker Punch"],"picked":"SKIP","floor":13},{"not_picked":["Skewer","Sucker Punch"],"picked":"Terror","floor":14}],"player_experience":2224821,"relics_obtained":[{"floor":6,"key":"War Paint"},{"floor":10,"key":"Smiling Mask"},{"floor":14,"key":"Toxic Egg 2"}],"event_choices":[{"damage_healed":0,"gold_gain":0,"player_choice":"Entered Light","damage_taken":18,"max_hp_gain":0,"max_hp_loss":0,"event_name":"Shining Light","floor":3,"gold_loss":0,"cards_upgraded":["Defend_G","Deadly Poison"]},{"damage_healed":0,"gold_gain":0,"player_choice":"Forge","damage_taken":0,"max_hp_gain":0,"max_hp_loss":0,"event_name":"Accursed Blacksmith","floor":5,"gold_loss":0,"cards_upgraded":["Poisoned Stab"]}],"is_beta":false,"boss_relics":[],"items_purged_floors":[],"is_endless":false,"potions_floor_spawned":[2,4,6,12,13],"killed_by":"Slime Boss","ascension_level":20}