{"gold_per_floor":[111,36,56,73,73,73,106,106,188,188,203,3,15,34,34,137,137,157,157,173,23,23],"floor_reached":22,"playtime":3610,"items_purged":["Strike_G","Strike_G","Strike_G"],"score":186,"play_id":"75802945-43d5-42cb-80b6-3feb8110f0e3","local_time":"20181119204648","is_ascension_mode":false,"campfire_choices":[{"data":"Choke","floor":6,"key":"SMITH"},{"data":"Secret Technique","floor":8,"key":"SMITH"},{"data":"Choke","floor":10,"key":"SMITH"},{"floor":15,"key":"REST"}],"neow_cost":"TEN_PERCENT_HP_LOSS","seed_source_timestamp":492284028441023,"circlet_count":0,"master_deck":["Defend_G","Defend_G","Defend_G","Defend_G","Defend_G","Strike_G","Strike_G","Survivor","Neutralize","Violence","Secret Technique+1","Prepared","Prepared","Choke+1","Choke+1","Accuracy","Metamorphosis","Infinite Blades","Cloak And Dagger","A Thousand Cuts","Deflect","Tactician","Well Laid Plans","Madness"],"relics":["Ring of the Snake","Smiling Mask","The Courier","Black Star"],"potions_floor_usage":[14,16],"damage_taken":[{"damage":1,"enemies":"Cultist","floor":1,"turns":4},{"damage":2,"enemies":"Jaw Worm","floor":3,"turns":4},{"damage":1,"enemies":"Small Slimes","floor":4,"turns":5},{"damage":23,"enemies":"Lagavulin","floor":7,"turns":7},{"damage":4,"enemies":"3 Louse","floor":11,"turns":4},{"damage":2,"enemies":"2 Fungi Beasts","floor":13,"turns":2},{"damage":1,"enemies":"Large Slime","floor":14,"turns":3},{"damage":24,"enemies":"Hexaghost","floor":16,"turns":8},{"damage":24,"enemies":"Chosen","floor":18,"turns":6},{"damage":26,"enemies":"2 Thieves","floor":20,"turns":5},{"damage":15,"enemies":"Cultist and Chosen","floor":22,"turns":4}],"seed_played":"-5634574720673996232","potions_obtained":[{"floor":4,"key":"SpeedPotion"},{"floor":11,"key":"SneckoOil"},{"floor":13,"key":"GhostInAJar"}],"is_trial":false,"path_per_floor":["M","$","M","M","$","R","E","R","T","R","M","$","M","M","R","B",null,"M","?","M","$","M"],"character_chosen":"THE_SILENT","items_purchased":["Metamorphosis","Well Laid Plans","Madness"],"campfire_rested":1,"item_purchase_floors":[12,21,21],"current_hp_per_floor":[62,62,60,59,59,59,36,36,36,36,32,32,30,29,47,23,63,39,39,13,13,0],"gold":23,"neow_bonus":"RANDOM_COLORLESS_2","is_prod":false,"is_daily":false,"chose_seed":false,"campfire_upgraded":3,"win_rate":0,"timestamp":1542682008,"path_taken":["M","$","M","M","$","R","E","R","T","R","?","$","M","M","R","BOSS","M","?","M","$","M"],"build_version":"2018-11-15","purchased_purges":3,"victory":false,"max_hp_per_floor":[63,63,63,63,63,63,63,63,63,63,63,63,63,63,63,63,63,63,63,63,63,63],"card_choices":[{"not_picked":["Slice","Terror"],"picked":"Prepared","floor":1},{"not_picked":["Bane","Backflip"],"picked":"Prepared","floor":3},{"not_picked":["Distraction","Quick Slash"],"picked":"Choke","floor":4},{"not_picked":["Dash","PiercingWail"],"picked":"Choke","floor":7},{"not_picked":["Dagger Spray","PiercingWail"],"picked":"Accuracy","floor":11},{"not_picked":["Poisoned Stab","Prepared"],"picked":"Infinite Blades","floor":13},{"not_picked":["Outmaneuver","Quick Slash"],"picked":"Cloak And Dagger","floor":14},{"not_picked":["Phantasmal Killer","Venomology"],"picked":"A Thousand Cuts","floor":16},{"not_picked":["Sucker Punch","Deadly Poison+1"],"picked":"Deflect","floor":18},{"not_picked":["Sucker Punch+1","Phantasmal Killer"],"picked":"Tactician","floor":20}],"player_experience":141573,"relics_obtained":[{"floor":7,"key":"Smiling Mask"},{"floor":9,"key":"The Courier"}],"event_choices":[{"damage_healed":0,"gold_gain":0,"player_choice":"Ignored","damage_taken":0,"max_hp_gain":0,"max_hp_loss":0,"event_name":"Transmorgrifier","floor":19,"gold_loss":0}],"is_beta":false,"boss_relics":[{"not_picked":["Tiny House","Ectoplasm"],"picked":"Black Star"}],"items_purged_floors":[2,12,21],"is_endless":false,"potions_floor_spawned":[4,11,13],"killed_by":"Cultist and Chosen","ascension_level":0}