{"gold_per_floor":[116,132,146,161,161,161,192,192,215,490,505,505,518,550,550,629,629,641,660,585,585,635,660,670,670,695,714,739,190,200,20,20,94,94,104,120,134,151,151,180,180,214,214,232,243,255,280,292,292,292,292,292,292,81,106,106],"floor_reached":56,"playtime":3651,"items_purged":["Strike_G","Strike_G"],"score":2036,"play_id":"4b85d11d-a1b6-401a-8915-164fa0aec864","local_time":"20190428022527","is_ascension_mode":true,"campfire_choices":[{"data":"Skewer","floor":6.0,"key":"SMITH"},{"data":"Crippling Poison","floor":8.0,"key":"SMITH"},{"floor":15.0,"key":"REST"},{"floor":25.0,"key":"REST"},{"data":"Footwork","floor":32,"key":"SMITH"},{"floor":49,"key":"RECALL"},{"data":"Wraith Form v2","floor":53,"key":"SMITH"}],"neow_cost":"TEN_PERCENT_HP_LOSS","seed_source_timestamp":1132848204965445,"circlet_count":0,"master_deck":["AscendersBane","Defend_G","Defend_G","Defend_G","Defend_G","Defend_G","Strike_G","Strike_G","Survivor","Neutralize+1","Cloak And Dagger","Skewer+1","Crippling Poison+1","Dash","Deadly Poison","Well Laid Plans","Die Die Die","Leg Sweep","Dodge and Roll","Crippling Poison","Blur+1","Footwork+1","Leg Sweep+1","Wraith Form v2+1","Blur+1","Deflect+1","Malaise+1","Parasite","Deadly Poison+1","Burst+1","PiercingWail+1","Dodge and Roll+1","Backflip+1","Leg Sweep+1","Noxious Fumes","Sucker Punch+1","Backflip+1"],"special_seed":0,"relics":["Ring of the Snake","Incense Burner","PreservedInsect","Omamori","Happy Flower","Velvet Choker","Bag of Preparation","Paper Crane","Art of War","Singing Bowl","Toxic Egg 2","Runic Pyramid","Potion Belt","Molten Egg 2","Ornamental Fan","Orichalcum"],"potions_floor_usage":[33,38,50,56,56,56,56],"damage_taken":[{"damage":0.0,"enemies":"Small Slimes","floor":1.0,"turns":4.0},{"damage":0.0,"enemies":"2 Louse","floor":2.0,"turns":2.0},{"damage":0.0,"enemies":"Cultist","floor":3.0,"turns":3.0},{"damage":1.0,"enemies":"2 Fungi Beasts","floor":4.0,"turns":4.0},{"damage":33.0,"enemies":"Lagavulin","floor":7.0,"turns":7.0},{"damage":2.0,"enemies":"Large Slime","floor":11.0,"turns":6.0},{"damage":2.0,"enemies":"3 Louse","floor":13.0,"turns":4.0},{"damage":19.0,"enemies":"3 Sentries","floor":14.0,"turns":7.0},{"damage":6.0,"enemies":"The Guardian","floor":16.0,"turns":9.0},{"damage":3.0,"enemies":"2 Thieves","floor":18.0,"turns":5.0},{"damage":0.0,"enemies":"Spheric Guardian","floor":19.0,"turns":4.0},{"damage":18.0,"enemies":"Slavers","floor":23.0,"turns":3.0},{"damage":5.0,"enemies":"Cultist and Chosen","floor":24.0,"turns":8.0},{"damage":0.0,"enemies":"3 Cultists","floor":27.0,"turns":5.0},{"damage":3.0,"enemies":"Gremlin Leader","floor":28.0,"turns":6.0},{"damage":0.0,"enemies":"Centurion and Healer","floor":30.0,"turns":6.0},{"damage":21,"enemies":"Champ","floor":33,"turns":20},{"damage":0,"enemies":"Orb Walker","floor":35,"turns":5},{"damage":0,"enemies":"3 Darklings","floor":36,"turns":7},{"damage":0,"enemies":"Maw","floor":37,"turns":13},{"damage":0,"enemies":"Writhing Mass","floor":38,"turns":12},{"damage":3,"enemies":"Nemesis","floor":40,"turns":9},{"damage":26,"enemies":"Reptomancer","floor":42,"turns":8},{"damage":6,"enemies":"Transient","floor":44,"turns":6},{"damage":0,"enemies":"3 Darklings","floor":45,"turns":6},{"damage":0,"enemies":"Maw","floor":46,"turns":13},{"damage":0,"enemies":"Nemesis","floor":47,"turns":13},{"damage":0,"enemies":"Spire Growth","floor":48,"turns":7},{"damage":4,"enemies":"Donu and Deca","floor":50,"turns":27},{"damage":2,"enemies":"Awakened One","floor":51,"turns":46},{"damage":1,"enemies":"Shield and Spear","floor":55,"turns":9},{"damage":112,"enemies":"The Heart","floor":56,"turns":20}],"seed_played":"-696293451929202515","potions_obtained":[{"floor":2.0,"key":"GhostInAJar"},{"floor":7.0,"key":"AttackPotion"},{"floor":14.0,"key":"GamblersBrew"},{"floor":16.0,"key":"Weak Potion"},{"floor":18.0,"key":"Poison Potion"},{"floor":33,"key":"Swift Potion"},{"floor":42,"key":"Dexterity Potion"},{"floor":47,"key":"Regen Potion"},{"floor":48,"key":"Poison Potion"}],"is_trial":false,"path_per_floor":["M","M","M","M","?","R","E","R","T","?","M","?","M","E","R","B",null,"M","M","?","?","?","E","M","R","T","M","E","$","M","$","R","B",null,"M","M","M","M","?","E","?","E","T","M","M","M","E","M","R","B","B",null,"R","$","E","B"],"character_chosen":"THE_SILENT","items_purchased":["Toxic Egg 2","Footwork","Leg Sweep+1","PowerPotion","GhostInAJar","Noxious Fumes","Sucker Punch+1","Ancient Potion"],"campfire_rested":2,"item_purchase_floors":[29,29,29,29,31,54,54,54],"current_hp_per_floor":[59,59,59,58,58,58,25,25,25,25,23,23,21,2,20,14,49,46,46,46,46,46,28,23,41,41,41,38,38,40,40,40,19,51,51,51,51,51,51,48,47,21,21,15,17,19,19,19,19,30,28,57,57,57,56,0],"gold":106,"neow_bonus":"ONE_RARE_RELIC","is_prod":false,"is_daily":false,"chose_seed":false,"campfire_upgraded":4,"win_rate":0,"timestamp":1556429127,"path_taken":["M","M","M","M","?","R","E","R","T","?","?","?","M","E","R","BOSS","M","M","?","?","?","E","M","R","T","M","E","$","M","$","R","BOSS","M","?","M","M","?","E","?","E","T","M","M","M","E","M","R","BOSS","BOSS","R","$","E","BOSS"],"build_version":"2019-01-23","purchased_purges":2,"victory":false,"max_hp_per_floor":[60,60,60,60,60,60,60,60,60,60,60,60,60,60,60,60,60,60,60,60,60,60,60,60,60,60,60,60,60,62,62,62,62,62,62,62,62,62,59,59,63,63,63,63,65,67,67,67,67,67,67,67,67,67,67,67],"card_choices":[{"not_picked":["Backflip","Outmaneuver"],"picked":"Cloak And Dagger","floor":1.0},{"not_picked":["Dodge and Roll","PiercingWail"],"picked":"Skewer","floor":2.0},{"not_picked":["Poisoned Stab","Expertise"],"picked":"Crippling Poison","floor":3.0},{"not_picked":["Dodge and Roll","Leg Sweep"],"picked":"Dash","floor":4.0},{"not_picked":["Finisher","Dash","Bouncing Flask"],"picked":"SKIP","floor":7.0},{"not_picked":["Outmaneuver","Underhanded Strike","Quick Slash"],"picked":"SKIP","floor":11.0},{"not_picked":["Underhanded Strike","PiercingWail"],"picked":"Deadly Poison","floor":13.0},{"not_picked":["PiercingWail","Deflect"],"picked":"Well Laid Plans","floor":14.0},{"not_picked":["Envenom","Storm of Steel"],"picked":"Die Die Die","floor":16.0},{"not_picked":["Acrobatics","Cloak And Dagger"],"picked":"Leg Sweep","floor":18.0},{"not_picked":["Accuracy","Deflect"],"picked":"Dodge and Roll","floor":19.0},{"not_picked":["Bane","Underhanded Strike","Flechettes"],"picked":"SKIP","floor":23.0},{"not_picked":["Infinite Blades","Deadly Poison","Eviscerate"],"picked":"SKIP","floor":24.0},{"not_picked":["Concentrate","Flying Knee"],"picked":"Crippling Poison","floor":27.0},{"not_picked":["Expertise","Outmaneuver"],"picked":"Blur+1","floor":28.0},{"not_picked":["Flechettes","Endless Agony","Choke"],"picked":"Singing Bowl","floor":30.0},{"not_picked":["Burst+1","Die Die Die"],"picked":"Wraith Form v2","floor":33},{"not_picked":["Blade Dance+1","Sucker Punch"],"picked":"Blur+1","floor":35},{"not_picked":["Flying Knee+1","Riddle With Holes"],"picked":"Deflect+1","floor":36},{"not_picked":["Blade Dance+1","Deflect+1"],"picked":"Malaise+1","floor":37},{"not_picked":["Blade Dance+1","Flechettes"],"picked":"Deadly Poison+1","floor":38},{"not_picked":["Choke","Outmaneuver+1"],"picked":"Burst+1","floor":40},{"not_picked":["Mind Blast","Violence+1","Thinking Ahead+1"],"picked":"Singing Bowl","floor":41},{"not_picked":["Purity+1","Jack Of All Trades+1","Transmutation+1"],"picked":"Singing Bowl","floor":41},{"not_picked":["Dodge and Roll+1","Setup+1"],"picked":"PiercingWail+1","floor":42},{"not_picked":["Deadly Poison+1","Skewer+1"],"picked":"Dodge and Roll+1","floor":44},{"not_picked":["All Out Attack+1","Bane+1","Blade Dance+1"],"picked":"Singing Bowl","floor":45},{"not_picked":["Poisoned Stab+1","Dagger Spray+1","Distraction+1"],"picked":"Singing Bowl","floor":46},{"not_picked":["Underhanded Strike+1","Infinite Blades+1"],"picked":"Backflip+1","floor":47},{"not_picked":["Escape Plan+1","Calculated Gamble+1"],"picked":"Leg Sweep+1","floor":48},{"not_picked":["Acrobatics+1","Venomology+1"],"picked":"Backflip+1","floor":55}],"player_experience":2218068,"relics_obtained":[{"floor":7.0,"key":"PreservedInsect"},{"floor":9.0,"key":"Omamori"},{"floor":14.0,"key":"Happy Flower"},{"floor":23.0,"key":"Paper Crane"},{"floor":26.0,"key":"Art of War"},{"floor":28.0,"key":"Singing Bowl"},{"floor":40,"key":"Potion Belt"},{"floor":42,"key":"Molten Egg 2"},{"floor":47,"key":"Ornamental Fan"},{"floor":55,"key":"Orichalcum"}],"event_choices":[{"damage_healed":0.0,"max_hp_gain":0.0,"max_hp_loss":0.0,"gold_gain":0.0,"event_name":"Liars Game","player_choice":"Ignored","floor":5.0,"gold_loss":0.0,"damage_taken":0.0},{"damage_healed":0.0,"max_hp_gain":0.0,"max_hp_loss":0.0,"gold_gain":275.0,"event_name":"Golden Shrine","player_choice":"Desecrate","floor":10.0,"gold_loss":0.0,"damage_taken":0.0,"cards_obtained":["Regret"]},{"damage_healed":0.0,"max_hp_gain":0.0,"max_hp_loss":0.0,"gold_gain":0.0,"event_name":"Living Wall","player_choice":"Grow","floor":12.0,"gold_loss":0.0,"damage_taken":0.0,"cards_upgraded":["Neutralize"]},{"cards_removed":["Strike_G"],"damage_healed":0.0,"max_hp_gain":0.0,"max_hp_loss":0.0,"gold_gain":0.0,"event_name":"Beggar","player_choice":"Gave Gold","floor":20.0,"gold_loss":75.0,"damage_taken":0.0},{"damage_healed":0.0,"max_hp_gain":0.0,"max_hp_loss":0.0,"gold_gain":0.0,"event_name":"The Mausoleum","player_choice":"Opened","floor":21.0,"gold_loss":0.0,"damage_taken":0.0,"relics_obtained":["Bag of Preparation"],"cards_obtained":["Writhe"]},{"damage_healed":0.0,"max_hp_gain":0.0,"max_hp_loss":0.0,"gold_gain":100.0,"event_name":"The Joust","player_choice":"Bet on Murderer","floor":22.0,"gold_loss":50.0,"damage_taken":0.0},{"damage_healed":0,"gold_gain":0,"player_choice":"Max HP","damage_taken":0,"max_hp_gain":0,"max_hp_loss":3,"event_name":"Winding Halls","floor":39,"gold_loss":0},{"damage_healed":0,"gold_gain":0,"player_choice":"Memory 2","damage_taken":5,"max_hp_gain":0,"max_hp_loss":0,"event_name":"SensoryStone","floor":41,"gold_loss":0}],"is_beta":false,"boss_relics":[{"not_picked":["White Beast Statue","Ectoplasm"],"picked":"Velvet Choker"},{"not_picked":["Runic Dome","Snecko Eye"],"picked":"Runic Pyramid"}],"items_purged_floors":[29,31],"is_endless":false,"potions_floor_spawned":[2,7,11,14,16,18,19,33,37,42,47,48,55],"killed_by":"The Heart","ascension_level":20}