{"gold_per_floor":[114,126,140,159,159,159,188,188,188,216,216,236,264,274,274,353,353,368,383,383,383,276,276,276],"floor_reached":24,"playtime":873,"items_purged":[],"score":412,"play_id":"a621783a-880e-4e4d-925d-e82a17c2cf80","local_time":"20190418165801","is_ascension_mode":true,"campfire_choices":[{"data":"Finisher","floor":6,"key":"SMITH"},{"floor":11,"key":"REST"},{"floor":15,"key":"REST"},{"data":"Phantasmal Killer","floor":23,"key":"SMITH"}],"neow_cost":"NONE","seed_source_timestamp":324047475480660,"circlet_count":0,"master_deck":["AscendersBane","Defend_G","Defend_G","Defend_G","Defend_G","Defend_G","Strike_G","Strike_G+1","Strike_G+1","Strike_G+1","Strike_G+1","Survivor","Neutralize+1","Well Laid Plans","Finisher+1","Flying Knee","Crippling Poison","Dagger Spray","Escape Plan","Slice","Backstab","Phantasmal Killer+1","Blade Dance","Cloak And Dagger+1","Footwork","Cloak And Dagger","Backstab"],"relics":["Ring of the Snake","Whetstone","Letter Opener","Odd Mushroom","Thread and Needle","Sozu"],"potions_floor_usage":[7,13,13],"damage_taken":[{"damage":0,"enemies":"Small Slimes","floor":1,"turns":4},{"damage":0,"enemies":"Jaw Worm","floor":2,"turns":4},{"damage":1,"enemies":"2 Louse","floor":3,"turns":4},{"damage":0,"enemies":"Blue Slaver","floor":4,"turns":4},{"damage":17,"enemies":"3 Sentries","floor":7,"turns":7},{"damage":5,"enemies":"The Mushroom Lair","floor":10,"turns":4},{"damage":6,"enemies":"Large Slime","floor":12,"turns":7},{"damage":12,"enemies":"Lagavulin","floor":13,"turns":5},{"damage":0,"enemies":"Looter","floor":14,"turns":3},{"damage":20,"enemies":"Slime Boss","floor":16,"turns":8},{"damage":17,"enemies":"Spheric Guardian","floor":18,"turns":4},{"damage":7,"enemies":"2 Thieves","floor":19,"turns":4},{"damage":43,"enemies":"Gremlin Leader","floor":24,"turns":6}],"seed_played":"-3337539024507128052","potions_obtained":[{"floor":2,"key":"Swift Potion"},{"floor":7,"key":"SpeedPotion"},{"floor":10,"key":"Swift Potion"},{"floor":12,"key":"Energy Potion"}],"is_trial":false,"path_per_floor":["M","M","M","M","?","R","E","?","T","?","R","M","E","M","R","B",null,"M","M","?","?","$","R","E"],"character_chosen":"THE_SILENT","items_purchased":["Cloak And Dagger","Backstab"],"campfire_rested":2,"item_purchase_floors":[22,22],"current_hp_per_floor":[59,59,58,58,38,38,21,21,21,16,35,29,17,17,36,16,54,37,30,30,30,30,30,0],"gold":276,"neow_bonus":"UPGRADE_CARD","is_prod":false,"is_daily":false,"chose_seed":false,"campfire_upgraded":2,"win_rate":0,"timestamp":1555617481,"path_taken":["M","M","M","M","?","R","E","?","T","?","R","M","E","M","R","BOSS","M","M","?","?","$","R","E"],"build_version":"2019-01-23","purchased_purges":0,"victory":false,"max_hp_per_floor":[66,66,66,66,66,66,66,66,66,66,66,66,66,66,66,66,66,66,66,66,66,66,66,66],"card_choices":[{"not_picked":["Deadly Poison","Cloak And Dagger"],"picked":"Well Laid Plans","floor":1},{"not_picked":["Masterful Stab","Dodge and Roll","Tactician"],"picked":"SKIP","floor":2},{"not_picked":["Masterful Stab","Dodge and Roll","Tactician"],"picked":"SKIP","floor":2},{"not_picked":["Heel Hook","Backflip"],"picked":"Finisher","floor":3},{"not_picked":["Reflex","PiercingWail"],"picked":"Flying Knee","floor":4},{"not_picked":["Flying Knee","Dagger Throw"],"picked":"Crippling Poison","floor":7},{"not_picked":["Reflex","Dodge and Roll"],"picked":"Dagger Spray","floor":10},{"not_picked":["Reflex","Sucker Punch"],"picked":"Escape Plan","floor":12},{"not_picked":["Setup","Dagger Throw"],"picked":"Slice","floor":13},{"not_picked":["Deadly Poison","Reflex"],"picked":"Backstab","floor":14},{"not_picked":["Tools of the Trade","Unload"],"picked":"Phantasmal Killer","floor":16},{"not_picked":["Blade Dance","Flechettes","Eviscerate"],"picked":"SKIP","floor":18},{"not_picked":["Flechettes","Eviscerate"],"picked":"Blade Dance","floor":18},{"not_picked":["Underhanded Strike","Infinite Blades"],"picked":"Cloak And Dagger+1","floor":19}],"player_experience":2146835,"relics_obtained":[{"floor":7,"key":"Whetstone"},{"floor":9,"key":"Letter Opener"},{"floor":10,"key":"Odd Mushroom"},{"floor":13,"key":"Thread and Needle"}],"event_choices":[{"damage_healed":0,"gold_gain":0,"player_choice":"Entered Light","damage_taken":20,"max_hp_gain":0,"max_hp_loss":0,"event_name":"Shining Light","floor":5,"gold_loss":0,"cards_upgraded":["Strike_G","Strike_G"]},{"damage_healed":0,"gold_gain":0,"player_choice":"Fled","damage_taken":0,"max_hp_gain":0,"max_hp_loss":0,"event_name":"Scrap Ooze","floor":8,"gold_loss":0},{"damage_healed":0,"gold_gain":0,"player_choice":"Fought Mushrooms","damage_taken":0,"max_hp_gain":0,"max_hp_loss":0,"event_name":"Mushrooms","floor":10,"gold_loss":0},{"damage_healed":0,"gold_gain":0,"player_choice":"Read","damage_taken":0,"max_hp_gain":0,"max_hp_loss":0,"event_name":"The Library","floor":20,"gold_loss":0,"cards_obtained":["Footwork"]},{"damage_healed":0,"gold_gain":0,"player_choice":"Ignored","damage_taken":0,"max_hp_gain":0,"max_hp_loss":0,"event_name":"Ghosts","floor":21,"gold_loss":0}],"is_beta":false,"boss_relics":[{"not_picked":["Eternal Feather","White Beast Statue"],"picked":"Sozu"}],"items_purged_floors":[],"is_endless":false,"potions_floor_spawned":[2,7,10,12,18],"killed_by":"Gremlin Leader","ascension_level":20}