{"gold_per_floor":[116,128,278,31,31,59,59,94,94,123,134,134,0,0,0,71,71,89,101,101,12,32,32,32,49,118,118,145,145],"floor_reached":29,"playtime":2166,"items_purged":["Doubt"],"score":528,"play_id":"7a90d123-5d73-4faf-b2d2-c93f0a0cd217","local_time":"20190518120610","is_ascension_mode":true,"campfire_choices":[{"data":"Dagger Spray","floor":12.0,"key":"SMITH"},{"data":"Quick Slash","floor":15.0,"key":"SMITH"},{"data":"Night Terror","floor":24,"key":"SMITH"},{"data":"Well Laid Plans","floor":27,"key":"SMITH"}],"neow_cost":"NONE","seed_source_timestamp":147402459644900,"circlet_count":0,"master_deck":["AscendersBane","Defend_G","Defend_G","Defend_G","Defend_G","Defend_G","Strike_G","Strike_G","Strike_G","Strike_G","Survivor","Neutralize+1","Quick Slash+1","Dagger Spray+1","Flying Knee","Poisoned Stab","PiercingWail","Quick Slash","Well Laid Plans+1","Night Terror+1","Blur","After Image","Neutralize","Bouncing Flask","Adrenaline","Leg Sweep","Bane"],"special_seed":0,"relics":["Ring of the Snake","NeowsBlessing","PreservedInsect","Peace Pipe","Bronze Scales","Singing Bowl","Vajra","Velvet Choker","Frozen Egg 2","Boot"],"potions_floor_usage":[16,25],"damage_taken":[{"damage":0.0,"enemies":"Cultist","floor":1.0,"turns":1.0},{"damage":0.0,"enemies":"Jaw Worm","floor":2.0,"turns":1.0},{"damage":0.0,"enemies":"Lagavulin","floor":6.0,"turns":1.0},{"damage":19.0,"enemies":"Gremlin Nob","floor":8.0,"turns":4.0},{"damage":2.0,"enemies":"3 Sentries","floor":10.0,"turns":5.0},{"damage":0.0,"enemies":"2 Louse","floor":11.0,"turns":2.0},{"damage":27,"enemies":"Slime Boss","floor":16,"turns":7},{"damage":18,"enemies":"Shell Parasite","floor":18,"turns":5},{"damage":12,"enemies":"2 Thieves","floor":19,"turns":5},{"damage":12,"enemies":"Centurion and Healer","floor":22,"turns":6},{"damage":0,"enemies":"Snake Plant","floor":25,"turns":5},{"damage":30,"enemies":"Shelled Parasite and Fungi","floor":29,"turns":4}],"seed_played":"196730135675925284","potions_obtained":[{"floor":2.0,"key":"Weak Potion"},{"floor":6.0,"key":"Energy Potion"},{"floor":8.0,"key":"Energy Potion"},{"floor":22,"key":"Regen Potion"}],"is_trial":false,"path_per_floor":["M","M","?","$","?","E","$","E","T","E","M","R","$","?","R","B",null,"M","M","?","$","M","?","R","M","T","R","T","M"],"character_chosen":"THE_SILENT","items_purchased":["PreservedInsect","Well Laid Plans","FearPotion","Bouncing Flask"],"campfire_rested":0,"item_purchase_floors":[4,13,13,21],"current_hp_per_floor":[59,59,59,59,59,59,59,40,40,38,38,38,38,33,33,6,51,33,23,23,23,11,11,11,25,25,25,25,0],"gold":145,"neow_bonus":"THREE_ENEMY_KILL","is_prod":false,"is_daily":false,"chose_seed":false,"campfire_upgraded":4,"win_rate":0,"timestamp":1558206370,"path_taken":["M","M","?","$","?","E","?","E","T","E","?","R","$","?","R","BOSS","M","M","?","$","?","?","R","?","T","R","?","M"],"build_version":"2019-01-23","purchased_purges":1,"victory":false,"max_hp_per_floor":[66,66,66,66,66,66,66,66,66,66,66,66,66,66,66,66,66,66,68,68,68,68,68,68,68,68,68,68,68],"card_choices":[{"not_picked":["PiercingWail","Riddle With Holes"],"picked":"Quick Slash","floor":1.0},{"not_picked":["Slice","Bane"],"picked":"Dagger Spray","floor":2.0},{"not_picked":["After Image","Bullet Time"],"picked":"Flying Knee","floor":6.0},{"not_picked":["Underhanded Strike","Night Terror"],"picked":"Poisoned Stab","floor":8.0},{"not_picked":["Deflect","Dodge and Roll"],"picked":"PiercingWail","floor":10.0},{"not_picked":["Backstab","Deadly Poison"],"picked":"Quick Slash","floor":11.0},{"not_picked":["Tools of the Trade","Die Die Die"],"picked":"Night Terror","floor":16},{"not_picked":["Quick Slash","Cloak And Dagger"],"picked":"Blur","floor":18},{"not_picked":["Blade Dance","Sucker Punch","Underhanded Strike"],"picked":"Singing Bowl","floor":19},{"not_picked":["Acrobatics","Bane"],"picked":"Adrenaline","floor":22},{"not_picked":["Poisoned Stab","Outmaneuver"],"picked":"Bane","floor":25}],"player_experience":1368420,"relics_obtained":[{"floor":6.0,"key":"Peace Pipe"},{"floor":8.0,"key":"Bronze Scales"},{"floor":9.0,"key":"Singing Bowl"},{"floor":10.0,"key":"Vajra"},{"floor":26,"key":"Frozen Egg 2"},{"floor":28,"key":"Boot"}],"event_choices":[{"damage_healed":0.0,"max_hp_gain":0.0,"max_hp_loss":0.0,"gold_gain":150.0,"event_name":"Liars Game","player_choice":"AGREE","floor":3.0,"gold_loss":0.0,"damage_taken":0.0,"cards_obtained":["Doubt"]},{"damage_healed":0.0,"max_hp_gain":0.0,"max_hp_loss":0.0,"gold_gain":0.0,"event_name":"Living Wall","player_choice":"Grow","floor":5.0,"gold_loss":0.0,"damage_taken":0.0,"cards_upgraded":["Neutralize"]},{"damage_healed":0.0,"max_hp_gain":0.0,"max_hp_loss":0.0,"gold_gain":0.0,"event_name":"Scrap Ooze","player_choice":"Fled","floor":14.0,"gold_loss":0.0,"damage_taken":5.0},{"damage_healed":0,"gold_gain":0,"player_choice":"2 cards matched","damage_taken":0,"max_hp_gain":0,"max_hp_loss":0,"event_name":"Match and Keep!","floor":20,"gold_loss":0,"cards_obtained":["After Image","Neutralize"]},{"damage_healed":0,"gold_gain":0,"player_choice":"2 cards matched","damage_taken":0,"max_hp_gain":0,"max_hp_loss":0,"event_name":"Match and Keep!","floor":20,"gold_loss":0,"cards_obtained":["After Image","Neutralize"]},{"damage_healed":0,"gold_gain":0,"cards_transformed":["Strike_G"],"player_choice":"Transformed","damage_taken":0,"max_hp_gain":0,"max_hp_loss":0,"event_name":"Transmorgrifier","floor":23,"gold_loss":0,"cards_obtained":["Leg Sweep"]}],"is_beta":false,"boss_relics":[{"not_picked":["Ectoplasm","Eternal Feather"],"picked":"Velvet Choker"}],"items_purged_floors":[4],"is_endless":false,"potions_floor_spawned":[2,6,8,22],"killed_by":"Shelled Parasite and Fungi","ascension_level":20}