{"gold_per_floor":[114,124,124,49,49,87,87,127,127,127],"floor_reached":10,"playtime":446,"items_purged":[],"score":198,"play_id":"9adc3cfc-12b1-434a-9e94-47be174a4fe4","local_time":"20190504222135","is_ascension_mode":true,"campfire_choices":[{"data":"Concentrate","floor":7,"key":"SMITH"}],"neow_cost":"NONE","seed_source_timestamp":42439195190300,"circlet_count":0,"master_deck":["AscendersBane","Defend_G","Defend_G","Defend_G+1","Defend_G","Defend_G+1","Strike_G","Strike_G","Strike_G","Strike_G","Survivor","Neutralize","Footwork","Dagger Throw","Concentrate+1","Deadly Poison"],"relics":["Ring of the Snake","NeowsBlessing","Golden Idol","Tough Bandages","War Paint","The Courier"],"potions_floor_usage":[8],"damage_taken":[{"damage":0,"enemies":"Jaw Worm","floor":1,"turns":1},{"damage":0,"enemies":"Small Slimes","floor":2,"turns":1},{"damage":0,"enemies":"Lagavulin","floor":6,"turns":1},{"damage":41,"enemies":"3 Sentries","floor":8,"turns":15},{"damage":21,"enemies":"Gremlin Nob","floor":10,"turns":3}],"seed_played":"6640123719917470882","potions_obtained":[{"floor":1,"key":"Explosive Potion"}],"is_trial":false,"path_per_floor":["M","M","?","?","$","E","R","E","T","E"],"character_chosen":"THE_SILENT","items_purchased":[],"campfire_rested":0,"item_purchase_floors":[],"current_hp_per_floor":[59,59,59,59,59,59,59,18,18,0],"gold":127,"neow_bonus":"THREE_ENEMY_KILL","is_prod":false,"is_daily":false,"chose_seed":false,"campfire_upgraded":1,"win_rate":0,"timestamp":1557033695,"path_taken":["M","M","?","?","$","E","R","E","T","E"],"build_version":"2019-01-23","purchased_purges":0,"victory":false,"max_hp_per_floor":[66,66,60,60,60,60,60,60,60,60],"card_choices":[{"not_picked":["Crippling Poison","Masterful Stab"],"picked":"Footwork","floor":1},{"not_picked":["Acrobatics","Deflect"],"picked":"Dagger Throw","floor":2},{"not_picked":["Prepared","Dagger Throw"],"picked":"Concentrate","floor":6},{"not_picked":["Poisoned Stab","Dagger Throw"],"picked":"Deadly Poison","floor":8}],"player_experience":1147299,"relics_obtained":[{"floor":6,"key":"Tough Bandages"},{"floor":8,"key":"War Paint"},{"floor":9,"key":"The Courier"}],"event_choices":[{"damage_healed":0,"gold_gain":0,"player_choice":"Lose Max HP","damage_taken":0,"relics_obtained":["Golden Idol"],"max_hp_gain":0,"max_hp_loss":6,"event_name":"Golden Idol","floor":3,"gold_loss":0},{"cards_removed":["Strike_G"],"damage_healed":0,"gold_gain":0,"player_choice":"Card Removal","damage_taken":0,"max_hp_gain":0,"max_hp_loss":0,"event_name":"The Cleric","floor":4,"gold_loss":75}],"is_beta":false,"boss_relics":[],"items_purged_floors":[],"is_endless":false,"potions_floor_spawned":[1],"killed_by":"Gremlin Nob","ascension_level":20}