{"gold_per_floor":[115,89,89,157,207,233,249,279,330,330,356,406,450,500,500,593,593,611,661,40,90,109,109,159,159,159,235,252,227,277,290,290,366,366,378,1427,1477,1487,375,408,408,440,464,514,100,372,402,421,421,421,421],"floor_reached":51,"playtime":14983,"items_purged":["Masterful Stab+1","Normality"],"score":1610,"play_id":"73e02cbd-6bf2-40f0-ae0e-c2de946109bc","local_time":"20190505134627","is_ascension_mode":true,"campfire_choices":[{"floor":10.0,"key":"REST"},{"floor":15.0,"key":"REST"},{"data":"Dodge and Roll","floor":23.0,"key":"SMITH"},{"data":"Leg Sweep","floor":25.0,"key":"SMITH"},{"data":"Catalyst","floor":32.0,"key":"SMITH"},{"floor":41.0,"key":"REST"},{"data":"Noxious Fumes","floor":49.0,"key":"SMITH"}],"neow_cost":"NONE","seed_source_timestamp":3593918031200,"circlet_count":0,"master_deck":["AscendersBane","Survivor","Neutralize","Dagger Throw","Deadly Poison","Noxious Fumes+1","Flying Knee+1","Finisher+1","Calculated Gamble","Deflect","Noxious Fumes+1","Neutralize+1","Glass Knife+1","Blade Dance","Corpse Explosion","Skewer+1","Quick Slash+1","Dagger Spray+1","Poisoned Stab+1","Deflect","Riddle With Holes+1","Footwork+1","Leg Sweep+1","Dodge and Roll+1","Cloak And Dagger+1","Backflip","PiercingWail","Distraction","Catalyst+1","Leg Sweep+1","Crippling Poison","Trip","Terror","Well Laid Plans+1","Madness","Madness","Poisoned Stab+1"],"special_seed":0,"relics":["Ring of the Serpent","NeowsBlessing","SsserpentHead","Molten Egg 2","Pen Nib","Ancient Tea Set","Omamori","Bloody Idol","Frozen Egg 2","Pandora\u0027s Box","Calipers","Juzu Bracelet","Red Mask","Mummified Hand","Strange Spoon","Bag of Preparation","Bag of Marbles","Anchor","Blood Vial","Dead Branch","Snake Skull"],"potions_floor_usage":[],"damage_taken":[{"damage":0.0,"enemies":"Small Slimes","floor":1.0,"turns":1.0},{"damage":0.0,"enemies":"Cultist","floor":4.0,"turns":1.0},{"damage":0.0,"enemies":"Lagavulin","floor":6.0,"turns":1.0},{"damage":0.0,"enemies":"2 Louse","floor":7.0,"turns":2.0},{"damage":29.0,"enemies":"3 Sentries","floor":8.0,"turns":9.0},{"damage":12.0,"enemies":"Gremlin Nob","floor":11.0,"turns":4.0},{"damage":26.0,"enemies":"Lagavulin","floor":13.0,"turns":8.0},{"damage":3.0,"enemies":"Hexaghost","floor":16.0,"turns":9.0},{"damage":13.0,"enemies":"Shell Parasite","floor":18.0,"turns":2.0},{"damage":11.0,"enemies":"Chosen","floor":22.0,"turns":6.0},{"damage":0.0,"enemies":"Masked Bandits","floor":27.0,"turns":1.0},{"damage":22.0,"enemies":"Snake Plant","floor":28.0,"turns":5.0},{"damage":10.0,"enemies":"3 Cultists","floor":31.0,"turns":4.0},{"damage":38.0,"enemies":"Champ","floor":33.0,"turns":12.0},{"damage":30.0,"enemies":"3 Darklings","floor":35.0,"turns":5.0},{"damage":7.0,"enemies":"3 Shapes","floor":38.0,"turns":3.0},{"damage":20.0,"enemies":"Nemesis","floor":40.0,"turns":9.0},{"damage":12.0,"enemies":"Giant Head","floor":42.0,"turns":5.0},{"damage":10.0,"enemies":"Reptomancer","floor":47.0,"turns":5.0},{"damage":3.0,"enemies":"Jaw Worm Horde","floor":48.0,"turns":3.0},{"damage":58.0,"enemies":"Awakened One","floor":50.0,"turns":13.0},{"damage":16,"enemies":"Time Eater","floor":51,"turns":3}],"seed_played":"7891715134232435807","potions_obtained":[{"floor":4.0,"key":"Energy Potion"},{"floor":8.0,"key":"GhostInAJar"},{"floor":11.0,"key":"Fruit Juice"},{"floor":28.0,"key":"SkillPotion"},{"floor":31.0,"key":"SteroidPotion"},{"floor":40.0,"key":"Swift Potion"},{"floor":47.0,"key":"Weak Potion"}],"is_trial":false,"path_per_floor":["M","$","?","M","?","E","M","E","T","R","E","?","E","?","R","B",null,"M","?","$","?","M","R","?","R","T","?","M","?","?","M","R","B",null,"M","?","?","M","$","E","R","E","T","?","$","?","E","M","R","B","B"],"character_chosen":"THE_SILENT","items_purchased":["Deadly Poison","Calipers","Footwork+1","Leg Sweep","Dodge and Roll","Mummified Hand","Strange Spoon","Bag of Preparation","Crippling Poison","Trip","Weak Potion","Strength Potion","Terror","Dead Branch","GhostInAJar"],"campfire_rested":3,"item_purchase_floors":[2,20,20,20,20,39,39,39,39,39,39,39,39,45,45],"current_hp_per_floor":[59,59,59,59,64,64,64,35,35,56,44,44,23,23,45,42,68,55,55,55,60,54,54,59,59,59,69,52,57,62,57,57,24,63,38,48,53,51,51,36,58,51,56,47,47,57,54,58,58,2,0],"gold":421,"neow_bonus":"THREE_ENEMY_KILL","is_prod":false,"is_daily":false,"chose_seed":false,"campfire_upgraded":4,"win_rate":0,"timestamp":1557089187,"path_taken":["M","$","?","?","?","E","M","E","T","R","E","?","E","?","R","BOSS","M","?","$","?","M","R","?","R","T","?","M","?","?","M","R","BOSS","M","?","?","M","$","E","R","E","T","?","$","?","E","M","R","BOSS","BOSS"],"build_version":"2019-01-23","purchased_purges":2,"victory":false,"max_hp_per_floor":[66,66,66,66,71,71,71,71,71,71,71,71,76,76,76,76,76,76,76,76,76,76,76,76,76,76,76,76,76,76,76,76,76,76,76,76,76,76,76,76,76,76,76,76,76,76,76,76,76,76,76],"card_choices":[{"not_picked":["Cloak And Dagger","Heel Hook"],"picked":"Dagger Throw","floor":1.0},{"not_picked":["Riddle With Holes","Outmaneuver"],"picked":"Skewer","floor":4.0},{"not_picked":["Underhanded Strike","Backflip"],"picked":"Noxious Fumes","floor":6.0},{"not_picked":["Dagger Throw+1","Blur"],"picked":"Flying Knee+1","floor":7.0},{"not_picked":["Dagger Throw+1","Blur"],"picked":"Finisher+1","floor":8.0},{"not_picked":["Blade Dance","Deflect"],"picked":"Calculated Gamble","floor":11.0},{"not_picked":["Dodge and Roll","Acrobatics"],"picked":"Deflect","floor":13.0},{"not_picked":["Unload+1","Doppelganger"],"picked":"Glass Knife+1","floor":16.0},{"not_picked":["Blade Dance","Sucker Punch+1","Masterful Stab+1"],"picked":"SKIP","floor":18.0},{"not_picked":["Underhanded Strike+1","Acrobatics"],"picked":"Cloak And Dagger+1","floor":22.0},{"not_picked":["Flying Knee+1","Underhanded Strike+1"],"picked":"Backflip","floor":27.0},{"not_picked":["Underhanded Strike+1","Dash+1"],"picked":"PiercingWail","floor":28.0},{"not_picked":["Finisher+1","Deflect"],"picked":"Catalyst","floor":31.0},{"not_picked":["Deflect","Sucker Punch+1","Finisher+1"],"picked":"SKIP","floor":35.0},{"not_picked":["Blade Dance+1","Flying Knee+1"],"picked":"Leg Sweep+1","floor":38.0},{"not_picked":["Bullet Time","Leg Sweep+1"],"picked":"Well Laid Plans+1","floor":40.0},{"not_picked":["Deadly Poison","Dagger Throw+1","Bane+1"],"picked":"SKIP","floor":42.0},{"not_picked":["Setup","Concentrate"],"picked":"Poisoned Stab+1","floor":47.0},{"not_picked":["Sucker Punch+1","Flying Knee+1","Prepared"],"picked":"SKIP","floor":48.0}],"player_experience":1156617,"relics_obtained":[{"floor":6.0,"key":"Molten Egg 2"},{"floor":8.0,"key":"Pen Nib"},{"floor":9.0,"key":"Ancient Tea Set"},{"floor":11.0,"key":"Omamori"},{"floor":13.0,"key":"Frozen Egg 2"},{"floor":26.0,"key":"Juzu Bracelet"},{"floor":27.0,"key":"Red Mask"},{"floor":40.0,"key":"Bag of Marbles"},{"floor":42.0,"key":"Anchor"},{"floor":43.0,"key":"Blood Vial"},{"floor":47.0,"key":"Snake Skull"}],"event_choices":[{"damage_healed":0.0,"max_hp_gain":0.0,"max_hp_loss":0.0,"gold_gain":0.0,"event_name":"FaceTrader","player_choice":"Trade","floor":3.0,"gold_loss":0.0,"damage_taken":0.0,"relics_obtained":["SsserpentHead"]},{"damage_healed":0.0,"max_hp_gain":5.0,"max_hp_loss":0.0,"gold_gain":0.0,"event_name":"Big Fish","player_choice":"Donut","floor":5.0,"gold_loss":0.0,"damage_taken":0.0},{"damage_healed":0.0,"max_hp_gain":0.0,"max_hp_loss":0.0,"gold_gain":0.0,"event_name":"Golden Idol","player_choice":"Take Wound","floor":12.0,"gold_loss":0.0,"damage_taken":0.0,"relics_obtained":["Golden Idol"],"cards_obtained":["Injury"]},{"damage_healed":0.0,"max_hp_gain":0.0,"max_hp_loss":0.0,"gold_gain":0.0,"event_name":"Match and Keep!","player_choice":"2 cards matched","floor":14.0,"gold_loss":0.0,"damage_taken":0.0,"cards_obtained":["Noxious Fumes","Neutralize"]},{"damage_healed":0.0,"max_hp_gain":0.0,"max_hp_loss":0.0,"gold_gain":0.0,"event_name":"Forgotten Altar","player_choice":"Gave Idol","floor":19.0,"relics_lost":["Golden Idol"],"gold_loss":0.0,"damage_taken":0.0,"relics_obtained":["Bloody Idol"]},{"damage_healed":0.0,"max_hp_gain":0.0,"max_hp_loss":0.0,"gold_gain":0.0,"event_name":"Ghosts","player_choice":"Ignored","floor":21.0,"gold_loss":0.0,"damage_taken":0.0},{"damage_healed":0.0,"max_hp_gain":0.0,"max_hp_loss":0.0,"gold_gain":0.0,"event_name":"Vampires","player_choice":"Ignored","floor":24.0,"gold_loss":0.0,"damage_taken":0.0},{"damage_healed":0.0,"max_hp_gain":0.0,"max_hp_loss":0.0,"gold_gain":0.0,"event_name":"Masked Bandits","player_choice":"Fought Bandits","floor":27.0,"gold_loss":0.0,"damage_taken":0.0},{"cards_removed":["Skewer"],"damage_healed":0.0,"max_hp_gain":0.0,"max_hp_loss":0.0,"gold_gain":0.0,"event_name":"Beggar","player_choice":"Gave Gold","floor":29.0,"gold_loss":75.0,"damage_taken":0.0},{"damage_healed":0.0,"max_hp_gain":0.0,"max_hp_loss":0.0,"gold_gain":0.0,"cards_transformed":["Phantasmal Killer"],"event_name":"Transmorgrifier","player_choice":"Transformed","floor":30.0,"gold_loss":0.0,"damage_taken":0.0,"cards_obtained":["Distraction"]},{"damage_healed":0.0,"max_hp_gain":0.0,"max_hp_loss":0.0,"gold_gain":999.0,"event_name":"MindBloom","player_choice":"Gold","floor":36.0,"gold_loss":0.0,"damage_taken":0.0,"cards_obtained":["Normality","Normality"]},{"damage_healed":0.0,"max_hp_gain":0.0,"max_hp_loss":0.0,"gold_gain":0.0,"event_name":"Mysterious Sphere","player_choice":"Ignored","floor":37.0,"gold_loss":0.0,"damage_taken":0.0},{"damage_healed":0.0,"max_hp_gain":0.0,"max_hp_loss":0.0,"gold_gain":0.0,"event_name":"Winding Halls","player_choice":"Embrace Madness","floor":44.0,"gold_loss":0.0,"damage_taken":14.0,"cards_obtained":["Madness","Madness"]},{"damage_healed":0.0,"max_hp_gain":0.0,"max_hp_loss":0.0,"gold_gain":222.0,"event_name":"Tomb of Lord Red Mask","player_choice":"Wore Mask","floor":46.0,"gold_loss":0.0,"damage_taken":0.0}],"is_beta":false,"boss_relics":[{"not_picked":["White Beast Statue","Lizard Tail"],"picked":"Pandora\u0027s Box"},{"not_picked":["Runic Dome","Eternal Feather"],"picked":"Ring of the Serpent"}],"items_purged_floors":[20,39],"is_endless":false,"potions_floor_spawned":[4,8,11,28,31,40,47],"killed_by":"Time Eater","ascension_level":20}