{"gold_per_floor":[369,379,379,311,324,358,36,69,93,93,107,107,107,107],"floor_reached":14,"playtime":924,"items_purged":[],"score":246,"play_id":"544e9cd3-b04c-403d-af88-aae6048860bc","local_time":"20190504221356","is_ascension_mode":true,"campfire_choices":[],"neow_cost":"PERCENT_DAMAGE","seed_source_timestamp":41432930591900,"circlet_count":0,"master_deck":["AscendersBane","Defend_G","Defend_G","Defend_G","Defend_G","Defend_G","Strike_G","Strike_G","Strike_G","Strike_G+1","Strike_G","Survivor","Neutralize+1","All Out Attack+1","Poisoned Stab","Finisher","Malaise","Die Die Die","Backflip","Dodge and Roll"],"special_seed":0,"relics":["Ring of the Snake","Pen Nib","Bag of Marbles","Whetstone","Boot","Juzu Bracelet","Golden Idol"],"potions_floor_usage":[8],"damage_taken":[{"damage":0.0,"enemies":"Cultist","floor":1.0,"turns":4.0},{"damage":10.0,"enemies":"Jaw Worm","floor":2.0,"turns":4.0},{"damage":0.0,"enemies":"2 Louse","floor":5.0,"turns":2.0},{"damage":30.0,"enemies":"Lagavulin","floor":6.0,"turns":4.0},{"damage":0,"enemies":"Gremlin Nob","floor":8,"turns":2},{"damage":0,"enemies":"Large Slime","floor":11,"turns":3},{"damage":5,"enemies":"Gremlin Gang","floor":14,"turns":2}],"seed_played":"-902784020738629868","potions_obtained":[{"floor":2.0,"key":"AttackPotion"},{"floor":5.0,"key":"PowerPotion"},{"floor":6.0,"key":"AttackPotion"}],"is_trial":false,"path_per_floor":["M","M","?","?","M","E","$","E","T","?","M","?","?","M"],"character_chosen":"THE_SILENT","items_purchased":["Whetstone","Die Die Die"],"campfire_rested":0,"item_purchase_floors":[7,7],"current_hp_per_floor":[44,34,34,34,34,4,4,4,4,4,4,4,4,0],"gold":107,"neow_bonus":"TWO_FIFTY_GOLD","is_prod":false,"is_daily":false,"chose_seed":false,"campfire_upgraded":0,"win_rate":0,"timestamp":1557033236,"path_taken":["M","M","?","?","M","E","$","E","T","?","M","?","?","M"],"build_version":"2019-01-23","purchased_purges":0,"victory":false,"max_hp_per_floor":[66,66,66,66,66,66,66,66,66,60,60,60,60,60],"card_choices":[{"not_picked":["Dagger Spray","Poisoned Stab"],"picked":"All Out Attack","floor":1.0},{"not_picked":["Expertise","Slice"],"picked":"Poisoned Stab","floor":2.0},{"not_picked":["Cloak And Dagger","Quick Slash"],"picked":"Finisher","floor":5.0},{"not_picked":["Calculated Gamble","Quick Slash"],"picked":"Malaise","floor":6.0},{"not_picked":["Caltrops","Slice"],"picked":"Backflip","floor":8},{"not_picked":["Masterful Stab","Dagger Throw"],"picked":"Dodge and Roll","floor":11}],"player_experience":1146375,"relics_obtained":[{"floor":6.0,"key":"Bag of Marbles"},{"floor":8,"key":"Boot"},{"floor":9,"key":"Juzu Bracelet"}],"event_choices":[{"damage_healed":0.0,"max_hp_gain":0.0,"max_hp_loss":0.0,"gold_gain":0.0,"event_name":"Living Wall","player_choice":"Grow","floor":3.0,"gold_loss":0.0,"damage_taken":0.0,"cards_upgraded":["All Out Attack"]},{"damage_healed":0.0,"max_hp_gain":0.0,"max_hp_loss":0.0,"gold_gain":0.0,"event_name":"WeMeetAgain","player_choice":"Paid Gold","floor":4.0,"gold_loss":68.0,"damage_taken":0.0,"relics_obtained":["Pen Nib"]},{"damage_healed":0,"gold_gain":0,"player_choice":"Lose Max HP","damage_taken":0,"relics_obtained":["Golden Idol"],"max_hp_gain":0,"max_hp_loss":6,"event_name":"Golden Idol","floor":10,"gold_loss":0},{"damage_healed":0,"gold_gain":0,"player_choice":"Searched \u00270\u0027 times","damage_taken":0,"max_hp_gain":0,"max_hp_loss":0,"event_name":"Dead Adventurer","floor":12,"gold_loss":0},{"damage_healed":0,"gold_gain":0,"player_choice":"Fled","damage_taken":0,"max_hp_gain":0,"max_hp_loss":0,"event_name":"Scrap Ooze","floor":13,"gold_loss":0}],"is_beta":false,"boss_relics":[],"items_purged_floors":[],"is_endless":false,"potions_floor_spawned":[2,5,6],"killed_by":"Gremlin Gang","ascension_level":20}