{"gold_per_floor":[219,232,247,0,11,11,38,3,49,49,63,63,93,108,108,182,182,201,201,251,261,280,280,298,298,298,31,81,92,92],"floor_reached":30,"playtime":773,"items_purged":["Strike_G"],"score":484,"play_id":"2e230889-24c1-4183-a405-cfe639b46308","local_time":"20190426053948","is_ascension_mode":true,"campfire_choices":[{"data":"Poisoned Stab","floor":6,"key":"SMITH"},{"floor":12,"key":"REST"},{"data":"Blade Dance","floor":15,"key":"SMITH"},{"floor":23,"key":"REST"},{"floor":25,"key":"REST"}],"neow_cost":"NONE","seed_source_timestamp":974626829124871,"circlet_count":0,"master_deck":["AscendersBane","Defend_G","Defend_G","Defend_G","Defend_G","Defend_G","Strike_G","Strike_G","Strike_G","Strike_G","Survivor","Neutralize","Backstab","Poisoned Stab+1","Predator","Well Laid Plans","Skewer","Blade Dance+1","Corpse Explosion","PiercingWail","Noxious Fumes","Dagger Spray","Noxious Fumes+1","Dodge and Roll"],"relics":["Ring of the Snake","Vajra","Shuriken","Smiling Mask","Oddly Smooth Stone","Black Star","Ninja Scroll","TwistedFunnel"],"potions_floor_usage":[7,11,16,22,24],"damage_taken":[{"damage":1,"enemies":"2 Louse","floor":1,"turns":4},{"damage":7,"enemies":"Small Slimes","floor":2,"turns":3},{"damage":7,"enemies":"Jaw Worm","floor":3,"turns":4},{"damage":1,"enemies":"Looter","floor":5,"turns":3},{"damage":26,"enemies":"Gremlin Nob","floor":7,"turns":4},{"damage":4,"enemies":"Gremlin Gang","floor":11,"turns":5},{"damage":15,"enemies":"Lagavulin","floor":13,"turns":5},{"damage":0,"enemies":"Red Slaver","floor":14,"turns":2},{"damage":4,"enemies":"Hexaghost","floor":16,"turns":7},{"damage":6,"enemies":"Chosen","floor":18,"turns":3},{"damage":16,"enemies":"2 Thieves","floor":21,"turns":2},{"damage":14,"enemies":"Snecko","floor":22,"turns":5},{"damage":7,"enemies":"Centurion and Healer","floor":24,"turns":4},{"damage":19,"enemies":"Sentry and Sphere","floor":29,"turns":4},{"damage":37,"enemies":"Cultist and Chosen","floor":30,"turns":4}],"seed_played":"7220615901844712314","potions_obtained":[{"floor":1,"key":"SkillPotion"},{"floor":5,"key":"Swift Potion"},{"floor":7,"key":"AttackPotion"},{"floor":13,"key":"AttackPotion"},{"floor":18,"key":"Swift Potion"},{"floor":21,"key":"GhostInAJar"}],"is_trial":false,"path_per_floor":["M","M","M","$","M","R","E","?","T","?","M","R","E","M","R","B",null,"M","?","?","M","M","R","M","R","T","$","?","M","M"],"character_chosen":"THE_SILENT","items_purchased":["Vajra","Predator","TwistedFunnel"],"campfire_rested":3,"item_purchase_floors":[4,4,27],"current_hp_per_floor":[58,51,44,44,43,43,17,17,17,17,13,32,17,17,17,13,53,47,47,41,25,11,30,23,42,42,42,42,23,0],"gold":92,"neow_bonus":"HUNDRED_GOLD","is_prod":false,"is_daily":false,"chose_seed":false,"campfire_upgraded":2,"win_rate":0,"timestamp":1556267988,"path_taken":["M","M","M","$","M","R","E","?","T","?","M","R","E","M","R","BOSS","M","?","?","?","M","R","M","R","T","?","?","M","M"],"build_version":"2019-01-23","purchased_purges":1,"victory":false,"max_hp_per_floor":[66,66,66,66,66,66,66,66,66,66,66,66,66,66,66,66,66,66,66,66,66,66,66,66,66,66,66,66,66,66],"card_choices":[{"not_picked":["Tactician","Flying Knee"],"picked":"Backstab","floor":1},{"not_picked":["Masterful Stab","Blade Dance","Bane"],"picked":"SKIP","floor":2},{"not_picked":["Endless Agony","Acrobatics"],"picked":"Poisoned Stab","floor":3},{"not_picked":["Outmaneuver","Dagger Spray"],"picked":"Well Laid Plans","floor":5},{"not_picked":["Reflex","Bane","Masterful Stab"],"picked":"SKIP","floor":7},{"not_picked":["Choke","Catalyst","Dagger Throw"],"picked":"SKIP","floor":11},{"not_picked":["Venomology","Caltrops"],"picked":"Skewer","floor":13},{"not_picked":["Terror","Flying Knee"],"picked":"Blade Dance","floor":14},{"not_picked":["Doppelganger","Wraith Form v2"],"picked":"Corpse Explosion","floor":16},{"not_picked":["Deadly Poison","Dagger Spray"],"picked":"PiercingWail","floor":18},{"not_picked":["Caltrops","Distraction","Acrobatics"],"picked":"SKIP","floor":21},{"not_picked":["Masterful Stab","Deadly Poison"],"picked":"Dagger Spray","floor":22},{"not_picked":["Corpse Explosion","Caltrops"],"picked":"Noxious Fumes+1","floor":24},{"not_picked":["Backstab","Sucker Punch"],"picked":"Dodge and Roll","floor":29}],"player_experience":2176801,"relics_obtained":[{"floor":7,"key":"Shuriken"},{"floor":9,"key":"Smiling Mask"},{"floor":13,"key":"Oddly Smooth Stone"},{"floor":26,"key":"Ninja Scroll"}],"event_choices":[{"damage_healed":0,"gold_gain":0,"player_choice":"Left Gold","damage_taken":0,"max_hp_gain":0,"max_hp_loss":0,"event_name":"World of Goop","floor":8,"gold_loss":35},{"damage_healed":0,"gold_gain":0,"player_choice":"Fled","damage_taken":0,"max_hp_gain":0,"max_hp_loss":0,"event_name":"Scrap Ooze","floor":10,"gold_loss":0},{"damage_healed":0,"gold_gain":0,"player_choice":"Read","damage_taken":0,"max_hp_gain":0,"max_hp_loss":0,"event_name":"The Library","floor":19,"gold_loss":0,"cards_obtained":["Noxious Fumes"]},{"damage_healed":0,"gold_gain":50,"player_choice":"Touch","damage_taken":6,"max_hp_gain":0,"max_hp_loss":0,"event_name":"FaceTrader","floor":20,"gold_loss":0},{"damage_healed":0,"gold_gain":50,"player_choice":"Pray","damage_taken":0,"max_hp_gain":0,"max_hp_loss":0,"event_name":"Golden Shrine","floor":28,"gold_loss":0}],"is_beta":false,"boss_relics":[{"not_picked":["Calling Bell","Ring of the Serpent"],"picked":"Black Star"}],"items_purged_floors":[27],"is_endless":false,"potions_floor_spawned":[1,5,7,13,18,21],"killed_by":"Cultist and Chosen","ascension_level":20}