{"gold_per_floor":[114,132,132,145,170,205,224,224,251,270,270,345,378,19,19,130,130,184,184,184,220,86,86,126,126,210,410,480,480,573,84,84,200,200,245,284,343,364,95,136,136,136,208,208,243,301,333,358,370,407,419,431,443,23,88,88],"floor_reached":56,"playtime":2744,"items_purged":["Strike_G","Strike_G","Parasite"],"score":2235,"play_id":"90ca3909-b530-4ff6-a750-588f3ee1e118","local_time":"20190427142226","is_ascension_mode":true,"campfire_choices":[{"data":"Footwork","floor":8.0,"key":"SMITH"},{"data":"Poisoned Stab","floor":11.0,"key":"SMITH"},{"data":"Neutralize","floor":15.0,"key":"SMITH"},{"floor":23.0,"key":"REST"},{"data":"HandOfGreed","floor":25.0,"key":"SMITH"},{"data":"Caltrops","floor":29.0,"key":"SMITH"},{"data":"Cloak And Dagger","floor":32.0,"key":"SMITH"},{"floor":41.0,"key":"REST"},{"floor":44.0,"key":"RECALL"},{"floor":49.0,"key":"REST"},{"floor":53.0,"key":"REST"}],"neow_cost":"NONE","seed_source_timestamp":1089939399922949,"circlet_count":0,"master_deck":["AscendersBane","Defend_G","Defend_G","Defend_G","Defend_G","Defend_G","Strike_G","Strike_G","Strike_G","Survivor","Neutralize+1","Predator","Poisoned Stab+1","Dagger Throw","Footwork+1","Backstab","HandOfGreed+1","Backflip","Necronomicurse","Caltrops+1","Backflip","PiercingWail","Die Die Die","Dash","Bouncing Flask","Cloak And Dagger+1","Malaise","Noxious Fumes","Malaise","Footwork+1","Skewer","Backflip","Envenom","Catalyst+1","Catalyst+1","Malaise","Backflip","PiercingWail+1"],"special_seed":0,"relics":["Ring of the Snake","PreservedInsect","Golden Idol","Thread and Needle","Bag of Marbles","Centennial Puzzle","Velvet Choker","Necronomicon","Blood Vial","Tiny Chest","Prayer Wheel","Kunai","TwistedFunnel","Philosopher\u0027s Stone","StoneCalendar","Oddly Smooth Stone","Dead Branch","MawBank","Chemical X","Bottled Lightning"],"potions_floor_usage":[56],"damage_taken":[{"damage":1.0,"enemies":"2 Louse","floor":1.0,"turns":3.0},{"damage":4.0,"enemies":"Jaw Worm","floor":2.0,"turns":4.0},{"damage":1.0,"enemies":"Cultist","floor":4.0,"turns":3.0},{"damage":2.0,"enemies":"3 Louse","floor":5.0,"turns":4.0},{"damage":8.0,"enemies":"Gremlin Nob","floor":6.0,"turns":3.0},{"damage":6.0,"enemies":"2 Fungi Beasts","floor":7.0,"turns":5.0},{"damage":0.0,"enemies":"Large Slime","floor":10.0,"turns":6.0},{"damage":0.0,"enemies":"3 Sentries","floor":13.0,"turns":6.0},{"damage":10.0,"enemies":"The Guardian","floor":16.0,"turns":14.0},{"damage":8.0,"enemies":"2 Thieves","floor":18.0,"turns":4.0},{"damage":3.0,"enemies":"Shell Parasite","floor":21.0,"turns":3.0},{"damage":0.0,"enemies":"Gremlin Leader","floor":24.0,"turns":4.0},{"damage":0.0,"enemies":"Colosseum Slavers","floor":27.0,"turns":6.0},{"damage":0.0,"enemies":"Colosseum Nobs","floor":27.0,"turns":3.0},{"damage":0.0,"enemies":"Centurion and Healer","floor":28.0,"turns":6.0},{"damage":0.0,"enemies":"Slavers","floor":30.0,"turns":4.0},{"damage":37.0,"enemies":"Champ","floor":33.0,"turns":12.0},{"damage":0.0,"enemies":"Orb Walker","floor":35.0,"turns":1.0},{"damage":12.0,"enemies":"3 Shapes","floor":36.0,"turns":5.0},{"damage":6.0,"enemies":"2 Orb Walkers","floor":37.0,"turns":4.0},{"damage":4.0,"enemies":"Spire Growth","floor":38.0,"turns":3.0},{"damage":0.0,"enemies":"Reptomancer","floor":40.0,"turns":2.0},{"damage":0.0,"enemies":"Nemesis","floor":45.0,"turns":7.0},{"damage":11.0,"enemies":"Writhing Mass","floor":46.0,"turns":5.0},{"damage":14.0,"enemies":"3 Darklings","floor":47.0,"turns":7.0},{"damage":13.0,"enemies":"Spire Growth","floor":48.0,"turns":4.0},{"damage":21.0,"enemies":"Time Eater","floor":50.0,"turns":14.0},{"damage":21.0,"enemies":"Donu and Deca","floor":51.0,"turns":12.0},{"damage":19.0,"enemies":"Shield and Spear","floor":55.0,"turns":8.0},{"damage":42,"enemies":"The Heart","floor":56,"turns":8}],"seed_played":"1201359439398785559","potions_obtained":[{"floor":4.0,"key":"SkillPotion"},{"floor":6.0,"key":"Strength Potion"},{"floor":10.0,"key":"Fire Potion"},{"floor":18.0,"key":"Weak Potion"},{"floor":24.0,"key":"SteroidPotion"},{"floor":27.0,"key":"Block Potion"},{"floor":28.0,"key":"LiquidBronze"},{"floor":48.0,"key":"SpeedPotion"}],"is_trial":false,"path_per_floor":["M","M","?","M","M","E","M","R","T","M","R","?","E","$","R","B",null,"M","?","?","M","$","R","E","R","T","?","M","R","E","$","R","B",null,"M","M","?","M","$","E","R","?","T","R","E","M","M","M","R","B","B",null,"R","$","E","B"],"character_chosen":"THE_SILENT","items_purchased":["Backstab","HandOfGreed","Caltrops","Backflip","Malaise","Noxious Fumes","TwistedFunnel","Oddly Smooth Stone","Chemical X","GamblersBrew"],"campfire_rested":4,"item_purchase_floors":[14,14,22,22,31,31,31,39,54,54],"current_hp_per_floor":[58,54,54,53,51,43,37,37,37,37,37,26,26,26,26,16,49,41,41,20,17,17,35,35,35,35,39,41,41,43,43,43,8,47,49,39,35,33,33,35,53,53,53,53,55,46,34,23,41,22,3,46,60,57,38,0],"gold":88,"neow_bonus":"RANDOM_COMMON_RELIC","is_prod":false,"is_daily":false,"chose_seed":false,"campfire_upgraded":6,"win_rate":0,"timestamp":1556385746,"path_taken":["M","M","?","M","M","E","M","R","T","M","R","?","E","$","R","BOSS","M","?","?","M","$","R","E","R","T","?","M","R","E","$","R","BOSS","M","M","?","M","$","E","R","?","T","R","E","M","M","?","R","BOSS","BOSS","R","$","E","BOSS"],"build_version":"2019-01-23","purchased_purges":3,"victory":false,"max_hp_per_floor":[66,66,60,60,60,60,60,60,60,60,60,60,60,60,60,60,60,60,60,60,60,60,60,60,60,60,60,60,60,60,60,60,60,60,60,60,60,60,60,60,60,60,60,60,60,60,60,60,60,60,60,60,60,57,57,57],"card_choices":[{"not_picked":["Dodge and Roll","Underhanded Strike"],"picked":"Predator","floor":1.0},{"not_picked":["Flying Knee","Bane"],"picked":"Poisoned Stab","floor":2.0},{"not_picked":["Prepared","Outmaneuver"],"picked":"Dagger Throw","floor":4.0},{"not_picked":["Heel Hook","Outmaneuver"],"picked":"Footwork","floor":5.0},{"not_picked":["Slice","Catalyst","Dagger Throw"],"picked":"SKIP","floor":6.0},{"not_picked":["Flying Knee","Underhanded Strike","Bane"],"picked":"SKIP","floor":7.0},{"not_picked":["A Thousand Cuts","Reflex","Distraction"],"picked":"SKIP","floor":10.0},{"not_picked":["Predator","Quick Slash","Burst"],"picked":"SKIP","floor":13.0},{"not_picked":["Dagger Throw+1","Finisher"],"picked":"Backflip","floor":18.0},{"not_picked":["Poisoned Stab","Bane","Finisher"],"picked":"SKIP","floor":21.0},{"not_picked":["Poisoned Stab","Accuracy"],"picked":"PiercingWail","floor":24.0},{"not_picked":["Deflect","Finisher"],"picked":"Die Die Die","floor":27.0},{"not_picked":["Setup","Deadly Poison"],"picked":"Dash","floor":28.0},{"not_picked":["Sucker Punch+1","Expertise"],"picked":"Bouncing Flask","floor":28.0},{"not_picked":["Skewer","Accuracy+1"],"picked":"Cloak And Dagger","floor":30.0},{"not_picked":["Tools of the Trade","Storm of Steel"],"picked":"Malaise","floor":33.0},{"not_picked":["Backflip","Choke+1"],"picked":"Footwork+1","floor":35.0},{"not_picked":["Poisoned Stab","Caltrops"],"picked":"Skewer","floor":35.0},{"not_picked":["Flying Knee+1","Dagger Throw"],"picked":"Backflip","floor":36.0},{"not_picked":["Prepared","Deadly Poison+1","Envenom"],"picked":"SKIP","floor":36.0},{"not_picked":["Prepared","Deadly Poison+1"],"picked":"Envenom","floor":36.0},{"not_picked":["Predator","Quick Slash"],"picked":"Catalyst","floor":37.0},{"not_picked":["Acrobatics","PiercingWail"],"picked":"Catalyst+1","floor":38.0},{"not_picked":["Calculated Gamble+1","Dagger Throw+1","Slice"],"picked":"SKIP","floor":38.0},{"not_picked":["Blade Dance","Infinite Blades","Poisoned Stab+1"],"picked":"SKIP","floor":40.0},{"not_picked":["Flying Knee","Deadly Poison","Sucker Punch"],"picked":"SKIP","floor":45.0},{"not_picked":["Skewer","Cloak And Dagger"],"picked":"Malaise","floor":46.0},{"not_picked":["Calculated Gamble+1","Dagger Spray","Poisoned Stab"],"picked":"SKIP","floor":46.0},{"not_picked":["Slice","Blade Dance","Outmaneuver"],"picked":"SKIP","floor":47.0},{"not_picked":["Quick Slash","Endless Agony","Distraction+1"],"picked":"SKIP","floor":47.0},{"not_picked":["Acrobatics","Flying Knee"],"picked":"Backflip","floor":48.0},{"not_picked":["Concentrate","Deflect","Tools of the Trade"],"picked":"SKIP","floor":48.0},{"not_picked":["Malaise","Footwork"],"picked":"PiercingWail+1","floor":55.0}],"player_experience":2195322,"relics_obtained":[{"floor":6.0,"key":"Thread and Needle"},{"floor":9.0,"key":"Bag of Marbles"},{"floor":13.0,"key":"Centennial Puzzle"},{"floor":20.0,"key":"Necronomicon"},{"floor":24.0,"key":"Blood Vial"},{"floor":26.0,"key":"Tiny Chest"},{"floor":27.0,"key":"Prayer Wheel"},{"floor":30.0,"key":"Kunai"},{"floor":37.0,"key":"StoneCalendar"},{"floor":40.0,"key":"Dead Branch"},{"floor":45.0,"key":"MawBank"},{"floor":55.0,"key":"Bottled Lightning"}],"event_choices":[{"damage_healed":0.0,"max_hp_gain":0.0,"max_hp_loss":6.0,"gold_gain":0.0,"event_name":"Golden Idol","player_choice":"Lose Max HP","floor":3.0,"gold_loss":0.0,"damage_taken":0.0,"relics_obtained":["Golden Idol"]},{"damage_healed":0.0,"max_hp_gain":0.0,"max_hp_loss":0.0,"gold_gain":75.0,"event_name":"World of Goop","player_choice":"Gather Gold","floor":12.0,"gold_loss":0.0,"damage_taken":11.0},{"damage_healed":0.0,"max_hp_gain":0.0,"max_hp_loss":0.0,"gold_gain":0.0,"event_name":"The Mausoleum","player_choice":"Ignored","floor":19.0,"gold_loss":0.0,"damage_taken":0.0},{"damage_healed":0.0,"max_hp_gain":0.0,"max_hp_loss":0.0,"gold_gain":0.0,"event_name":"Cursed Tome","player_choice":"Obtained Book","floor":20.0,"gold_loss":0.0,"damage_taken":21.0},{"damage_healed":0.0,"max_hp_gain":0.0,"max_hp_loss":0.0,"gold_gain":0.0,"event_name":"Colosseum","player_choice":"Fight","floor":27.0,"gold_loss":0.0,"damage_taken":0.0},{"damage_healed":0.0,"max_hp_gain":0.0,"max_hp_loss":0.0,"gold_gain":0.0,"event_name":"Colosseum","player_choice":"Fought Nobs","floor":27.0,"gold_loss":0.0,"damage_taken":0.0},{"damage_healed":0.0,"max_hp_gain":0.0,"max_hp_loss":0.0,"gold_gain":0.0,"event_name":"Mysterious Sphere","player_choice":"Fight","floor":37.0,"gold_loss":0.0,"damage_taken":0.0},{"damage_healed":0.0,"max_hp_gain":0.0,"max_hp_loss":0.0,"gold_gain":0.0,"event_name":"Accursed Blacksmith","player_choice":"Forge","floor":42.0,"gold_loss":0.0,"damage_taken":0.0,"cards_upgraded":["Catalyst"]}],"is_beta":false,"boss_relics":[{"not_picked":["Runic Pyramid","Sozu"],"picked":"Velvet Choker"},{"not_picked":["Tiny House","Pandora\u0027s Box"],"picked":"Philosopher\u0027s Stone"}],"items_purged_floors":[14,39,54],"is_endless":false,"potions_floor_spawned":[4,6,10,18,24,27,28,30,35,37,38,48],"killed_by":"The Heart","ascension_level":20}