{"gold_per_floor":[110,110,130,130,147,180,200,226,256,256,256,273,285,285,285,362,362,377,20,200,38,52,84,98,98],"floor_reached":25,"playtime":922,"items_purged":["Grand Finale+1"],"score":466,"play_id":"2fbc4807-74f7-436e-8727-5719ec7e00c2","local_time":"20190429020425","is_ascension_mode":true,"campfire_choices":[{"data":"Noxious Fumes","floor":11,"key":"SMITH"},{"data":"Neutralize","floor":15,"key":"SMITH"}],"neow_cost":"NONE","seed_source_timestamp":1220743976323010,"circlet_count":0,"master_deck":["AscendersBane","Defend_G","Defend_G","Defend_G","Defend_G","Defend_G","Strike_G","Survivor","Neutralize+1","Cloak And Dagger","Poisoned Stab","Bane","Flying Knee","PiercingWail","Noxious Fumes+1","Sucker Punch","Deadly Poison","Adrenaline","Phantasmal Killer+1","Prepared+1","Cloak And Dagger","Adrenaline","Backflip","PiercingWail+1","Blur+1"],"relics":["Ring of the Snake","NeowsBlessing","Meat on the Bone","Shovel","Matryoshka","Tiny Chest","Paper Crane","Astrolabe","DollysMirror","Strawberry","Anchor"],"potions_floor_usage":[6,8,16,23,23,24,25],"damage_taken":[{"damage":0,"enemies":"Jaw Worm","floor":1,"turns":1},{"damage":0,"enemies":"Small Slimes","floor":3,"turns":1},{"damage":0,"enemies":"Cultist","floor":5,"turns":1},{"damage":11,"enemies":"Lagavulin","floor":6,"turns":6},{"damage":13,"enemies":"Large Slime","floor":7,"turns":6},{"damage":16,"enemies":"3 Sentries","floor":8,"turns":8},{"damage":5,"enemies":"3 Louse","floor":12,"turns":6},{"damage":2,"enemies":"2 Fungi Beasts","floor":13,"turns":5},{"damage":13,"enemies":"Hexaghost","floor":16,"turns":9},{"damage":14,"enemies":"Shell Parasite","floor":18,"turns":7},{"damage":5,"enemies":"Chosen","floor":22,"turns":5},{"damage":29,"enemies":"Slavers","floor":23,"turns":7},{"damage":16,"enemies":"Snake Plant","floor":24,"turns":5},{"damage":34,"enemies":"Cultist and Chosen","floor":25,"turns":8}],"seed_played":"773420208670234911","potions_obtained":[{"floor":3,"key":"EssenceOfSteel"},{"floor":4,"key":"Poison Potion"},{"floor":4,"key":"PowerPotion"},{"floor":6,"key":"Swift Potion"},{"floor":7,"key":"AttackPotion"},{"floor":8,"key":"SteroidPotion"},{"floor":13,"key":"GhostInAJar"},{"floor":23,"key":"Block Potion"},{"floor":24,"key":"Explosive Potion"}],"is_trial":false,"path_per_floor":["M","?","M","?","M","E","M","E","T","?","R","M","M","?","R","B",null,"M","$","?","$","M","E","M","M"],"character_chosen":"THE_SILENT","items_purchased":["DollysMirror","Block Potion","Strawberry"],"campfire_rested":0,"item_purchase_floors":[19,19,21],"current_hp_per_floor":[59,14,26,26,38,39,38,34,34,27,27,34,44,44,44,43,60,46,46,28,35,42,25,21,0],"gold":98,"neow_bonus":"THREE_ENEMY_KILL","is_prod":false,"is_daily":false,"chose_seed":false,"campfire_upgraded":2,"win_rate":0,"timestamp":1556514265,"path_taken":["M","?","M","?","?","E","M","E","T","?","R","M","M","?","R","BOSS","M","$","?","$","?","E","M","M"],"build_version":"2019-01-23","purchased_purges":1,"victory":false,"max_hp_per_floor":[66,66,66,66,66,66,66,66,66,66,66,66,66,66,66,66,66,66,66,66,73,73,73,73,73],"card_choices":[{"not_picked":["Dodge and Roll","Underhanded Strike"],"picked":"Cloak And Dagger","floor":1},{"not_picked":["Backflip","Blur"],"picked":"Poisoned Stab","floor":3},{"not_picked":["Caltrops","Underhanded Strike"],"picked":"Bane","floor":5},{"not_picked":["Distraction","Tools of the Trade"],"picked":"Flying Knee","floor":6},{"not_picked":["Skewer","Reflex"],"picked":"PiercingWail","floor":7},{"not_picked":["Bane","Skewer"],"picked":"Noxious Fumes","floor":8},{"not_picked":["Expertise","Deflect"],"picked":"Sucker Punch","floor":12},{"not_picked":["Quick Slash","Outmaneuver"],"picked":"Deadly Poison","floor":13},{"not_picked":["Night Terror","Doppelganger"],"picked":"Adrenaline","floor":16},{"not_picked":["Poisoned Stab","Finisher"],"picked":"Cloak And Dagger","floor":18},{"not_picked":["Sucker Punch","Deadly Poison"],"picked":"Backflip","floor":22},{"not_picked":["Terror","Noxious Fumes"],"picked":"PiercingWail+1","floor":23},{"not_picked":["Deadly Poison","Noxious Fumes"],"picked":"Blur+1","floor":24}],"player_experience":2232864,"relics_obtained":[{"floor":6,"key":"Shovel"},{"floor":8,"key":"Matryoshka"},{"floor":9,"key":"Tiny Chest"},{"floor":9,"key":"Paper Crane"},{"floor":23,"key":"Anchor"}],"event_choices":[{"damage_healed":0,"gold_gain":0,"player_choice":"Success","damage_taken":45,"relics_obtained":["Meat on the Bone"],"max_hp_gain":0,"max_hp_loss":0,"event_name":"Scrap Ooze","floor":2,"gold_loss":0},{"damage_healed":0,"gold_gain":0,"player_choice":"Got Potions","damage_taken":0,"max_hp_gain":0,"max_hp_loss":0,"event_name":"Lab","floor":4,"gold_loss":0},{"cards_removed":["Strike_G"],"damage_healed":0,"gold_gain":0,"player_choice":"Card Removal","damage_taken":7,"max_hp_gain":0,"max_hp_loss":0,"event_name":"Golden Wing","floor":10,"gold_loss":0},{"damage_healed":0,"gold_gain":0,"player_choice":"Ignored","damage_taken":0,"max_hp_gain":0,"max_hp_loss":0,"event_name":"Liars Game","floor":14,"gold_loss":0},{"damage_healed":0,"gold_gain":180,"player_choice":"GOLD GOLD ","damage_taken":18,"max_hp_gain":0,"max_hp_loss":0,"event_name":"Knowing Skull","floor":20,"potions_obtained":[],"gold_loss":0,"cards_obtained":[]}],"is_beta":false,"boss_relics":[{"not_picked":["Lizard Tail","Orrery"],"picked":"Astrolabe"}],"items_purged_floors":[19],"is_endless":false,"potions_floor_spawned":[3,6,7,8,13,23,24],"killed_by":"Cultist and Chosen","ascension_level":20}