{"gold_per_floor":[112,124,141,156,37,37,57,88,88,88,10,22,52,71,71,143,143,157,137,187,187],"floor_reached":21,"playtime":506,"items_purged":["Strike_R"],"score":386,"play_id":"a93823e1-8ef1-454e-b8cb-be38171b589a","local_time":"20190405172739","is_ascension_mode":true,"campfire_choices":[{"data":"Bash","floor":6.0,"key":"SMITH"},{"floor":10.0,"key":"REST"},{"data":"Fiend Fire","floor":15,"key":"SMITH"}],"neow_cost":"NONE","seed_source_timestamp":1030023412146135,"circlet_count":0,"master_deck":["AscendersBane","Strike_R","Strike_R","Strike_R","Strike_R","Defend_R","Defend_R","Defend_R","Defend_R","Bash+1","Anger","Perfected Strike","Anger","Feel No Pain","Fiend Fire+1","Thunderclap","Corruption","Shrug It Off","Armaments","Demon Form","Shrug It Off"],"special_seed":0,"relics":["Burning Blood","Dodecahedron","Bronze Scales","Bag of Preparation","Philosopher\u0027s Stone"],"potions_floor_usage":[16],"damage_taken":[{"damage":6.0,"enemies":"Cultist","floor":1.0,"turns":3.0},{"damage":5.0,"enemies":"Small Slimes","floor":2.0,"turns":5.0},{"damage":0.0,"enemies":"2 Louse","floor":3.0,"turns":4.0},{"damage":34.0,"enemies":"Exordium Thugs","floor":4.0,"turns":4.0},{"damage":11.0,"enemies":"Blue Slaver","floor":7.0,"turns":3.0},{"damage":32.0,"enemies":"Gremlin Nob","floor":8.0,"turns":4.0},{"damage":12.0,"enemies":"3 Louse","floor":12.0,"turns":3.0},{"damage":24.0,"enemies":"3 Sentries","floor":13.0,"turns":8.0},{"damage":0,"enemies":"Red Slaver","floor":14,"turns":1},{"damage":5,"enemies":"Hexaghost","floor":16,"turns":7},{"damage":23,"enemies":"Shell Parasite","floor":18,"turns":4},{"damage":25,"enemies":"2 Thieves","floor":19,"turns":4},{"damage":0,"enemies":"Shelled Parasite and Fungi","floor":21,"turns":1}],"seed_played":"-2403691669778652698","potions_obtained":[{"floor":0.0,"key":"PowerPotion"},{"floor":0.0,"key":"PowerPotion"},{"floor":8.0,"key":"Dexterity Potion"},{"floor":13,"key":"Fire Potion"},{"floor":16,"key":"Ancient Potion"}],"is_trial":false,"path_per_floor":["M","M","M","M","$","R","M","E","T","R","$","M","E","M","R","B",null,"M","M","?","M"],"character_chosen":"IRONCLAD","items_purchased":["Feel No Pain","Corruption"],"campfire_rested":1,"item_purchase_floors":[5,11],"current_hp_per_floor":[68,69,75,47,47,47,42,16,16,38,38,32,14,20,20,21,62,45,26,19,19],"gold":187,"neow_bonus":"THREE_SMALL_POTIONS","is_prod":false,"is_daily":false,"chose_seed":false,"campfire_upgraded":2,"win_rate":0,"timestamp":1554496059,"path_taken":["M","M","M","?","?","R","M","E","T","R","$","M","E","M","R","BOSS","M","M","?","?"],"build_version":"2019-01-23","purchased_purges":1,"victory":false,"max_hp_per_floor":[75,75,75,75,75,75,75,75,75,75,75,75,75,75,75,75,75,75,75,75,75],"card_choices":[{"not_picked":["Power Through","Flex","Havoc"],"picked":"SKIP","floor":1.0},{"not_picked":["Pommel Strike","Thunderclap"],"picked":"Anger","floor":2.0},{"not_picked":["Wild Strike","Seeing Red"],"picked":"Perfected Strike","floor":3.0},{"not_picked":["Havoc","Sword Boomerang"],"picked":"Anger","floor":4.0},{"not_picked":["Twin Strike","True Grit"],"picked":"Fiend Fire","floor":7.0},{"not_picked":["Metallicize","Anger"],"picked":"Thunderclap","floor":8.0},{"not_picked":["Whirlwind","Thunderclap"],"picked":"Shrug It Off","floor":12.0},{"not_picked":["Combust","Fire Breathing","Reckless Charge"],"picked":"SKIP","floor":13},{"not_picked":["Thunderclap","Reckless Charge"],"picked":"Armaments","floor":14},{"not_picked":["Bludgeon","Exhume"],"picked":"Demon Form","floor":16},{"not_picked":["Infernal Blade","Perfected Strike"],"picked":"Shrug It Off","floor":18},{"not_picked":["Blood for Blood","Evolve","Thunderclap"],"picked":"SKIP","floor":19}],"player_experience":2010156,"relics_obtained":[{"floor":8.0,"key":"Dodecahedron"},{"floor":9.0,"key":"Bronze Scales"},{"floor":13,"key":"Bag of Preparation"}],"event_choices":[{"damage_healed":0,"gold_gain":50,"player_choice":"Touch","damage_taken":7,"max_hp_gain":0,"max_hp_loss":0,"event_name":"FaceTrader","floor":20,"gold_loss":0}],"is_beta":false,"boss_relics":[{"not_picked":["Orrery","Ectoplasm"],"picked":"Philosopher\u0027s Stone"}],"items_purged_floors":[5],"is_endless":false,"potions_floor_spawned":[2,8,13,14,16],"killed_by":"Shelled Parasite and Fungi","ascension_level":20}