{"gold_per_floor":[16,16,16,26,43,69,69,82,82,82,82,82,95,108,108,108],"floor_reached":16,"playtime":862,"items_purged":[],"score":204,"play_id":"5760cbf5-d5d0-4796-a433-a5c388d9beac","local_time":"20190504165218","is_ascension_mode":true,"campfire_choices":[{"floor":7.0,"key":"REST"},{"floor":10.0,"key":"REST"},{"data":"Leg Sweep","floor":15,"key":"SMITH"}],"neow_cost":"NO_GOLD","seed_source_timestamp":22255453196900,"circlet_count":0,"master_deck":["AscendersBane","Defend_G","Defend_G","Defend_G","Defend_G","Defend_G","Strike_G","Strike_G","Strike_G","Strike_G","Strike_G","Survivor","Neutralize","Bullet Time","Dash","Flying Knee","Dagger Spray","Riddle With Holes","Skewer+1","Leg Sweep+1","Escape Plan"],"special_seed":0,"relics":["Ring of the Snake","Vajra","Regal Pillow"],"potions_floor_usage":[],"damage_taken":[{"damage":8.0,"enemies":"Small Slimes","floor":1.0,"turns":5.0},{"damage":0.0,"enemies":"2 Louse","floor":4.0,"turns":4.0},{"damage":0.0,"enemies":"Jaw Worm","floor":5.0,"turns":5.0},{"damage":54.0,"enemies":"Lagavulin","floor":6.0,"turns":10.0},{"damage":4.0,"enemies":"Exordium Thugs","floor":8.0,"turns":3.0},{"damage":0.0,"enemies":"Looter","floor":13.0,"turns":3.0},{"damage":1.0,"enemies":"Blue Slaver","floor":14.0,"turns":3.0},{"damage":58,"enemies":"Hexaghost","floor":16,"turns":14}],"seed_played":"-3085923085138872865","potions_obtained":[{"floor":1.0,"key":"SmokeBomb"},{"floor":4.0,"key":"GhostInAJar"},{"floor":5.0,"key":"FearPotion"}],"is_trial":false,"path_per_floor":["M","$","?","M","M","E","R","M","T","R","?","?","M","M","R","B"],"character_chosen":"THE_SILENT","items_purchased":[],"campfire_rested":2,"item_purchase_floors":[],"current_hp_per_floor":[51,51,56,56,56,2,23,19,19,55,55,55,55,54,54,0],"gold":108,"neow_bonus":"THREE_RARE_CARDS","is_prod":false,"is_daily":false,"chose_seed":false,"campfire_upgraded":1,"win_rate":0,"timestamp":1557013938,"path_taken":["M","$","?","M","M","E","R","M","T","R","?","?","M","M","R","BOSS"],"build_version":"2019-01-23","purchased_purges":0,"victory":false,"max_hp_per_floor":[66,66,71,71,71,71,71,71,71,71,71,71,71,71,71,71],"card_choices":[{"not_picked":["A Thousand Cuts","Tools of the Trade"],"picked":"Bullet Time","floor":0.0},{"not_picked":["Bane","Well Laid Plans"],"picked":"Dash","floor":1.0},{"not_picked":["Catalyst","Underhanded Strike"],"picked":"Flying Knee","floor":4.0},{"not_picked":["Outmaneuver","Caltrops"],"picked":"Dagger Spray","floor":5.0},{"not_picked":["Flechettes","Cloak And Dagger"],"picked":"Riddle With Holes","floor":6.0},{"not_picked":["Dodge and Roll","Prepared"],"picked":"Skewer","floor":8.0},{"not_picked":["Flechettes","Cloak And Dagger"],"picked":"Leg Sweep","floor":13.0},{"not_picked":["Doppelganger","Underhanded Strike"],"picked":"Escape Plan","floor":14.0}],"player_experience":1127905,"relics_obtained":[{"floor":6.0,"key":"Vajra"},{"floor":9.0,"key":"Regal Pillow"}],"event_choices":[{"damage_healed":0.0,"max_hp_gain":5.0,"max_hp_loss":0.0,"gold_gain":0.0,"event_name":"Big Fish","player_choice":"Donut","floor":3.0,"gold_loss":0.0,"damage_taken":0.0},{"damage_healed":0.0,"max_hp_gain":0.0,"max_hp_loss":0.0,"gold_gain":0.0,"event_name":"Living Wall","player_choice":"Grow","floor":11.0,"gold_loss":0.0,"damage_taken":0.0,"cards_upgraded":["Skewer"]},{"damage_healed":0.0,"max_hp_gain":0.0,"max_hp_loss":0.0,"gold_gain":0.0,"event_name":"Shining Light","player_choice":"Ignored","floor":12.0,"gold_loss":0.0,"damage_taken":0.0}],"is_beta":false,"boss_relics":[],"items_purged_floors":[],"is_endless":false,"potions_floor_spawned":[1,4,5],"killed_by":"Hexaghost","ascension_level":20}