{"gold_per_floor":[110,127,137,153,27,27,47,74,101,251,7,7,22,22,22,96,96,96,96,96,96,96],"floor_reached":22,"playtime":1342,"items_purged":["Strike_G","Doubt"],"score":368,"play_id":"6fd32fd8-c45e-48d1-b072-99ed9084f222","local_time":"20190427191135","is_ascension_mode":true,"campfire_choices":[{"data":"All Out Attack","floor":6.0,"key":"SMITH"},{"data":"Neutralize","floor":12.0,"key":"SMITH"},{"data":"Noxious Fumes","floor":15,"key":"SMITH"}],"neow_cost":"NONE","seed_source_timestamp":81975586449200,"circlet_count":0,"master_deck":["AscendersBane","Defend_G","Defend_G","Defend_G","Defend_G","Defend_G","Strike_G","Strike_G","Strike_G","Strike_G","Survivor","Neutralize+1","Quick Slash","Bouncing Flask","Underhanded Strike","All Out Attack+1","Quick Slash","Skewer","Poisoned Stab","Noxious Fumes+1","Dodge and Roll","Cloak And Dagger","Corpse Explosion","Dagger Spray"],"special_seed":0,"relics":["Ring of the Snake","NeowsBlessing","Lantern","Bag of Marbles","Ectoplasm","Nilry\u0027s Codex"],"potions_floor_usage":[16],"damage_taken":[{"damage":0.0,"enemies":"Cultist","floor":1.0,"turns":1.0},{"damage":0.0,"enemies":"Jaw Worm","floor":2.0,"turns":1.0},{"damage":0.0,"enemies":"2 Louse","floor":3.0,"turns":1.0},{"damage":5.0,"enemies":"Looter","floor":4.0,"turns":4.0},{"damage":0.0,"enemies":"Large Slime","floor":7.0,"turns":4.0},{"damage":10.0,"enemies":"3 Sentries","floor":8.0,"turns":6.0},{"damage":11,"enemies":"2 Fungi Beasts","floor":13,"turns":3},{"damage":8,"enemies":"Hexaghost","floor":16,"turns":9},{"damage":10,"enemies":"Spheric Guardian","floor":18,"turns":4},{"damage":20,"enemies":"Colosseum Slavers","floor":21,"turns":4},{"damage":15,"enemies":"Chosen","floor":22,"turns":3}],"seed_played":"-561360219458573002","potions_obtained":[{"floor":2.0,"key":"LiquidBronze"},{"floor":4.0,"key":"PowerPotion"},{"floor":7.0,"key":"PowerPotion"},{"floor":13,"key":"Energy Potion"}],"is_trial":false,"path_per_floor":["M","M","M","M","$","R","M","E","T","?","$","R","M","$","R","B",null,"M","?","?","?","M"],"character_chosen":"THE_SILENT","items_purchased":["Quick Slash","Noxious Fumes","Dodge and Roll"],"campfire_rested":0,"item_purchase_floors":[5,11,11],"current_hp_per_floor":[59,59,59,54,54,54,54,44,44,44,44,44,33,33,33,25,56,46,46,25,5,0],"gold":96,"neow_bonus":"THREE_ENEMY_KILL","is_prod":false,"is_daily":false,"chose_seed":false,"campfire_upgraded":3,"win_rate":0,"timestamp":1556417495,"path_taken":["M","M","M","M","?","R","M","E","T","?","$","R","M","$","R","BOSS","M","?","?","?","M"],"build_version":"2019-01-23","purchased_purges":2,"victory":false,"max_hp_per_floor":[66,66,66,66,66,66,66,66,66,66,66,66,66,66,66,66,66,66,66,66,66,66],"card_choices":[{"not_picked":["Dodge and Roll","Blade Dance"],"picked":"Quick Slash","floor":1.0},{"not_picked":["Terror","Backflip"],"picked":"Bouncing Flask","floor":2.0},{"not_picked":["Blur","Blade Dance"],"picked":"Underhanded Strike","floor":3.0},{"not_picked":["Dagger Throw","Caltrops"],"picked":"All Out Attack","floor":4.0},{"not_picked":["Masterful Stab","Flying Knee"],"picked":"Skewer","floor":7.0},{"not_picked":["Backflip","Unload"],"picked":"Poisoned Stab","floor":8.0},{"not_picked":["Slice","Setup"],"picked":"Cloak And Dagger","floor":13},{"not_picked":["Envenom","Night Terror"],"picked":"Corpse Explosion","floor":16},{"not_picked":["Sucker Punch","Riddle With Holes"],"picked":"Dagger Spray","floor":18}],"player_experience":1005513,"relics_obtained":[{"floor":8.0,"key":"Lantern"},{"floor":9.0,"key":"Bag of Marbles"},{"floor":20,"key":"Nilry\u0027s Codex"}],"event_choices":[{"damage_healed":0.0,"max_hp_gain":0.0,"max_hp_loss":0.0,"gold_gain":150.0,"event_name":"Liars Game","player_choice":"AGREE","floor":10.0,"gold_loss":0.0,"damage_taken":0.0,"cards_obtained":["Doubt"]},{"damage_healed":0,"gold_gain":0,"player_choice":"Ignored","damage_taken":0,"max_hp_gain":0,"max_hp_loss":0,"event_name":"Vampires","floor":19,"gold_loss":0},{"damage_healed":0,"gold_gain":0,"player_choice":"Obtained Book","damage_taken":21,"max_hp_gain":0,"max_hp_loss":0,"event_name":"Cursed Tome","floor":20,"gold_loss":0},{"damage_healed":0,"gold_gain":0,"player_choice":"Fight","damage_taken":0,"max_hp_gain":0,"max_hp_loss":0,"event_name":"Colosseum","floor":21,"gold_loss":0},{"damage_healed":0,"gold_gain":0,"player_choice":"Fled From Nobs","damage_taken":0,"max_hp_gain":0,"max_hp_loss":0,"event_name":"Colosseum","floor":21,"gold_loss":0}],"is_beta":false,"boss_relics":[{"not_picked":["WristBlade","White Beast Statue"],"picked":"Ectoplasm"}],"items_purged_floors":[5,11],"is_endless":false,"potions_floor_spawned":[2,4,7,13,21],"killed_by":"Chosen","ascension_level":20}