{"gold_per_floor":[114,129,144,171,198,240,252,264,276,347,389,416,443,470,482,594,606,633,660,687,714,741,813,825,867,904,931,958,985,3,18,18,118,118,133,148,163,178,193,223,238,238,238,253,253,268,283,298,298,298],"floor_reached":51,"playtime":5523,"items_purged":[],"score":849,"play_id":"547971b4-9b1b-472e-b59a-38a3b79b9558","local_time":"20180731221559","daily_mods":["Insanity","Night Terrors","Vintage"],"is_ascension_mode":false,"campfire_choices":[{"floor":8,"key":"REST"},{"floor":15,"key":"REST"},{"floor":24,"key":"REST"},{"data":"Storm","floor":32,"key":"SMITH"},{"floor":45,"key":"REST"},{"floor":49,"key":"REST"}],"neow_cost":"","seed_source_timestamp":0,"circlet_count":0,"master_deck":["All For One","BootSequence","Coolheaded","Gash","Fission","Zap","Doom and Gloom","Double Energy","Rip and Tear","Sunder","Blizzard","Echo Form","Turbo","Genetic Algorithm","Lockon","Hello World","Melter+1","White Noise","Dualcast","Doom and Gloom","Rainbow","Static Discharge","Lockon+1","Rainbow","Machine Learning","Strike_B","Compile Driver","Aggregate","Defragment","Loop","Rebound","Multi-Cast","Auto Shields+1","Undo","Rip and Tear","Rainbow","Ball Lightning","Ball Lightning","Static Discharge","Hello World","Storm","Self Repair","Heatsinks","Blizzard","Conserve Battery","Rainbow","Compile Driver","Dualcast+1","Cold Snap","Conserve Battery","Melter","Loop","Turbo","Electrodynamics","Reprogram+1","Storm+1","FTL+1","Deep Breath+1","Deep Breath+1","Secret Weapon+1","Enlightenment+1","Static Discharge","Seek+1","Thunder Strike","Sunder+1","Steam Power+1"],"special_seed":17744,"relics":["Cracked Core","Matryoshka","Nunchaku","MawBank","Dream Catcher","Shuriken","Strawberry","Bronze Scales","Ornamental Fan","The Courier","Potion Belt","Lantern","Question Card","Pear","Black Star","Toxic Egg 2","War Paint","Whetstone","Regal Pillow","Blood Vial","Happy Flower","Tiny Chest","Bag of Preparation","DataDisk","Smiling Mask","Juzu Bracelet","Symbiotic Virus","Centennial Puzzle","Vajra","Mercury Hourglass","Boot","Bag of Marbles","Ancient Tea Set","Pen Nib","Fusion Hammer","Orichalcum","Art of War","Bottled Lightning","Anchor","Omamori","Pantograph","Letter Opener","Frozen Egg 2","Oddly Smooth Stone","Kunai","Bottled Flame","Cables","Mummified Hand"],"potions_floor_usage":[6,11,16,16,16,22,22,22,25,33,33,46,50,50,50,50,50],"damage_taken":[{"damage":1,"enemies":"Small Slimes","floor":1,"turns":4},{"damage":1,"enemies":"Jaw Worm","floor":2,"turns":3},{"damage":0,"enemies":"Cultist","floor":3,"turns":3},{"damage":0,"enemies":"Lots of Slimes","floor":4,"turns":2},{"damage":10,"enemies":"Looter","floor":5,"turns":3},{"damage":16,"enemies":"3 Sentries","floor":6,"turns":5},{"damage":24,"enemies":"Gremlin Nob","floor":11,"turns":4},{"damage":11,"enemies":"Exordium Wildlife","floor":12,"turns":4},{"damage":6,"enemies":"Exordium Thugs","floor":13,"turns":3},{"damage":0,"enemies":"Looter","floor":14,"turns":2},{"damage":44,"enemies":"The Guardian","floor":16,"turns":7},{"damage":9,"enemies":"Shell Parasite","floor":18,"turns":3},{"damage":23,"enemies":"2 Thieves","floor":19,"turns":3},{"damage":12,"enemies":"Snake Plant","floor":20,"turns":3},{"damage":10,"enemies":"Cultist and Chosen","floor":21,"turns":5},{"damage":7,"enemies":"3 Cultists","floor":22,"turns":3},{"damage":8,"enemies":"Book of Stabbing","floor":23,"turns":4},{"damage":8,"enemies":"Gremlin Leader","floor":25,"turns":6},{"damage":0,"enemies":"Chosen and Byrds","floor":27,"turns":4},{"damage":0,"enemies":"Snake Plant","floor":28,"turns":3},{"damage":8,"enemies":"Snecko","floor":29,"turns":3},{"damage":1,"enemies":"Centurion and Healer","floor":31,"turns":4},{"damage":2,"enemies":"Champ","floor":33,"turns":5},{"damage":35,"enemies":"3 Darklings","floor":35,"turns":3},{"damage":0,"enemies":"Orb Walker","floor":36,"turns":2},{"damage":0,"enemies":"Flame Bruiser 2 Orb","floor":37,"turns":2},{"damage":0,"enemies":"Transient","floor":38,"turns":5},{"damage":0,"enemies":"Maw","floor":39,"turns":4},{"damage":34,"enemies":"Nemesis","floor":40,"turns":3},{"damage":0,"enemies":"3 Darklings","floor":41,"turns":2},{"damage":0,"enemies":"Spire Growth","floor":44,"turns":2},{"damage":0,"enemies":"Sphere and 2 Shapes","floor":46,"turns":2},{"damage":0,"enemies":"3 Darklings","floor":47,"turns":2},{"damage":0,"enemies":"Spire Growth","floor":48,"turns":2},{"damage":14,"enemies":"Donu and Deca","floor":50,"turns":3}],"seed_played":"6799586838915861178","potions_obtained":[{"floor":3,"key":"SkillPotion"},{"floor":6,"key":"Explosive Potion"},{"floor":11,"key":"GamblersBrew"},{"floor":13,"key":"Explosive Potion"},{"floor":14,"key":"Fire Potion"},{"floor":18,"key":"Dexterity Potion"},{"floor":20,"key":"EssenceOfSteel"},{"floor":21,"key":"FocusPotion"},{"floor":23,"key":"Fire Potion"},{"floor":29,"key":"LiquidBronze"},{"floor":31,"key":"SpeedPotion"},{"floor":33,"key":"Poison Potion"},{"floor":35,"key":"Energy Potion"},{"floor":39,"key":"SmokeBomb"},{"floor":40,"key":"Energy Potion"},{"floor":44,"key":"Explosive Potion"},{"floor":47,"key":"FearPotion"}],"is_trial":false,"path_per_floor":["M","M","M","M","M","E","?","R","T","?","E","M","M","M","R","B",null,"M","M","M","M","M","E","R","E","T","M","M","M","$","M","R","B",null,"M","M","M","M","M","E","M","?","T","M","R","M","M","M","R","B"],"character_chosen":"DEFECT","items_purchased":["Mercury Hourglass","Boot","Deep Breath+1","Deep Breath+1","Secret Weapon+1","Enlightenment+1","Bag of Marbles","FearPotion","Static Discharge"],"campfire_rested":5,"item_purchase_floors":[30,30,30,30,30,30,30,30,30],"current_hp_per_floor":[75,74,74,74,64,62,67,82,82,82,58,47,41,41,77,43,87,85,62,50,47,47,41,82,74,74,82,82,74,74,75,75,75,82,47,49,51,53,55,30,32,32,32,34,77,77,77,77,72,65],"gold":298,"neow_bonus":"","is_prod":false,"is_daily":true,"chose_seed":false,"campfire_upgraded":1,"win_rate":0,"timestamp":1533093359,"path_taken":["M","M","M","M","M","E","?","R","T","?","E","M","?","M","R","BOSS","M","M","M","M","M","E","R","E","T","M","M","M","$","M","R","BOSS","M","M","M","M","M","E","M","?","T","M","R","M","M","M","R","BOSS"],"build_version":"2018-07-26","purchased_purges":0,"victory":true,"max_hp_per_floor":[75,75,75,75,75,82,87,82,82,82,82,82,82,82,77,87,87,87,87,87,87,87,87,82,82,82,82,82,82,82,82,82,82,82,82,82,82,82,82,82,82,82,82,82,77,77,77,77,72,72],"card_choices":[{"not_picked":["Hello World","Cold Snap"],"picked":"Conserve Battery","floor":6},{"not_picked":["Glacier","Sweeping Beam"],"picked":"Melter","floor":8},{"not_picked":["Multi-Cast","Melter"],"picked":"Loop","floor":11},{"not_picked":["Gash","Reprogram","Force Field"],"picked":"Turbo","floor":15},{"not_picked":["Fission","All For One","Biased Cognition"],"picked":"Electrodynamics","floor":16},{"not_picked":["Echo Form","Beam Cell","Blizzard"],"picked":"Reprogram+1","floor":23},{"not_picked":["Cold Snap+1","Stack+1","Chaos+1"],"picked":"Storm","floor":24},{"not_picked":["Ball Lightning","Blizzard+1","Go for the Eyes"],"picked":"FTL+1","floor":25},{"not_picked":["Reboot+1","Multi-Cast+1","Creative AI"],"picked":"Seek+1","floor":33},{"not_picked":["Beam Cell+1","Compile Driver","Steam+1"],"picked":"Thunder Strike","floor":40},{"not_picked":["Coolheaded+1","Lockon+1","Gash"],"picked":"Sunder+1","floor":45},{"not_picked":["Cold Snap+1","Compile Driver+1","Steam+1"],"picked":"Steam Power+1","floor":49}],"player_experience":101607,"relics_obtained":[{"floor":1,"key":"Matryoshka"},{"floor":2,"key":"Nunchaku"},{"floor":3,"key":"MawBank"},{"floor":4,"key":"Dream Catcher"},{"floor":5,"key":"Shuriken"},{"floor":6,"key":"Strawberry"},{"floor":9,"key":"Bronze Scales"},{"floor":9,"key":"Ornamental Fan"},{"floor":11,"key":"The Courier"},{"floor":12,"key":"Potion Belt"},{"floor":13,"key":"Lantern"},{"floor":14,"key":"Question Card"},{"floor":16,"key":"Pear"},{"floor":18,"key":"Toxic Egg 2"},{"floor":19,"key":"War Paint"},{"floor":20,"key":"Whetstone"},{"floor":21,"key":"Regal Pillow"},{"floor":22,"key":"Blood Vial"},{"floor":23,"key":"Happy Flower"},{"floor":23,"key":"Tiny Chest"},{"floor":25,"key":"Bag of Preparation"},{"floor":25,"key":"DataDisk"},{"floor":26,"key":"Smiling Mask"},{"floor":26,"key":"Juzu Bracelet"},{"floor":27,"key":"Symbiotic Virus"},{"floor":28,"key":"Centennial Puzzle"},{"floor":29,"key":"Vajra"},{"floor":31,"key":"Ancient Tea Set"},{"floor":33,"key":"Pen Nib"},{"floor":35,"key":"Orichalcum"},{"floor":36,"key":"Art of War"},{"floor":37,"key":"Bottled Lightning"},{"floor":38,"key":"Anchor"},{"floor":39,"key":"Omamori"},{"floor":40,"key":"Pantograph"},{"floor":40,"key":"Letter Opener"},{"floor":41,"key":"Frozen Egg 2"},{"floor":43,"key":"Oddly Smooth Stone"},{"floor":44,"key":"Kunai"},{"floor":46,"key":"Bottled Flame"},{"floor":47,"key":"Cables"},{"floor":48,"key":"Mummified Hand"}],"event_choices":[{"event_name":"Big Fish","player_choice":"Donut","floor":7,"damage_taken":0},{"event_name":"Golden Wing","player_choice":"Gained Gold","floor":10,"damage_taken":0},{"event_name":"Falling","player_choice":"Removed Skill","floor":42,"damage_taken":0}],"is_beta":false,"boss_relics":[{"not_picked":["Empty Cage","White Beast Statue"],"picked":"Black Star"},{"not_picked":["Runic Dome","Sozu"],"picked":"Fusion Hammer"}],"items_purged_floors":[],"is_endless":false,"potions_floor_spawned":[3,6,11,13,14,18,20,21,23,29,31,33,35,39,40,44,47],"ascension_level":0}