{"gold_per_floor":[217,58,76,18,31,31,63,38,38,38,52,65,95,95,95,95],"floor_reached":16,"playtime":1047,"items_purged":["Strike_G"],"score":198,"play_id":"77cf0b67-749f-4df9-b698-a7cee79fa38b","local_time":"20190415175116","is_ascension_mode":true,"campfire_choices":[{"data":"Skewer","floor":6,"key":"SMITH"},{"floor":10,"key":"REST"},{"floor":15,"key":"REST"}],"neow_cost":"NONE","seed_source_timestamp":117191085287100,"circlet_count":0,"master_deck":["AscendersBane","Defend_G","Defend_G","Defend_G","Defend_G","Defend_G","Strike_G","Strike_G","Strike_G","Strike_G","Survivor","Neutralize","Masterful Stab","Well Laid Plans","Underhanded Strike","Skewer+1","Slice","Blur","Poisoned Stab","PiercingWail"],"relics":["Ring of the Snake","Bottled Flame","Bottled Lightning","Pen Nib","Golden Idol"],"potions_floor_usage":[5,7,7,16,16,16],"damage_taken":[{"damage":1,"enemies":"2 Louse","floor":1,"turns":3},{"damage":1,"enemies":"Jaw Worm","floor":3,"turns":5},{"damage":0,"enemies":"Small Slimes","floor":5,"turns":3},{"damage":20,"enemies":"Gremlin Nob","floor":7,"turns":5},{"damage":3,"enemies":"Blue Slaver","floor":11,"turns":3},{"damage":14,"enemies":"Exordium Wildlife","floor":12,"turns":4},{"damage":32,"enemies":"Lagavulin","floor":13,"turns":7},{"damage":28,"enemies":"Slime Boss","floor":16,"turns":3}],"seed_played":"-8591628205521357319","potions_obtained":[{"floor":3,"key":"EntropicBrew"},{"floor":13,"key":"EntropicBrew"}],"is_trial":false,"path_per_floor":["M","$","M","$","M","R","E","$","T","R","M","M","E","?","R","B"],"character_chosen":"THE_SILENT","items_purchased":["Masterful Stab","Underhanded Strike","Slice"],"campfire_rested":2,"item_purchase_floors":[2,4,8],"current_hp_per_floor":[58,58,57,57,57,57,37,37,37,56,53,39,7,7,25,0],"gold":95,"neow_bonus":"HUNDRED_GOLD","is_prod":false,"is_daily":false,"chose_seed":false,"campfire_upgraded":1,"win_rate":0,"timestamp":1555375876,"path_taken":["M","$","M","$","M","R","E","$","T","R","M","M","E","?","R","BOSS"],"build_version":"2019-01-23","purchased_purges":1,"victory":false,"max_hp_per_floor":[66,66,66,66,66,66,66,66,66,66,66,66,66,60,60,60],"card_choices":[{"not_picked":["Blade Dance","Blur","Prepared"],"picked":"SKIP","floor":1},{"not_picked":["Noxious Fumes","Tactician"],"picked":"Well Laid Plans","floor":3},{"not_picked":["Cloak And Dagger","Sucker Punch"],"picked":"Skewer","floor":5},{"not_picked":["Accuracy","Dash","Malaise"],"picked":"SKIP","floor":7},{"not_picked":["Skewer","Prepared"],"picked":"Blur","floor":11},{"not_picked":["Well Laid Plans","Outmaneuver"],"picked":"Poisoned Stab","floor":12},{"not_picked":["Deflect","Reflex"],"picked":"PiercingWail","floor":13}],"player_experience":868679,"relics_obtained":[{"floor":7,"key":"Bottled Flame"},{"floor":9,"key":"Bottled Lightning"},{"floor":13,"key":"Pen Nib"}],"event_choices":[{"damage_healed":0,"gold_gain":0,"player_choice":"Lose Max HP","damage_taken":0,"relics_obtained":["Golden Idol"],"max_hp_gain":0,"max_hp_loss":6,"event_name":"Golden Idol","floor":14,"gold_loss":0}],"is_beta":false,"boss_relics":[],"items_purged_floors":[2],"is_endless":false,"potions_floor_spawned":[3,5,7,13],"killed_by":"Slime Boss","ascension_level":16}