{"gold_per_floor":[109,128,203,222,187,220,220,237,311,311],"floor_reached":10,"playtime":188,"items_purged":[],"score":136,"play_id":"8d587474-dcb9-43b0-86d2-2371321e619e","local_time":"20190428003010","is_ascension_mode":true,"campfire_choices":[{"floor":7,"key":"REST"}],"neow_cost":"NONE","seed_source_timestamp":1129431663449499,"circlet_count":0,"master_deck":["AscendersBane","Defend_G","Defend_G","Defend_G","Defend_G","Defend_G","Strike_G","Strike_G","Strike_G","Strike_G","Strike_G","Survivor","Neutralize","Flying Knee","Poisoned Stab","PiercingWail"],"relics":["Ring of the Snake","NeowsBlessing","Ginger"],"potions_floor_usage":[6,10],"damage_taken":[{"damage":0,"enemies":"Jaw Worm","floor":1,"turns":1},{"damage":0,"enemies":"2 Louse","floor":2,"turns":1},{"damage":0,"enemies":"Small Slimes","floor":4,"turns":1},{"damage":52,"enemies":"Gremlin Nob","floor":6,"turns":5},{"damage":0,"enemies":"Exordium Wildlife","floor":8,"turns":3},{"damage":34,"enemies":"Lagavulin","floor":10,"turns":8}],"seed_played":"8301601583024502731","potions_obtained":[{"floor":2,"key":"GamblersBrew"},{"floor":6,"key":"Poison Potion"}],"is_trial":false,"path_per_floor":["M","M","?","M","?","E","R","M","T","E"],"character_chosen":"THE_SILENT","items_purchased":[],"campfire_rested":1,"item_purchase_floors":[],"current_hp_per_floor":[59,59,48,48,64,12,31,31,31,0],"gold":311,"neow_bonus":"THREE_ENEMY_KILL","is_prod":false,"is_daily":false,"chose_seed":false,"campfire_upgraded":0,"win_rate":0,"timestamp":1556422210,"path_taken":["M","M","?","M","?","E","R","M","T","E"],"build_version":"2019-01-23","purchased_purges":0,"victory":false,"max_hp_per_floor":[66,66,66,66,66,66,66,66,66,66],"card_choices":[{"not_picked":["Blade Dance","Prepared"],"picked":"Flying Knee","floor":1},{"not_picked":["Cloak And Dagger","Prepared"],"picked":"Poisoned Stab","floor":2},{"not_picked":["Outmaneuver","Distraction","Acrobatics"],"picked":"SKIP","floor":4},{"not_picked":["Setup","Outmaneuver","Calculated Gamble"],"picked":"SKIP","floor":6},{"not_picked":["Infinite Blades","Blur"],"picked":"PiercingWail","floor":8}],"player_experience":2214779,"relics_obtained":[{"floor":6,"key":"Ginger"}],"event_choices":[{"damage_healed":0,"gold_gain":75,"player_choice":"Gather Gold","damage_taken":11,"max_hp_gain":0,"max_hp_loss":0,"event_name":"World of Goop","floor":3,"gold_loss":0},{"damage_healed":16,"gold_gain":0,"player_choice":"Healed","damage_taken":0,"max_hp_gain":0,"max_hp_loss":0,"event_name":"The Cleric","floor":5,"gold_loss":35}],"is_beta":false,"boss_relics":[],"items_purged_floors":[],"is_endless":false,"potions_floor_spawned":[2,6],"killed_by":"Lagavulin","ascension_level":20}