{"gold_per_floor":[116,131,148,165,165,165,165,182,182,182],"floor_reached":10,"playtime":754,"items_purged":[],"score":120,"play_id":"8128bb91-d4e8-4361-a008-64cdf865af7c","local_time":"20190517213338","is_ascension_mode":true,"campfire_choices":[{"data":"Masterful Stab","floor":7,"key":"SMITH"}],"neow_cost":"NONE","seed_source_timestamp":96694454297000,"circlet_count":0,"master_deck":["AscendersBane","Defend_G","Defend_G","Defend_G","Defend_G","Defend_G","Strike_G","Strike_G+1","Strike_G","Strike_G+1","Strike_G","Survivor","Neutralize","Footwork","Flechettes","Masterful Stab+1","Cloak And Dagger"],"relics":["Ring of the Snake","Orichalcum","FossilizedHelix"],"potions_floor_usage":[3],"damage_taken":[{"damage":3,"enemies":"Cultist","floor":1,"turns":5},{"damage":0,"enemies":"2 Louse","floor":2,"turns":3},{"damage":2,"enemies":"Jaw Worm","floor":3,"turns":5},{"damage":0,"enemies":"Blue Slaver","floor":4,"turns":5},{"damage":7,"enemies":"3 Louse","floor":8,"turns":5},{"damage":33,"enemies":"Lagavulin","floor":10,"turns":8}],"seed_played":"-1444075242813339260","potions_obtained":[{"floor":1,"key":"SpeedPotion"}],"is_trial":false,"path_per_floor":["M","M","M","M","?","?","R","M","T","E"],"character_chosen":"THE_SILENT","items_purchased":[],"campfire_rested":0,"item_purchase_floors":[],"current_hp_per_floor":[56,56,54,54,34,34,34,27,27,0],"gold":182,"neow_bonus":"RANDOM_COMMON_RELIC","is_prod":false,"is_daily":false,"chose_seed":false,"campfire_upgraded":1,"win_rate":0,"timestamp":1558154018,"path_taken":["M","?","M","M","?","?","R","M","T","E"],"build_version":"2019-01-23","purchased_purges":0,"victory":false,"max_hp_per_floor":[66,66,66,66,66,66,66,66,66,66],"card_choices":[{"not_picked":["Dodge and Roll","Blade Dance"],"picked":"Footwork","floor":1},{"not_picked":["Sucker Punch","Backflip"],"picked":"Flechettes","floor":2},{"not_picked":["Blade Dance","Setup"],"picked":"Masterful Stab","floor":3},{"not_picked":["Sucker Punch","Deflect"],"picked":"Cloak And Dagger","floor":4},{"not_picked":["Dodge and Roll","Riddle With Holes","Slice"],"picked":"SKIP","floor":8}],"player_experience":1359853,"relics_obtained":[{"floor":9,"key":"FossilizedHelix"}],"event_choices":[{"damage_healed":0,"gold_gain":0,"player_choice":"Entered Light","damage_taken":20,"max_hp_gain":0,"max_hp_loss":0,"event_name":"Shining Light","floor":5,"gold_loss":0,"cards_upgraded":["Strike_G","Strike_G"]},{"damage_healed":0,"gold_gain":0,"player_choice":"Fled","damage_taken":0,"max_hp_gain":0,"max_hp_loss":0,"event_name":"Scrap Ooze","floor":6,"gold_loss":0}],"is_beta":false,"boss_relics":[],"items_purged_floors":[],"is_endless":false,"potions_floor_spawned":[1],"killed_by":"Lagavulin","ascension_level":20}