{"gold_per_floor":[116,134,55,71,171,171,196,196,196,215,228,256,270,284,284,357,407,367,384,384,384,402,436,448,460,542,554,593,631,72,106,106,181,181,193,193,32,48,60,60,91,91,168,168,168,200,212,223,223,223],"floor_reached":51,"playtime":6464,"items_purged":["Strike_G"],"score":1634,"play_id":"c3fdcd4d-b563-4460-a4c0-37c37e4ca733","local_time":"20190423214320","is_ascension_mode":true,"campfire_choices":[{"data":"Noxious Fumes","floor":6.0,"key":"SMITH"},{"data":"Die Die Die","floor":8.0,"key":"SMITH"},{"floor":15.0,"key":"REST"},{"floor":24.0,"key":"REST"},{"floor":27.0,"key":"REST"},{"data":"Footwork","floor":32.0,"key":"SMITH"},{"data":"Wraith Form v2","floor":40.0,"key":"SMITH"},{"data":"After Image","floor":42.0,"key":"SMITH"},{"floor":49.0,"key":"REST"}],"neow_cost":"NONE","seed_source_timestamp":0,"circlet_count":0,"master_deck":["AscendersBane","Defend_G","Defend_G","Defend_G","Defend_G","Defend_G","Strike_G","Strike_G","Strike_G","Strike_G","Survivor","Neutralize","Noxious Fumes+1","Dagger Throw","Die Die Die+1","Backstab","After Image+1","Dodge and Roll","Calculated Gamble+1","Infinite Blades","Wraith Form v2+1","Cloak And Dagger","PiercingWail","Backstab","Deflect+1","Malaise+1","Footwork+1","Storm of Steel+1","Die Die Die","Leg Sweep+1","The Bomb+1","PiercingWail+1","Malaise+1","Crippling Poison+1","Cloak And Dagger+1","Footwork+1"],"special_seed":0,"relics":["Ring of the Snake","Bronze Scales","Sundial","Bag of Preparation","Happy Flower","Tiny House","MawBank","Pantograph","Oddly Smooth Stone","Toxic Egg 2","FossilizedHelix","Bottled Lightning","White Beast Statue","Anchor","Bottled Flame","Kunai","Dodecahedron"],"potions_floor_usage":[50,50],"damage_taken":[{"damage":0.0,"enemies":"Jaw Worm","floor":1.0,"turns":4.0},{"damage":0.0,"enemies":"Cultist","floor":2.0,"turns":4.0},{"damage":0.0,"enemies":"2 Louse","floor":4.0,"turns":1.0},{"damage":19.0,"enemies":"3 Sentries","floor":7.0,"turns":6.0},{"damage":0.0,"enemies":"Exordium Wildlife","floor":10.0,"turns":1.0},{"damage":0.0,"enemies":"Large Slime","floor":11.0,"turns":5.0},{"damage":22.0,"enemies":"Gremlin Nob","floor":12.0,"turns":4.0},{"damage":0.0,"enemies":"Looter","floor":13.0,"turns":2.0},{"damage":0.0,"enemies":"Exordium Wildlife","floor":14.0,"turns":2.0},{"damage":0.0,"enemies":"Hexaghost","floor":16.0,"turns":9.0},{"damage":0.0,"enemies":"2 Thieves","floor":18.0,"turns":2.0},{"damage":6.0,"enemies":"3 Byrds","floor":19.0,"turns":4.0},{"damage":22.0,"enemies":"Colosseum Slavers","floor":20.0,"turns":5.0},{"damage":29.0,"enemies":"Centurion and Healer","floor":22.0,"turns":10.0},{"damage":0.0,"enemies":"Gremlin Leader","floor":23.0,"turns":9.0},{"damage":6.0,"enemies":"Book of Stabbing","floor":29.0,"turns":7.0},{"damage":0.0,"enemies":"Slavers","floor":31.0,"turns":6.0},{"damage":40.0,"enemies":"Collector","floor":33.0,"turns":13.0},{"damage":0.0,"enemies":"Orb Walker","floor":35.0,"turns":5.0},{"damage":0.0,"enemies":"3 Shapes","floor":38.0,"turns":6.0},{"damage":11.0,"enemies":"Spire Growth","floor":39.0,"turns":11.0},{"damage":5.0,"enemies":"Nemesis","floor":41.0,"turns":13.0},{"damage":33.0,"enemies":"Reptomancer","floor":46.0,"turns":11.0},{"damage":0.0,"enemies":"4 Shapes","floor":47.0,"turns":8.0},{"damage":0.0,"enemies":"Sphere and 2 Shapes","floor":48.0,"turns":4.0},{"damage":53,"enemies":"Time Eater","floor":50,"turns":20}],"seed_played":"2197068177436869527","potions_obtained":[{"floor":1.0,"key":"Swift Potion"},{"floor":11.0,"key":"GamblersBrew"},{"floor":12.0,"key":"Energy Potion"},{"floor":14.0,"key":"PowerPotion"},{"floor":17.0,"key":"SmokeBomb"},{"floor":29.0,"key":"PowerPotion"},{"floor":31.0,"key":"LiquidBronze"},{"floor":35.0,"key":"GhostInAJar"},{"floor":38.0,"key":"Ancient Potion"},{"floor":39.0,"key":"Ancient Potion"},{"floor":41.0,"key":"FearPotion"},{"floor":46.0,"key":"Swift Potion"},{"floor":47.0,"key":"Swift Potion"},{"floor":48.0,"key":"SkillPotion"}],"is_trial":false,"path_per_floor":["M","M","$","M","?","R","E","R","T","M","M","E","M","M","R","B",null,"M","M","?","?","M","E","R","?","T","R","T","E","$","E","R","B",null,"M","?","$","M","M","R","E","R","T","?","?","E","M","M","R","B",null],"character_chosen":"THE_SILENT","items_purchased":["Die Die Die","Malaise+1","Footwork","FossilizedHelix","Anchor"],"campfire_rested":4,"item_purchase_floors":[3,30,30,30,37],"current_hp_per_floor":[59,59,59,59,59,59,40,40,40,40,40,18,18,18,37,37,64,64,58,36,36,7,7,28,28,28,49,49,43,43,43,43,28,60,60,60,60,60,49,49,44,44,44,44,44,11,11,11,32,4],"gold":223,"neow_bonus":"RANDOM_COMMON_RELIC","is_prod":false,"is_daily":false,"chose_seed":false,"campfire_upgraded":5,"win_rate":0,"timestamp":1556081000,"path_taken":["M","M","$","M","?","R","E","R","T","M","?","E","M","M","R","BOSS","M","M","?","?","M","E","R","?","T","R","?","E","$","E","R","BOSS","M","?","$","M","M","R","E","R","T","?","?","E","M","M","R","BOSS"],"build_version":"2019-01-23","purchased_purges":1,"victory":true,"max_hp_per_floor":[66,66,66,66,66,66,66,66,66,66,66,66,66,66,66,66,71,71,71,71,71,71,71,71,71,71,71,71,71,71,71,71,71,71,71,71,71,71,71,71,71,71,71,71,71,71,71,71,71,71],"card_choices":[{"not_picked":["Distraction","Crippling Poison"],"picked":"Noxious Fumes","floor":1.0},{"not_picked":["Outmaneuver","Backflip"],"picked":"Dagger Throw","floor":2.0},{"not_picked":["Leg Sweep","Escape Plan"],"picked":"Backstab","floor":4.0},{"not_picked":["Outmaneuver","Concentrate"],"picked":"After Image","floor":7.0},{"not_picked":["Deadly Poison","Cloak And Dagger"],"picked":"Dodge and Roll","floor":10.0},{"not_picked":["Endless Agony","Expertise"],"picked":"Calculated Gamble","floor":11.0},{"not_picked":["Deflect","Setup"],"picked":"Infinite Blades","floor":12.0},{"not_picked":["Deadly Poison","Setup","Dagger Spray"],"picked":"SKIP","floor":13.0},{"not_picked":["Outmaneuver","Well Laid Plans"],"picked":"Leg Sweep","floor":14.0},{"not_picked":["A Thousand Cuts","Venomology"],"picked":"Wraith Form v2","floor":16.0},{"not_picked":["Flying Knee","Blade Dance"],"picked":"Cloak And Dagger","floor":17.0},{"not_picked":["Poisoned Stab","Backflip"],"picked":"PiercingWail","floor":19.0},{"not_picked":["PiercingWail","Dash"],"picked":"Backstab","floor":22.0},{"not_picked":["Accuracy","Dagger Throw","Slice"],"picked":"SKIP","floor":23.0},{"not_picked":["Underhanded Strike","Choke"],"picked":"Deflect","floor":29.0},{"not_picked":["Caltrops","Concentrate+1"],"picked":"Storm of Steel+1","floor":31.0},{"not_picked":["Venomology+1","Glass Knife"],"picked":"Die Die Die","floor":33.0},{"not_picked":["Deadly Poison+1","Terror+1"],"picked":"Leg Sweep+1","floor":35.0},{"not_picked":["Panache","Transmutation+1"],"picked":"The Bomb+1","floor":36.0},{"not_picked":["Distraction+1","Sucker Punch"],"picked":"PiercingWail+1","floor":38.0},{"not_picked":["Acrobatics+1","Prepared+1","Dagger Throw"],"picked":"SKIP","floor":39.0},{"not_picked":["Terror+1","Caltrops"],"picked":"Malaise+1","floor":41.0},{"not_picked":["Tactician+1","Concentrate+1"],"picked":"Crippling Poison+1","floor":46.0},{"not_picked":["Blade Dance+1","Flying Knee+1"],"picked":"Cloak And Dagger+1","floor":47.0},{"not_picked":["Terror+1","Slice"],"picked":"Footwork+1","floor":48.0}],"player_experience":963763,"relics_obtained":[{"floor":7.0,"key":"Sundial"},{"floor":9.0,"key":"Bag of Preparation"},{"floor":12.0,"key":"Happy Flower"},{"floor":23.0,"key":"MawBank"},{"floor":26.0,"key":"Pantograph"},{"floor":28.0,"key":"Oddly Smooth Stone"},{"floor":29.0,"key":"Toxic Egg 2"},{"floor":31.0,"key":"Bottled Lightning"},{"floor":41.0,"key":"Bottled Flame"},{"floor":43.0,"key":"Kunai"},{"floor":46.0,"key":"Dodecahedron"}],"event_choices":[{"damage_healed":0.0,"max_hp_gain":0.0,"max_hp_loss":0.0,"gold_gain":100.0,"event_name":"Wheel of Change","player_choice":"Gold","floor":5.0,"gold_loss":0.0,"damage_taken":0.0},{"damage_healed":0.0,"max_hp_gain":0.0,"max_hp_loss":0.0,"gold_gain":0.0,"event_name":"Colosseum","player_choice":"Fight","floor":20.0,"gold_loss":0.0,"damage_taken":0.0},{"damage_healed":0.0,"max_hp_gain":0.0,"max_hp_loss":0.0,"gold_gain":0.0,"event_name":"Colosseum","player_choice":"Fled From Nobs","floor":20.0,"gold_loss":0.0,"damage_taken":0.0},{"damage_healed":0.0,"max_hp_gain":0.0,"max_hp_loss":0.0,"gold_gain":0.0,"event_name":"Ghosts","player_choice":"Ignored","floor":21.0,"gold_loss":0.0,"damage_taken":0.0},{"damage_healed":0.0,"max_hp_gain":0.0,"max_hp_loss":0.0,"gold_gain":0.0,"event_name":"The Mausoleum","player_choice":"Ignored","floor":25.0,"gold_loss":0.0,"damage_taken":0.0},{"damage_healed":0.0,"max_hp_gain":0.0,"max_hp_loss":0.0,"gold_gain":0.0,"event_name":"SensoryStone","player_choice":"Memory 1","floor":36.0,"gold_loss":0.0,"damage_taken":0.0},{"damage_healed":0.0,"max_hp_gain":0.0,"max_hp_loss":0.0,"gold_gain":0.0,"event_name":"Mysterious Sphere","player_choice":"Ignored","floor":44.0,"gold_loss":0.0,"damage_taken":0.0},{"cards_removed":["Leg Sweep"],"damage_healed":0.0,"max_hp_gain":0.0,"max_hp_loss":0.0,"gold_gain":0.0,"event_name":"Falling","player_choice":"Removed Skill","floor":45.0,"gold_loss":0.0,"damage_taken":0.0}],"is_beta":false,"boss_relics":[{"not_picked":["Coffee Dripper","Lizard Tail"],"picked":"Tiny House"},{"not_picked":["Orrery","Calling Bell"],"picked":"White Beast Statue"}],"items_purged_floors":[30],"is_endless":false,"potions_floor_spawned":[1,11,12,14,20,29,31,35,38,39,41,46,47,48],"ascension_level":19}