{"gold_per_floor":[116,131,147,159,175,175,203,203,230,264,15,33,33,33,33,105,105,124,140,190,200,72,72,89,89,166,166,182,162,190,209,209,284,284,304,318,332,332,348,348,381,397,420,437,465,477,477,505,505,505,505],"floor_reached":51,"playtime":2571,"items_purged":[],"score":1646,"play_id":"81317052-2cc6-4b80-8318-ce75c00b2292","local_time":"20190426062521","is_ascension_mode":true,"campfire_choices":[{"data":"Noxious Fumes","floor":6.0,"key":"SMITH"},{"floor":8.0,"key":"REST"},{"floor":15.0,"key":"REST"},{"data":"Wraith Form v2","floor":23.0,"key":"SMITH"},{"data":"Wraith Form v2","floor":25.0,"key":"SMITH"},{"data":"Wraith Form v2","floor":27.0,"key":"SMITH"},{"floor":32.0,"key":"REST"},{"data":"After Image","floor":40.0,"key":"SMITH"},{"floor":49,"key":"RECALL"}],"neow_cost":"NONE","seed_source_timestamp":975416133411463,"circlet_count":0,"master_deck":["AscendersBane","Defend_G","Defend_G","Defend_G","Defend_G","Defend_G","Strike_G","Strike_G","Strike_G","Strike_G","Survivor","Neutralize","Bouncing Flask","Noxious Fumes+1","Predator","Deflect","Footwork","Backstab","Wraith Form v2+1","PiercingWail","Wraith Form v2+1","Wraith Form v2+1","Backflip","Acrobatics","Catalyst","After Image+1","Leg Sweep","Deadly Poison+1","PiercingWail+1","Acrobatics","Dash","Burst","Noxious Fumes"],"special_seed":0,"relics":["Ring of the Snake","Lantern","Torii","Strawberry","Omamori","Anchor","WarpedTongs","Sozu","The Courier","Happy Flower","Snecko Eye","Smiling Mask","Bronze Scales","Bag of Preparation"],"potions_floor_usage":[],"damage_taken":[{"damage":0.0,"enemies":"Cultist","floor":1.0,"turns":4.0},{"damage":5.0,"enemies":"Jaw Worm","floor":2.0,"turns":3.0},{"damage":7.0,"enemies":"Small Slimes","floor":3.0,"turns":4.0},{"damage":10.0,"enemies":"Gremlin Gang","floor":4.0,"turns":5.0},{"damage":0.0,"enemies":"2 Fungi Beasts","floor":5.0,"turns":4.0},{"damage":29.0,"enemies":"3 Sentries","floor":7.0,"turns":8.0},{"damage":30.0,"enemies":"Gremlin Nob","floor":10.0,"turns":4.0},{"damage":0.0,"enemies":"Lots of Slimes","floor":12.0,"turns":4.0},{"damage":11.0,"enemies":"Hexaghost","floor":16.0,"turns":11.0},{"damage":3.0,"enemies":"2 Thieves","floor":18.0,"turns":5.0},{"damage":4.0,"enemies":"Spheric Guardian","floor":19.0,"turns":7.0},{"damage":22.0,"enemies":"Centurion and Healer","floor":21.0,"turns":8.0},{"damage":3.0,"enemies":"3 Cultists","floor":24.0,"turns":6.0},{"damage":7.0,"enemies":"Sentry and Sphere","floor":28.0,"turns":8.0},{"damage":13.0,"enemies":"Book of Stabbing","floor":30.0,"turns":8.0},{"damage":3.0,"enemies":"Cultist and Chosen","floor":31.0,"turns":9.0},{"damage":6.0,"enemies":"Collector","floor":33.0,"turns":9.0},{"damage":0.0,"enemies":"3 Shapes","floor":35.0,"turns":4.0},{"damage":0.0,"enemies":"3 Darklings","floor":36.0,"turns":7.0},{"damage":0.0,"enemies":"Jaw Worm Horde","floor":37.0,"turns":5.0},{"damage":0.0,"enemies":"Sphere and 2 Shapes","floor":39.0,"turns":5.0},{"damage":0.0,"enemies":"Giant Head","floor":41.0,"turns":8.0},{"damage":0.0,"enemies":"Transient","floor":42.0,"turns":6.0},{"damage":2.0,"enemies":"3 Darklings","floor":44.0,"turns":6.0},{"damage":45,"enemies":"Nemesis","floor":45,"turns":11},{"damage":0,"enemies":"Maw","floor":46,"turns":7},{"damage":0,"enemies":"Giant Head","floor":48,"turns":9},{"damage":0,"enemies":"Donu and Deca","floor":50,"turns":12},{"damage":20,"enemies":"Awakened One","floor":51,"turns":12}],"seed_played":"-2211023697869156625","potions_obtained":[{"floor":3.0,"key":"Strength Potion"},{"floor":5.0,"key":"SpeedPotion"},{"floor":7.0,"key":"Poison Potion"},{"floor":10.0,"key":"FearPotion"}],"is_trial":false,"path_per_floor":["M","M","M","M","M","R","E","R","T","E","$","M","?","?","R","B",null,"M","M","?","M","$","R","M","R","T","R","M","?","E","M","R","B",null,"M","M","M","?","M","R","E","M","T","M","E","M","?","E","R","B","B"],"character_chosen":"THE_SILENT","items_purchased":["Anchor","GhostInAJar","Wraith Form v2","Backflip"],"campfire_rested":3,"item_purchase_floors":[11,11,22,22],"current_hp_per_floor":[59,54,47,37,37,37,8,27,34,4,4,4,4,4,25,14,58,55,51,51,29,29,29,26,26,26,26,19,19,6,3,24,18,59,59,59,59,59,59,59,59,59,59,57,12,12,12,12,12,12,0],"gold":505,"neow_bonus":"RANDOM_COMMON_RELIC","is_prod":false,"is_daily":false,"chose_seed":false,"campfire_upgraded":5,"win_rate":0,"timestamp":1556270721,"path_taken":["M","?","M","M","M","R","E","R","T","E","$","M","?","?","R","BOSS","M","?","?","M","$","R","?","R","T","R","M","?","E","M","R","BOSS","M","?","M","?","M","R","E","M","T","M","E","M","?","E","R","BOSS","BOSS"],"build_version":"2019-01-23","purchased_purges":0,"victory":false,"max_hp_per_floor":[66,66,66,66,66,66,66,66,73,73,73,73,73,73,73,73,73,73,73,73,73,73,73,73,73,73,73,73,73,73,73,73,73,73,73,73,73,73,73,73,73,73,73,73,73,73,73,73,73,73,73],"card_choices":[{"not_picked":["Outmaneuver","Underhanded Strike"],"picked":"Bouncing Flask","floor":1.0},{"not_picked":["Prepared","Dagger Throw"],"picked":"Noxious Fumes","floor":2.0},{"not_picked":["Dodge and Roll","Flechettes"],"picked":"Predator","floor":3.0},{"not_picked":["Tools of the Trade","Prepared"],"picked":"Deflect","floor":4.0},{"not_picked":["Endless Agony","Crippling Poison"],"picked":"Footwork","floor":5.0},{"not_picked":["Deadly Poison","Prepared","Heel Hook"],"picked":"SKIP","floor":7.0},{"not_picked":["PiercingWail","Bouncing Flask"],"picked":"Backstab","floor":10.0},{"not_picked":["Accuracy","Poisoned Stab","Expertise"],"picked":"SKIP","floor":12.0},{"not_picked":["Tools of the Trade","Doppelganger"],"picked":"Wraith Form v2","floor":16.0},{"not_picked":["Sucker Punch","Riddle With Holes"],"picked":"PiercingWail","floor":18.0},{"not_picked":["Blade Dance","Sucker Punch","Deadly Poison"],"picked":"SKIP","floor":19.0},{"not_picked":["Dagger Spray","Accuracy"],"picked":"Wraith Form v2","floor":21.0},{"not_picked":["Deflect","Underhanded Strike"],"picked":"Acrobatics","floor":24.0},{"not_picked":["Deflect","Burst","Blade Dance"],"picked":"SKIP","floor":28.0},{"not_picked":["Flying Knee","Choke"],"picked":"Catalyst","floor":30.0},{"not_picked":["Poisoned Stab","Bane","Prepared"],"picked":"SKIP","floor":31.0},{"not_picked":["Tools of the Trade","Grand Finale"],"picked":"After Image","floor":33.0},{"not_picked":["Backflip+1","Choke"],"picked":"Leg Sweep","floor":35.0},{"not_picked":["Slice","Poisoned Stab+1","Blade Dance"],"picked":"SKIP","floor":36.0},{"not_picked":["Dagger Spray","Sucker Punch+1","Blade Dance"],"picked":"SKIP","floor":37.0},{"not_picked":["Sucker Punch","Outmaneuver"],"picked":"Deadly Poison+1","floor":39.0},{"not_picked":["Outmaneuver","Bane+1","Backstab"],"picked":"SKIP","floor":41.0},{"not_picked":["Storm of Steel","Acrobatics"],"picked":"PiercingWail+1","floor":42.0},{"not_picked":["Dodge and Roll","Dagger Throw"],"picked":"Acrobatics","floor":44.0},{"not_picked":["Riddle With Holes","Dodge and Roll"],"picked":"Dash","floor":45},{"not_picked":["Blur","Accuracy"],"picked":"Burst","floor":46},{"not_picked":["Prepared+1","Tactician+1"],"picked":"Noxious Fumes","floor":48}],"player_experience":2177574,"relics_obtained":[{"floor":7.0,"key":"Torii"},{"floor":9.0,"key":"Strawberry"},{"floor":10.0,"key":"Omamori"},{"floor":26.0,"key":"The Courier"},{"floor":30.0,"key":"Happy Flower"},{"floor":41.0,"key":"Smiling Mask"},{"floor":45,"key":"Bronze Scales"},{"floor":48,"key":"Bag of Preparation"}],"event_choices":[{"damage_healed":0.0,"max_hp_gain":0.0,"max_hp_loss":0.0,"gold_gain":0.0,"event_name":"Dead Adventurer","player_choice":"Searched \u00270\u0027 times","floor":13.0,"gold_loss":0.0,"damage_taken":0.0},{"damage_healed":0.0,"max_hp_gain":0.0,"max_hp_loss":0.0,"gold_gain":0.0,"event_name":"Accursed Blacksmith","player_choice":"Rummage","floor":14.0,"gold_loss":0.0,"damage_taken":0.0,"relics_obtained":["WarpedTongs"],"cards_obtained":["Pain"]},{"damage_healed":0.0,"max_hp_gain":0.0,"max_hp_loss":0.0,"gold_gain":100.0,"event_name":"The Joust","player_choice":"Bet on Murderer","floor":20.0,"gold_loss":50.0,"damage_taken":0.0},{"damage_healed":0.0,"max_hp_gain":0.0,"max_hp_loss":0.0,"gold_gain":0.0,"event_name":"The Woman in Blue","player_choice":"Bought 1 Potion","floor":29.0,"gold_loss":0.0,"damage_taken":0.0},{"damage_healed":0.0,"max_hp_gain":0.0,"max_hp_loss":0.0,"gold_gain":0.0,"event_name":"Tomb of Lord Red Mask","player_choice":"Ignored","floor":38.0,"gold_loss":0.0,"damage_taken":0.0},{"cards_removed":["Strike_G"],"damage_healed":0,"gold_gain":0,"player_choice":"Purged","damage_taken":0,"max_hp_gain":0,"max_hp_loss":0,"event_name":"Purifier","floor":47,"gold_loss":0}],"is_beta":false,"boss_relics":[{"not_picked":["Astrolabe","WristBlade"],"picked":"Sozu"},{"not_picked":["Lizard Tail","Ring of the Serpent"],"picked":"Snecko Eye"}],"items_purged_floors":[],"is_endless":false,"potions_floor_spawned":[3,5,7,10,18,24,30,33,36,37,44,46],"killed_by":"Awakened One","ascension_level":20}