{"gold_per_floor":[367,380,390,2,2,2,35,59,85,37,72,72,18,18,18,109,109,127,143,143,156,46,46],"floor_reached":23,"playtime":1998,"items_purged":["Strike_G"],"score":397,"play_id":"f76984fb-0617-4d4a-9db3-956a744ec9f1","local_time":"20190427213727","is_ascension_mode":true,"campfire_choices":[{"data":"Apotheosis","floor":6.0,"key":"SMITH"},{"floor":12.0,"key":"REST"},{"floor":15.0,"key":"REST"}],"neow_cost":"TEN_PERCENT_HP_LOSS","seed_source_timestamp":89680078708100,"circlet_count":0,"master_deck":["AscendersBane","Defend_G","Defend_G","Defend_G","Defend_G","Defend_G","Strike_G","Survivor","Neutralize","Skewer","Poisoned Stab","Footwork","Apotheosis+1","Riddle With Holes+1","Unload","Malaise","Backflip","Calculated Gamble","Die Die Die","Crippling Poison"],"special_seed":0,"relics":["Ring of the Snake","Golden Idol","Bag of Preparation","PreservedInsect","Oddly Smooth Stone","Spirit Poop","Snecko Eye"],"potions_floor_usage":[],"damage_taken":[{"damage":4.0,"enemies":"Cultist","floor":1.0,"turns":5.0},{"damage":1.0,"enemies":"2 Louse","floor":2.0,"turns":3.0},{"damage":2.0,"enemies":"Small Slimes","floor":3.0,"turns":3.0},{"damage":8.0,"enemies":"Lagavulin","floor":7.0,"turns":6.0},{"damage":4.0,"enemies":"Red Slaver","floor":8.0,"turns":4.0},{"damage":10.0,"enemies":"3 Sentries","floor":11.0,"turns":7.0},{"damage":16.0,"enemies":"Slime Boss","floor":16.0,"turns":10.0},{"damage":1.0,"enemies":"Chosen","floor":18.0,"turns":4.0},{"damage":1.0,"enemies":"Shell Parasite","floor":19.0,"turns":6.0},{"damage":0.0,"enemies":"Sentry and Sphere","floor":21.0,"turns":6.0},{"damage":65,"enemies":"Slavers","floor":23,"turns":6}],"seed_played":"526160177456283247","potions_obtained":[{"floor":1.0,"key":"SteroidPotion"},{"floor":2.0,"key":"SkillPotion"},{"floor":11.0,"key":"Block Potion"},{"floor":19.0,"key":"Poison Potion"}],"is_trial":false,"path_per_floor":["M","M","M","$","?","R","E","M","T","?","E","R","$","?","R","B",null,"M","M","?","M","?","E"],"character_chosen":"THE_SILENT","items_purchased":["Footwork","Apotheosis","Swift Potion","FearPotion"],"campfire_rested":2,"item_purchase_floors":[4,4,4,13],"current_hp_per_floor":[55,54,52,52,52,52,44,40,40,40,30,48,48,48,60,44,56,55,54,54,54,54,0],"gold":46,"neow_bonus":"TWO_FIFTY_GOLD","is_prod":false,"is_daily":false,"chose_seed":false,"campfire_upgraded":1,"win_rate":0,"timestamp":1556426247,"path_taken":["M","M","M","$","?","R","E","M","T","?","E","R","$","?","R","BOSS","M","M","?","M","?","E"],"build_version":"2019-01-23","purchased_purges":1,"victory":false,"max_hp_per_floor":[60,60,60,60,60,60,60,60,60,60,60,60,60,60,60,60,60,60,60,60,60,60,60],"card_choices":[{"not_picked":["Concentrate","Dodge and Roll"],"picked":"Skewer","floor":1.0},{"not_picked":["Deflect","Escape Plan","Dodge and Roll"],"picked":"SKIP","floor":2.0},{"not_picked":["Crippling Poison","Flying Knee"],"picked":"Poisoned Stab","floor":3.0},{"not_picked":["Flying Knee","Prepared","Underhanded Strike"],"picked":"SKIP","floor":7.0},{"not_picked":["Infinite Blades","Leg Sweep"],"picked":"Riddle With Holes","floor":8.0},{"not_picked":["Underhanded Strike","Flying Knee"],"picked":"Unload","floor":11.0},{"not_picked":["Grand Finale","Storm of Steel"],"picked":"Malaise","floor":16.0},{"not_picked":["Poisoned Stab","Slice"],"picked":"Backflip","floor":18.0},{"not_picked":["Bane","PiercingWail"],"picked":"Calculated Gamble","floor":19.0},{"not_picked":["Quick Slash+1","Masterful Stab","Deflect"],"picked":"SKIP","floor":21.0},{"not_picked":["Quick Slash+1","Masterful Stab","Deflect"],"picked":"SKIP","floor":21.0}],"player_experience":1012379,"relics_obtained":[{"floor":7.0,"key":"Bag of Preparation"},{"floor":9.0,"key":"PreservedInsect"},{"floor":11.0,"key":"Oddly Smooth Stone"}],"event_choices":[{"damage_healed":0.0,"max_hp_gain":0.0,"max_hp_loss":0.0,"gold_gain":0.0,"event_name":"Golden Idol","player_choice":"Take Wound","floor":5.0,"gold_loss":0.0,"damage_taken":0.0,"relics_obtained":["Golden Idol"],"cards_obtained":["Injury"]},{"damage_healed":0.0,"max_hp_gain":0.0,"max_hp_loss":0.0,"gold_gain":0.0,"event_name":"World of Goop","player_choice":"Left Gold","floor":10.0,"gold_loss":48.0,"damage_taken":0.0},{"cards_removed":["Injury"],"damage_healed":0.0,"max_hp_gain":0.0,"max_hp_loss":0.0,"gold_gain":0.0,"event_name":"Bonfire Elementals","player_choice":"Offered Curse","floor":14.0,"gold_loss":0.0,"damage_taken":0.0,"relics_obtained":["Spirit Poop"]},{"damage_healed":0.0,"max_hp_gain":0.0,"max_hp_loss":0.0,"gold_gain":0.0,"cards_transformed":["Strike_G","Strike_G"],"event_name":"Drug Dealer","player_choice":"Became Test Subject","floor":20.0,"gold_loss":0.0,"damage_taken":0.0,"cards_obtained":["Die Die Die","Crippling Poison"]},{"cards_removed":["Strike_G"],"damage_healed":0.0,"max_hp_gain":0.0,"max_hp_loss":0.0,"gold_gain":0.0,"event_name":"Designer","player_choice":"Upgrade and Remove","floor":22.0,"gold_loss":110.0,"damage_taken":0.0,"cards_upgraded":["Riddle With Holes"]}],"is_beta":false,"boss_relics":[{"not_picked":["Eternal Feather","Empty Cage"],"picked":"Snecko Eye"}],"items_purged_floors":[4],"is_endless":false,"potions_floor_spawned":[1,2,11,19],"killed_by":"Slavers","ascension_level":20}