{"gold_per_floor":[109,33,3,3,3,34,51,51,51,51,79,79,92,8,8,85,85,85,85,85,85,85,85,85,85,85,85,85,85,85,6,6,6,6,6,6,6,6,6,6,6,6,6,6,6,6,6,6,6,6],"floor_reached":51,"playtime":7998,"items_purged":[],"score":1163,"play_id":"f9667b9d-e29d-416f-9fe9-99721c0ff7a1","local_time":"20190415211234","is_ascension_mode":true,"campfire_choices":[{"data":"All Out Attack","floor":8.0,"key":"SMITH"},{"data":"Neutralize","floor":10.0,"key":"SMITH"},{"floor":15.0,"key":"REST"},{"data":"Malaise","floor":23,"key":"SMITH"},{"data":"Concentrate","floor":25,"key":"SMITH"},{"data":"Die Die Die","floor":27,"key":"SMITH"},{"floor":29,"key":"REST"},{"data":"Concentrate","floor":32,"key":"SMITH"},{"floor":40,"key":"REST"},{"floor":42,"key":"REST"},{"floor":44,"key":"REST"},{"floor":49,"key":"REST"}],"neow_cost":"NONE","seed_source_timestamp":121825526364000,"circlet_count":0,"master_deck":["AscendersBane","Defend_G","Defend_G","Defend_G","Defend_G+1","Defend_G+1","Strike_G","Strike_G","Survivor","Neutralize+1","All Out Attack+1","Flying Knee","Bane","Deflect","PiercingWail","Blur","Noxious Fumes+1","Malaise+1","Poisoned Stab","Acrobatics+1","Die Die Die+1","Choke","Wraith Form v2+1","Concentrate+1","Concentrate+1","Envenom+1","Blade Dance","Neutralize","Doppelganger","Underhanded Strike","Deflect","Backstab","Backstab"],"special_seed":0,"relics":["Ring of the Snake","NeowsBlessing","War Paint","Pantograph","Frozen Egg 2","Tough Bandages","Ectoplasm","Unceasing Top","Happy Flower","Nunchaku","Fusion Hammer","Art of War","Thread and Needle"],"potions_floor_usage":[18,19,24,33,41,41,45,50],"damage_taken":[{"damage":0.0,"enemies":"Cultist","floor":1.0,"turns":1.0},{"damage":0.0,"enemies":"2 Louse","floor":4.0,"turns":1.0},{"damage":0.0,"enemies":"Lagavulin","floor":6.0,"turns":3.0},{"damage":1.0,"enemies":"Jaw Worm","floor":7.0,"turns":3.0},{"damage":11.0,"enemies":"3 Sentries","floor":11.0,"turns":8.0},{"damage":1.0,"enemies":"Gremlin Gang","floor":13.0,"turns":3.0},{"damage":54.0,"enemies":"Slime Boss","floor":16.0,"turns":10.0},{"damage":6,"enemies":"Spheric Guardian","floor":18,"turns":8},{"damage":1,"enemies":"Shell Parasite","floor":19,"turns":7},{"damage":1,"enemies":"Snecko","floor":21,"turns":6},{"damage":8,"enemies":"Gremlin Leader","floor":24,"turns":8},{"damage":16,"enemies":"Automaton","floor":33,"turns":11},{"damage":0,"enemies":"Orb Walker","floor":35,"turns":4},{"damage":7,"enemies":"3 Shapes","floor":37,"turns":9},{"damage":0,"enemies":"Spire Growth","floor":38,"turns":5},{"damage":24,"enemies":"Transient","floor":41,"turns":5},{"damage":12,"enemies":"2 Orb Walkers","floor":45,"turns":6},{"damage":2,"enemies":"Jaw Worm Horde","floor":46,"turns":3},{"damage":14,"enemies":"Sphere and 2 Shapes","floor":48,"turns":5},{"damage":21,"enemies":"Awakened One","floor":50,"turns":16}],"seed_played":"2930278213466393274","potions_obtained":[{"floor":11.0,"key":"Energy Potion"},{"floor":16.0,"key":"GamblersBrew"},{"floor":18,"key":"Fire Potion"},{"floor":24,"key":"EssenceOfSteel"},{"floor":33,"key":"Explosive Potion"},{"floor":37,"key":"Strength Potion"},{"floor":38,"key":"EssenceOfSteel"},{"floor":41,"key":"Energy Potion"},{"floor":48,"key":"FearPotion"}],"is_trial":false,"path_per_floor":["M","$","$","M","?","E","M","R","T","R","E","?","M","$","R","B",null,"M","M","?","M","?","R","E","R","T","R","?","R","T","$","R","B",null,"M","?","M","M","$","R","M","R","T","R","?","M","$","M","R","B",null],"character_chosen":"THE_SILENT","items_purchased":["All Out Attack","Flying Knee","Noxious Fumes+1","Concentrate"],"campfire_rested":6,"item_purchase_floors":[2,3,14,31],"current_hp_per_floor":[59,59,59,59,41,41,40,40,40,40,29,29,28,28,47,12,53,47,46,46,45,45,45,37,37,37,37,37,56,56,56,56,50,62,62,62,55,55,55,66,42,61,61,66,54,52,52,38,57,45],"gold":6,"neow_bonus":"THREE_ENEMY_KILL","is_prod":false,"is_daily":false,"chose_seed":false,"campfire_upgraded":6,"win_rate":0,"timestamp":1555387954,"path_taken":["M","?","$","M","?","E","M","R","T","R","E","?","?","?","R","BOSS","M","M","?","M","?","R","E","R","T","R","?","R","?","$","R","BOSS","M","?","M","M","$","R","?","R","T","R","?","M","?","M","R","BOSS"],"build_version":"2019-01-23","purchased_purges":0,"victory":true,"max_hp_per_floor":[66,66,66,66,66,66,66,66,66,66,66,66,66,66,66,66,66,66,66,66,66,66,66,66,66,66,66,66,66,66,66,66,66,66,66,66,66,66,66,66,66,66,66,66,66,66,66,66,66,66],"card_choices":[{"not_picked":["Dodge and Roll","Blur","Cloak And Dagger"],"picked":"SKIP","floor":1.0},{"not_picked":["Riddle With Holes","Deflect","Acrobatics"],"picked":"SKIP","floor":4.0},{"not_picked":["Dagger Throw","Unload"],"picked":"Bane","floor":6.0},{"not_picked":["Bane","Poisoned Stab"],"picked":"Deflect","floor":7.0},{"not_picked":["Dagger Throw","Sucker Punch"],"picked":"PiercingWail","floor":11.0},{"not_picked":["Bane","Dodge and Roll"],"picked":"Blur","floor":13.0},{"not_picked":["Doppelganger","Storm of Steel"],"picked":"Malaise","floor":16.0},{"not_picked":["Distraction","Dodge and Roll"],"picked":"Poisoned Stab","floor":18},{"not_picked":["Underhanded Strike+1","Poisoned Stab"],"picked":"Acrobatics+1","floor":19},{"not_picked":["Prepared","Well Laid Plans+1"],"picked":"Wraith Form v2+1","floor":21},{"not_picked":["Deflect","Acrobatics"],"picked":"Concentrate","floor":24},{"not_picked":["Tools of the Trade+1","Unload"],"picked":"Envenom+1","floor":33},{"not_picked":["Noxious Fumes+1","Skewer"],"picked":"Blade Dance","floor":35},{"not_picked":["Blade Dance+1","Slice"],"picked":"Underhanded Strike","floor":37},{"not_picked":["Sucker Punch","Backflip","Flying Knee"],"picked":"SKIP","floor":38},{"not_picked":["Outmaneuver","Masterful Stab"],"picked":"Deflect","floor":41},{"not_picked":["Concentrate","Underhanded Strike"],"picked":"Backstab","floor":45},{"not_picked":["Flying Knee","Deadly Poison","Quick Slash"],"picked":"SKIP","floor":46},{"not_picked":["Outmaneuver","PiercingWail"],"picked":"Backstab","floor":48}],"player_experience":873049,"relics_obtained":[{"floor":6.0,"key":"Pantograph"},{"floor":9.0,"key":"Frozen Egg 2"},{"floor":11.0,"key":"Tough Bandages"},{"floor":24,"key":"Unceasing Top"},{"floor":26,"key":"Happy Flower"},{"floor":30,"key":"Nunchaku"},{"floor":43,"key":"Art of War"},{"floor":45,"key":"Thread and Needle"}],"event_choices":[{"damage_healed":0.0,"max_hp_gain":0.0,"max_hp_loss":0.0,"gold_gain":0.0,"event_name":"Scrap Ooze","player_choice":"Success","floor":5.0,"gold_loss":0.0,"damage_taken":18.0,"relics_obtained":["War Paint"]},{"cards_removed":["Strike_G"],"damage_healed":0.0,"max_hp_gain":0.0,"max_hp_loss":0.0,"gold_gain":0.0,"event_name":"Purifier","player_choice":"Purged","floor":12.0,"gold_loss":0.0,"damage_taken":0.0},{"damage_healed":0,"gold_gain":0,"cards_transformed":["Strike_G","Strike_G"],"player_choice":"Became Test Subject","damage_taken":0,"max_hp_gain":0,"max_hp_loss":0,"event_name":"Drug Dealer","floor":20,"gold_loss":0,"cards_obtained":["Die Die Die","Choke"]},{"damage_healed":0,"gold_gain":0,"player_choice":"Ignored","damage_taken":0,"max_hp_gain":0,"max_hp_loss":0,"event_name":"Vampires","floor":22,"gold_loss":0},{"damage_healed":0,"gold_gain":0,"player_choice":"Ignored","damage_taken":0,"max_hp_gain":0,"max_hp_loss":0,"event_name":"The Mausoleum","floor":28,"gold_loss":0},{"damage_healed":0,"gold_gain":0,"player_choice":"2 cards matched","damage_taken":0,"max_hp_gain":0,"max_hp_loss":0,"event_name":"Match and Keep!","floor":36,"gold_loss":0,"cards_obtained":["Neutralize","Doppelganger"]},{"damage_healed":0,"gold_gain":0,"player_choice":"Fight","damage_taken":0,"max_hp_gain":0,"max_hp_loss":0,"event_name":"Mysterious Sphere","floor":45,"gold_loss":0}],"is_beta":false,"boss_relics":[{"not_picked":["Philosopher\u0027s Stone","Ring of the Serpent"],"picked":"Ectoplasm"},{"not_picked":["Empty Cage","Velvet Choker"],"picked":"Fusion Hammer"}],"items_purged_floors":[],"is_endless":false,"potions_floor_spawned":[11,16,18,24,33,37,38,41,48],"ascension_level":16}