{"gold_per_floor":[111,161,180,197,29,87,87,116,142,142,168,188,268,53,53,53],"floor_reached":16,"playtime":384,"items_purged":["Strike_G"],"score":236,"play_id":"5e3d8743-5c63-4c6a-9567-99f2144e4bb3","local_time":"20190427200458","is_ascension_mode":true,"campfire_choices":[{"data":"Neutralize","floor":7,"key":"SMITH"},{"data":"Choke","floor":10,"key":"SMITH"},{"floor":15,"key":"REST"}],"neow_cost":"NONE","seed_source_timestamp":1113323939143550,"circlet_count":0,"master_deck":["AscendersBane","Defend_G","Defend_G","Defend_G","Defend_G","Defend_G","Strike_G","Strike_G","Strike_G","Strike_G","Survivor","Neutralize+1","Choke+1","Deflect+1","Terror+1","Flying Knee","Backflip","Slice","Dagger Spray"],"relics":["Ring of the Snake","NeowsBlessing","Tiny Chest","War Paint","Bronze Scales","Question Card","PreservedInsect"],"potions_floor_usage":[6,8,16],"damage_taken":[{"damage":0,"enemies":"2 Louse","floor":1,"turns":1},{"damage":0,"enemies":"Cultist","floor":3,"turns":1},{"damage":0,"enemies":"Small Slimes","floor":4,"turns":1},{"damage":1,"enemies":"Lagavulin","floor":6,"turns":7},{"damage":20,"enemies":"3 Sentries","floor":8,"turns":11},{"damage":27,"enemies":"Lagavulin","floor":11,"turns":6},{"damage":1,"enemies":"Blue Slaver","floor":12,"turns":2},{"damage":32,"enemies":"Slime Boss","floor":16,"turns":7}],"seed_played":"5236751343004098403","potions_obtained":[{"floor":3,"key":"PowerPotion"},{"floor":4,"key":"Fire Potion"},{"floor":12,"key":"SpeedPotion"}],"is_trial":false,"path_per_floor":["M","?","M","M","$","E","R","E","T","R","E","M","?","$","R","B"],"character_chosen":"THE_SILENT","items_purchased":["Terror","Flying Knee","PreservedInsect","Dagger Spray"],"campfire_rested":1,"item_purchase_floors":[5,5,14,14],"current_hp_per_floor":[59,53,53,53,53,52,52,32,32,32,5,4,4,4,23,0],"gold":53,"neow_bonus":"THREE_ENEMY_KILL","is_prod":false,"is_daily":false,"chose_seed":false,"campfire_upgraded":2,"win_rate":0,"timestamp":1556406298,"path_taken":["M","?","M","?","$","E","R","E","T","R","E","M","?","$","R","BOSS"],"build_version":"2019-01-23","purchased_purges":1,"victory":false,"max_hp_per_floor":[66,66,66,66,66,66,66,66,66,66,66,66,66,66,66,66],"card_choices":[{"not_picked":["PiercingWail","Deflect"],"picked":"Choke","floor":1},{"not_picked":["Bane","Backflip"],"picked":"Deflect","floor":3},{"not_picked":["Dodge and Roll","Bane","Heel Hook"],"picked":"SKIP","floor":4},{"not_picked":["Predator","Underhanded Strike","Riddle With Holes"],"picked":"SKIP","floor":6},{"not_picked":["Masterful Stab","Reflex"],"picked":"Backflip","floor":8},{"not_picked":["Finisher","Setup","Slice"],"picked":"SKIP","floor":11},{"not_picked":["Finisher","Setup"],"picked":"Slice","floor":11},{"not_picked":["Bullet Time","Catalyst","Sucker Punch","All Out Attack"],"picked":"SKIP","floor":12}],"player_experience":2206623,"relics_obtained":[{"floor":6,"key":"Tiny Chest"},{"floor":8,"key":"War Paint"},{"floor":9,"key":"Bronze Scales"},{"floor":11,"key":"Question Card"}],"event_choices":[{"damage_healed":0,"gold_gain":50,"player_choice":"Touch","damage_taken":6,"max_hp_gain":0,"max_hp_loss":0,"event_name":"FaceTrader","floor":2,"gold_loss":0},{"damage_healed":0,"gold_gain":80,"player_choice":"Gained Gold","damage_taken":0,"max_hp_gain":0,"max_hp_loss":0,"event_name":"Golden Wing","floor":13,"gold_loss":0}],"is_beta":false,"boss_relics":[],"items_purged_floors":[5],"is_endless":false,"potions_floor_spawned":[3,4,12],"killed_by":"Slime Boss","ascension_level":20}