{"gold_per_floor":[210,285,21,33,48,75,75,95,118,136,136,163,163,163],"floor_reached":14,"playtime":1147,"items_purged":["Strike_G"],"score":200,"play_id":"00a3f2cc-8556-4dfe-832b-17d259f41470","local_time":"20190512233838","is_ascension_mode":true,"campfire_choices":[{"floor":7.0,"key":"REST"},{"floor":11.0,"key":"REST"}],"neow_cost":"NONE","seed_source_timestamp":49257778989000,"circlet_count":0,"master_deck":["AscendersBane","Defend_G","Defend_G","Defend_G","Defend_G","Defend_G","Strike_G","Strike_G","Strike_G","Strike_G","Survivor","Neutralize+1","Crippling Poison","Deflect","Dagger Throw+1","Dagger Throw","Slice","Choke","Blur","Burst","Parasite"],"special_seed":0,"relics":["Ring of the Snake","Vajra","Potion Belt","Blood Vial","Whetstone"],"potions_floor_usage":[],"damage_taken":[{"damage":0.0,"enemies":"Small Slimes","floor":1.0,"turns":4.0},{"damage":2.0,"enemies":"Jaw Worm","floor":4.0,"turns":5.0},{"damage":4.0,"enemies":"Cultist","floor":5.0,"turns":3.0},{"damage":34.0,"enemies":"Lagavulin","floor":6.0,"turns":9.0},{"damage":4.0,"enemies":"Looter","floor":8.0,"turns":3.0},{"damage":19.0,"enemies":"Gremlin Gang","floor":10.0,"turns":5.0},{"damage":21.0,"enemies":"Gremlin Nob","floor":12.0,"turns":4.0},{"damage":27,"enemies":"Lagavulin","floor":14,"turns":5}],"seed_played":"-6386663358206695978","potions_obtained":[{"floor":1.0,"key":"SteroidPotion"},{"floor":10.0,"key":"Explosive Potion"},{"floor":12.0,"key":"Weak Potion"}],"is_trial":false,"path_per_floor":["M","?","$","M","M","E","R","M","T","M","R","E","?","E"],"character_chosen":"THE_SILENT","items_purchased":["Vajra","Deflect"],"campfire_rested":2,"item_purchase_floors":[3,3],"current_hp_per_floor":[59,48,48,46,42,8,27,23,23,6,25,6,22,0],"gold":163,"neow_bonus":"HUNDRED_GOLD","is_prod":false,"is_daily":false,"chose_seed":false,"campfire_upgraded":0,"win_rate":0,"timestamp":1557729518,"path_taken":["M","?","$","M","M","E","R","M","T","M","R","E","?","E"],"build_version":"2019-01-23","purchased_purges":1,"victory":false,"max_hp_per_floor":[66,66,66,66,66,66,66,66,66,66,66,66,66,66],"card_choices":[{"not_picked":["Catalyst","Escape Plan"],"picked":"Crippling Poison","floor":1.0},{"not_picked":["Outmaneuver","Tactician"],"picked":"Dagger Throw","floor":4.0},{"not_picked":["Dodge and Roll","Prepared"],"picked":"Dagger Throw","floor":5.0},{"not_picked":["Outmaneuver","Quick Slash"],"picked":"Slice","floor":6.0},{"not_picked":["Slice","Outmaneuver"],"picked":"Choke","floor":8.0},{"not_picked":["Skewer","Accuracy"],"picked":"Blur","floor":10.0},{"not_picked":["Concentrate","Deadly Poison"],"picked":"Burst","floor":12.0}],"player_experience":1308329,"relics_obtained":[{"floor":6.0,"key":"Potion Belt"},{"floor":9.0,"key":"Blood Vial"},{"floor":12.0,"key":"Whetstone"}],"event_choices":[{"damage_healed":0.0,"max_hp_gain":0.0,"max_hp_loss":0.0,"gold_gain":75.0,"event_name":"World of Goop","player_choice":"Gather Gold","floor":2.0,"gold_loss":0.0,"damage_taken":11.0},{"damage_healed":16.0,"max_hp_gain":0.0,"max_hp_loss":0.0,"gold_gain":0.0,"event_name":"Mushrooms","player_choice":"Healed and dodged fight","floor":13.0,"gold_loss":0.0,"damage_taken":0.0,"cards_obtained":["Parasite"]}],"is_beta":false,"boss_relics":[],"items_purged_floors":[3],"is_endless":false,"potions_floor_spawned":[1,10,12],"killed_by":"Lagavulin","ascension_level":20}