{"gold_per_floor":[116,129,143,15,30,55,55,55,136,136,136,156,156,75,75,152,152,164,164,35,35,35,61,76,94,94,94,124,156,156,81,81,81],"floor_reached":33,"playtime":958,"items_purged":["Strike_G","Writhe"],"score":702,"play_id":"bd40e0bd-4a72-4cdc-8d33-52d5f96d9787","local_time":"20190429003628","is_ascension_mode":true,"campfire_choices":[{"floor":7.0,"key":"REST"},{"data":"Neutralize","floor":10.0,"key":"SMITH"},{"data":"Noxious Fumes","floor":15.0,"key":"SMITH"},{"floor":27,"key":"REST"},{"data":"Blade Dance","floor":30,"key":"SMITH"},{"floor":32,"key":"REST"}],"neow_cost":"NONE","seed_source_timestamp":1215396829904065,"circlet_count":0,"master_deck":["AscendersBane","Defend_G","Defend_G","Defend_G","Defend_G","Defend_G","Strike_G","Strike_G","Strike_G","Survivor","Neutralize+1","Blade Dance+1","Infinite Blades","Dagger Throw","Poisoned Stab","Dagger Throw","Dagger Spray","Noxious Fumes+1","Adrenaline","Dagger Spray+1","Flying Knee","Finisher","PiercingWail"],"special_seed":0,"relics":["Ring of the Snake","Du-Vu Doll","Ornamental Fan","Sozu","Potion Belt","MutagenicStrength","Lantern","Bottled Tornado","WingedGreaves","Matryoshka"],"potions_floor_usage":[16,28,28],"damage_taken":[{"damage":13.0,"enemies":"Jaw Worm","floor":1.0,"turns":5.0},{"damage":0.0,"enemies":"2 Louse","floor":2.0,"turns":2.0},{"damage":2.0,"enemies":"Cultist","floor":3.0,"turns":4.0},{"damage":4.0,"enemies":"2 Fungi Beasts","floor":5.0,"turns":4.0},{"damage":32.0,"enemies":"3 Sentries","floor":6.0,"turns":7.0},{"damage":4.0,"enemies":"3 Louse","floor":12.0,"turns":3.0},{"damage":5,"enemies":"Slime Boss","floor":16,"turns":9},{"damage":12,"enemies":"Spheric Guardian","floor":18,"turns":4},{"damage":28,"enemies":"Book of Stabbing","floor":23,"turns":5},{"damage":0,"enemies":"3 Byrds","floor":24,"turns":3},{"damage":6,"enemies":"Shelled Parasite and Fungi","floor":25,"turns":3},{"damage":0,"enemies":"Gremlin Leader","floor":28,"turns":4},{"damage":0,"enemies":"Slavers","floor":29,"turns":2},{"damage":51,"enemies":"Collector","floor":33,"turns":7}],"seed_played":"839181024160312955","potions_obtained":[{"floor":2.0,"key":"GhostInAJar"},{"floor":3.0,"key":"Explosive Potion"},{"floor":6.0,"key":"GhostInAJar"},{"floor":16,"key":"Explosive Potion"}],"is_trial":false,"path_per_floor":["M","M","M","$","M","E","R","?","T","R","?","M","?","$","R","B",null,"M","?","$","?","?","E","M","M","T","R","E","E","R","?","R","B"],"character_chosen":"THE_SILENT","items_purchased":["Poisoned Stab","Noxious Fumes","Flying Knee"],"campfire_rested":3,"item_purchase_floors":[4,14,20],"current_hp_per_floor":[46,46,44,44,40,8,27,20,20,20,20,16,38,38,38,33,58,46,46,46,46,46,18,18,12,12,31,31,31,31,31,50,0],"gold":81,"neow_bonus":"THREE_CARDS","is_prod":false,"is_daily":false,"chose_seed":false,"campfire_upgraded":3,"win_rate":0,"timestamp":1556508988,"path_taken":["M","M","M","$","M","E","R","?","T","R","?","M","?","$","R","BOSS","M","?","$","?","?","E","M","?","T","R","E","E","R","?","R","BOSS"],"build_version":"2019-01-23","purchased_purges":2,"victory":false,"max_hp_per_floor":[66,66,66,66,66,66,66,66,66,66,66,66,66,66,66,66,66,66,66,66,66,66,66,66,66,66,66,66,66,66,66,66,66],"card_choices":[{"not_picked":["Prepared","Calculated Gamble"],"picked":"Blade Dance","floor":0.0},{"not_picked":["Dodge and Roll","Prepared","Blade Dance"],"picked":"SKIP","floor":1.0},{"not_picked":["Dagger Throw","Underhanded Strike"],"picked":"Infinite Blades","floor":2.0},{"not_picked":["Deadly Poison","Burst"],"picked":"Dagger Throw","floor":3.0},{"not_picked":["Quick Slash","Bane"],"picked":"Dagger Throw","floor":5.0},{"not_picked":["Flechettes","Calculated Gamble","Bane"],"picked":"SKIP","floor":6.0},{"not_picked":["Deflect","Flying Knee"],"picked":"Dagger Spray","floor":12.0},{"not_picked":["Bullet Time","Corpse Explosion"],"picked":"Adrenaline","floor":16},{"not_picked":["Outmaneuver","Underhanded Strike"],"picked":"Dagger Spray+1","floor":18},{"not_picked":["Finisher","Predator","Prepared"],"picked":"SKIP","floor":23},{"not_picked":["Predator","Prepared"],"picked":"Finisher","floor":23},{"not_picked":["Prepared","Slice","Underhanded Strike"],"picked":"SKIP","floor":24},{"not_picked":["Finisher","Dagger Spray","Quick Slash"],"picked":"SKIP","floor":25},{"not_picked":["Storm of Steel","Flying Knee+1","Distraction"],"picked":"SKIP","floor":28},{"not_picked":["Dagger Spray","Masterful Stab"],"picked":"PiercingWail","floor":29}],"player_experience":2228662,"relics_obtained":[{"floor":6.0,"key":"Du-Vu Doll"},{"floor":9.0,"key":"Ornamental Fan"},{"floor":23,"key":"Lantern"},{"floor":26,"key":"Bottled Tornado"},{"floor":28,"key":"WingedGreaves"},{"floor":29,"key":"Matryoshka"}],"event_choices":[{"cards_removed":["Strike_G"],"damage_healed":0.0,"max_hp_gain":0.0,"max_hp_loss":0.0,"gold_gain":0.0,"event_name":"Golden Wing","player_choice":"Card Removal","floor":8.0,"gold_loss":0.0,"damage_taken":7.0},{"damage_healed":0.0,"max_hp_gain":0.0,"max_hp_loss":0.0,"gold_gain":0.0,"event_name":"Dead Adventurer","player_choice":"Searched \u00270\u0027 times","floor":11.0,"gold_loss":0.0,"damage_taken":0.0},{"damage_healed":22.0,"max_hp_gain":0.0,"max_hp_loss":0.0,"gold_gain":0.0,"event_name":"Big Fish","player_choice":"Banana","floor":13.0,"gold_loss":0.0,"damage_taken":0.0},{"damage_healed":0,"gold_gain":0,"player_choice":"Opened","damage_taken":0,"relics_obtained":["Potion Belt"],"max_hp_gain":0,"max_hp_loss":0,"event_name":"The Mausoleum","floor":19,"gold_loss":0,"cards_obtained":["Writhe"]},{"damage_healed":0,"gold_gain":0,"player_choice":"Inject Mutagens","damage_taken":0,"relics_obtained":["MutagenicStrength"],"max_hp_gain":0,"max_hp_loss":0,"event_name":"Drug Dealer","floor":21,"gold_loss":0},{"damage_healed":0,"gold_gain":0,"player_choice":"Cursed","damage_taken":0,"max_hp_gain":0,"max_hp_loss":0,"event_name":"Wheel of Change","floor":22,"gold_loss":0,"cards_obtained":["Decay"]},{"cards_removed":["Decay"],"damage_healed":0,"gold_gain":0,"player_choice":"Gave Gold","damage_taken":0,"max_hp_gain":0,"max_hp_loss":0,"event_name":"Beggar","floor":31,"gold_loss":75}],"is_beta":false,"boss_relics":[{"not_picked":["Black Star","Runic Pyramid"],"picked":"Sozu"}],"items_purged_floors":[4,20],"is_endless":false,"potions_floor_spawned":[2,3,6,16,25,29],"killed_by":"Collector","ascension_level":20}