{"gold_per_floor":[111,128,145,145,156,189,203,203,203,233,233,268,268,279,279,279],"floor_reached":16,"playtime":439,"items_purged":[],"score":224,"play_id":"42045d94-56cd-458e-ab60-9f619f756548","local_time":"20190430191346","is_ascension_mode":true,"campfire_choices":[{"floor":8,"key":"REST"},{"floor":11,"key":"REST"},{"floor":13,"key":"REST"},{"data":"Blade Dance","floor":15,"key":"SMITH"}],"neow_cost":"NONE","seed_source_timestamp":1369388666031022,"circlet_count":0,"master_deck":["AscendersBane","Defend_G","Defend_G","Defend_G","Defend_G","Defend_G","Strike_G","Strike_G","Strike_G","Strike_G","Strike_G","Survivor","Neutralize","Leg Sweep","Deadly Poison","Skewer","Dagger Throw","Backstab","Blade Dance+1","Dodge and Roll","Die Die Die","Terror"],"relics":["Ring of the Snake","Shuriken","Odd Mushroom","Oddly Smooth Stone"],"potions_floor_usage":[6,12,16],"damage_taken":[{"damage":0,"enemies":"Small Slimes","floor":1,"turns":4},{"damage":7,"enemies":"Cultist","floor":2,"turns":5},{"damage":0,"enemies":"Jaw Worm","floor":3,"turns":3},{"damage":9,"enemies":"3 Louse","floor":5,"turns":3},{"damage":29,"enemies":"Lagavulin","floor":6,"turns":8},{"damage":0,"enemies":"Looter","floor":7,"turns":3},{"damage":1,"enemies":"The Mushroom Lair","floor":10,"turns":5},{"damage":25,"enemies":"Gremlin Nob","floor":12,"turns":4},{"damage":0,"enemies":"2 Fungi Beasts","floor":14,"turns":2},{"damage":50,"enemies":"Slime Boss","floor":16,"turns":6}],"seed_played":"7463031805760062675","potions_obtained":[{"floor":5,"key":"AttackPotion"},{"floor":7,"key":"Ancient Potion"},{"floor":10,"key":"EssenceOfSteel"},{"floor":12,"key":"SmokeBomb"}],"is_trial":false,"path_per_floor":["M","M","M","?","M","E","M","R","T","?","R","E","R","M","R","B"],"character_chosen":"THE_SILENT","items_purchased":[],"campfire_rested":3,"item_purchase_floors":[],"current_hp_per_floor":[59,52,52,43,34,5,5,24,24,23,42,17,36,36,36,0],"gold":279,"neow_bonus":"THREE_CARDS","is_prod":false,"is_daily":false,"chose_seed":false,"campfire_upgraded":1,"win_rate":0,"timestamp":1556662426,"path_taken":["M","M","M","?","?","E","M","R","T","?","R","E","R","M","R","BOSS"],"build_version":"2019-01-23","purchased_purges":0,"victory":false,"max_hp_per_floor":[66,66,66,66,66,66,66,66,66,66,66,66,66,66,66,66],"card_choices":[{"not_picked":["Flying Knee","Dodge and Roll"],"picked":"Leg Sweep","floor":0},{"not_picked":["Flying Knee","Flechettes"],"picked":"Deadly Poison","floor":1},{"not_picked":["Flying Knee","PiercingWail"],"picked":"Skewer","floor":2},{"not_picked":["Sucker Punch","Concentrate"],"picked":"Dagger Throw","floor":3},{"not_picked":["Poisoned Stab","Backflip"],"picked":"Backstab","floor":5},{"not_picked":["Underhanded Strike","Blade Dance","Acrobatics"],"picked":"SKIP","floor":6},{"not_picked":["Sucker Punch","Acrobatics"],"picked":"Blade Dance","floor":7},{"not_picked":["Distraction","Flying Knee"],"picked":"Dodge and Roll","floor":10},{"not_picked":["Bouncing Flask","Riddle With Holes"],"picked":"Die Die Die","floor":12},{"not_picked":["Deflect","Finisher"],"picked":"Terror","floor":14}],"player_experience":2238610,"relics_obtained":[{"floor":6,"key":"Shuriken"},{"floor":10,"key":"Odd Mushroom"},{"floor":12,"key":"Oddly Smooth Stone"}],"event_choices":[{"damage_healed":0,"gold_gain":0,"player_choice":"Damaged","damage_taken":9,"max_hp_gain":0,"max_hp_loss":0,"event_name":"Wheel of Change","floor":4,"gold_loss":0},{"damage_healed":0,"gold_gain":0,"player_choice":"Fought Mushrooms","damage_taken":0,"max_hp_gain":0,"max_hp_loss":0,"event_name":"Mushrooms","floor":10,"gold_loss":0}],"is_beta":false,"boss_relics":[],"items_purged_floors":[],"is_endless":false,"potions_floor_spawned":[5,7,10,12,14],"killed_by":"Slime Boss","ascension_level":20}