{"gold_per_floor":[113,113,128,147,147,147,172,172,172,208,208,64,132,151,151,151],"floor_reached":16,"playtime":325,"items_purged":[],"score":220,"play_id":"220b7e06-b9c9-4c96-9fb5-04fff734442a","local_time":"20190428230422","is_ascension_mode":true,"campfire_choices":[{"data":"Deadly Poison","floor":6.0,"key":"SMITH"},{"data":"Dagger Spray","floor":8.0,"key":"SMITH"},{"floor":11.0,"key":"REST"},{"data":"Footwork","floor":15,"key":"SMITH"}],"neow_cost":"NONE","seed_source_timestamp":1210518392100223,"circlet_count":0,"master_deck":["AscendersBane","Defend_G","Defend_G","Defend_G","Defend_G","Defend_G","Strike_G","Strike_G","Strike_G","Strike_G","Strike_G","Survivor","Neutralize","Dagger Spray+1","Dagger Throw","Deadly Poison+1","Backflip","Footwork+1","Dodge and Roll","Dodge and Roll"],"special_seed":0,"relics":["Ring of the Snake","NeowsBlessing","Golden Idol","Ornamental Fan","Nunchaku","Tiny Chest"],"potions_floor_usage":[13,16],"damage_taken":[{"damage":0.0,"enemies":"Small Slimes","floor":1.0,"turns":1.0},{"damage":0.0,"enemies":"Jaw Worm","floor":3.0,"turns":1.0},{"damage":0.0,"enemies":"Cultist","floor":4.0,"turns":1.0},{"damage":2.0,"enemies":"2 Fungi Beasts","floor":7.0,"turns":3.0},{"damage":31.0,"enemies":"Gremlin Nob","floor":10.0,"turns":4.0},{"damage":15,"enemies":"Lagavulin","floor":13,"turns":8},{"damage":0,"enemies":"Looter","floor":14,"turns":3},{"damage":33,"enemies":"Slime Boss","floor":16,"turns":10}],"seed_played":"-1419924611509223847","potions_obtained":[{"floor":1.0,"key":"SteroidPotion"},{"floor":3.0,"key":"SmokeBomb"},{"floor":13,"key":"GhostInAJar"}],"is_trial":false,"path_per_floor":["M","?","M","M","?","R","M","R","T","E","R","$","E","M","R","B"],"character_chosen":"THE_SILENT","items_purchased":["Fire Potion","Footwork"],"campfire_rested":1,"item_purchase_floors":[12,12],"current_hp_per_floor":[59,59,59,59,59,59,57,57,57,26,44,44,29,29,29,0],"gold":151,"neow_bonus":"THREE_ENEMY_KILL","is_prod":false,"is_daily":false,"chose_seed":false,"campfire_upgraded":3,"win_rate":0,"timestamp":1556503462,"path_taken":["M","?","M","M","?","R","M","R","T","E","R","?","E","?","R","BOSS"],"build_version":"2019-01-23","purchased_purges":0,"victory":false,"max_hp_per_floor":[66,66,66,66,60,60,60,60,60,60,60,60,60,60,60,60],"card_choices":[{"not_picked":["Slice","Quick Slash"],"picked":"Dagger Spray","floor":1.0},{"not_picked":["Slice","Blur"],"picked":"Dagger Throw","floor":3.0},{"not_picked":["Dagger Throw","Masterful Stab"],"picked":"Deadly Poison","floor":4.0},{"not_picked":["Concentrate","Slice","Finisher"],"picked":"SKIP","floor":7.0},{"not_picked":["Burst","PiercingWail"],"picked":"Backflip","floor":10.0},{"not_picked":["Blade Dance","Deadly Poison"],"picked":"Dodge and Roll","floor":13},{"not_picked":["Cloak And Dagger","Deflect"],"picked":"Dodge and Roll","floor":14}],"player_experience":2224496,"relics_obtained":[{"floor":9.0,"key":"Ornamental Fan"},{"floor":10.0,"key":"Nunchaku"},{"floor":13,"key":"Tiny Chest"}],"event_choices":[{"damage_healed":0.0,"max_hp_gain":0.0,"max_hp_loss":0.0,"gold_gain":0.0,"event_name":"Liars Game","player_choice":"Ignored","floor":2.0,"gold_loss":0.0,"damage_taken":0.0},{"damage_healed":0.0,"max_hp_gain":0.0,"max_hp_loss":6.0,"gold_gain":0.0,"event_name":"Golden Idol","player_choice":"Lose Max HP","floor":5.0,"gold_loss":0.0,"damage_taken":0.0,"relics_obtained":["Golden Idol"]}],"is_beta":false,"boss_relics":[],"items_purged_floors":[],"is_endless":false,"potions_floor_spawned":[1,3,13,14],"killed_by":"Slime Boss","ascension_level":20}