{"gold_per_floor":[117,137,25,44,44,44,44,57,82,122,205,237,214,242,254,266],"floor_reached":16,"playtime":773,"items_purged":["Strike_G"],"score":204,"play_id":"7816e529-5fd1-4cf2-8bbe-4dcab140adff","local_time":"20190512210551","is_ascension_mode":true,"campfire_choices":[{"data":"Neutralize","floor":6.0,"key":"SMITH"},{"data":"Riddle With Holes","floor":15.0,"key":"SMITH"}],"neow_cost":"NONE","seed_source_timestamp":40397138224500,"circlet_count":0,"master_deck":["AscendersBane","Defend_G","Defend_G","Defend_G","Defend_G","Defend_G","Strike_G","Strike_G","Strike_G","Strike_G","Survivor","Neutralize+1","Cloak And Dagger","Backflip","Riddle With Holes+1","Endless Agony","Backstab","Outmaneuver","Slice"],"special_seed":0,"relics":["Ring of the Snake","NeowsBlessing","MawBank","Strawberry"],"potions_floor_usage":[],"damage_taken":[{"damage":0.0,"enemies":"2 Louse","floor":1.0,"turns":1.0},{"damage":0.0,"enemies":"Cultist","floor":2.0,"turns":1.0},{"damage":0.0,"enemies":"Jaw Worm","floor":4.0,"turns":1.0},{"damage":0.0,"enemies":"Blue Slaver","floor":8.0,"turns":4.0},{"damage":28.0,"enemies":"Lagavulin","floor":10.0,"turns":10.0},{"damage":0.0,"enemies":"Red Slaver","floor":12.0,"turns":2.0},{"damage":0.0,"enemies":"2 Fungi Beasts","floor":14.0,"turns":3.0},{"damage":61,"enemies":"Slime Boss","floor":16,"turns":10}],"seed_played":"-4858094337240138703","potions_obtained":[{"floor":2.0,"key":"GhostInAJar"},{"floor":4.0,"key":"AttackPotion"},{"floor":7.0,"key":"Fire Potion"}],"is_trial":false,"path_per_floor":["M","M","$","M","$","R","?","M","T","E","?","M","?","M","R","B"],"character_chosen":"THE_SILENT","items_purchased":["Riddle With Holes"],"campfire_rested":0,"item_purchase_floors":[3],"current_hp_per_floor":[59,59,59,59,59,59,59,59,59,38,38,38,56,56,56,0],"gold":266,"neow_bonus":"THREE_ENEMY_KILL","is_prod":false,"is_daily":false,"chose_seed":false,"campfire_upgraded":2,"win_rate":0,"timestamp":1557720351,"path_taken":["M","M","$","M","$","R","?","?","T","E","?","M","?","M","R","BOSS"],"build_version":"2019-01-23","purchased_purges":1,"victory":false,"max_hp_per_floor":[66,66,66,66,66,66,66,66,66,73,73,73,73,73,73,73],"card_choices":[{"not_picked":["Acrobatics","Reflex"],"picked":"Cloak And Dagger","floor":1.0},{"not_picked":["Bane","Prepared"],"picked":"Backflip","floor":2.0},{"not_picked":["Deflect","Backflip"],"picked":"Endless Agony","floor":4.0},{"not_picked":["Deadly Poison","Bane"],"picked":"Backstab","floor":8.0},{"not_picked":["Dodge and Roll","Expertise"],"picked":"Outmaneuver","floor":10.0},{"not_picked":["Bane","Distraction","Dagger Throw"],"picked":"SKIP","floor":12.0},{"not_picked":["Deadly Poison","Outmaneuver"],"picked":"Slice","floor":14.0}],"player_experience":1301183,"relics_obtained":[{"floor":9.0,"key":"MawBank"},{"floor":10.0,"key":"Strawberry"}],"event_choices":[{"damage_healed":0.0,"max_hp_gain":0.0,"max_hp_loss":0.0,"gold_gain":0.0,"event_name":"Lab","player_choice":"Got Potions","floor":7.0,"gold_loss":0.0,"damage_taken":0.0},{"damage_healed":0.0,"max_hp_gain":0.0,"max_hp_loss":0.0,"gold_gain":71.0,"event_name":"Golden Wing","player_choice":"Gained Gold","floor":11.0,"gold_loss":0.0,"damage_taken":0.0},{"damage_healed":18.0,"max_hp_gain":0.0,"max_hp_loss":0.0,"gold_gain":0.0,"event_name":"The Cleric","player_choice":"Healed","floor":13.0,"gold_loss":35.0,"damage_taken":0.0}],"is_beta":false,"boss_relics":[],"items_purged_floors":[3],"is_endless":false,"potions_floor_spawned":[2,4,8],"killed_by":"Slime Boss","ascension_level":20}