{"gold_per_floor":[117,117,135,50,60,91,103,103,103,130,130,130,146,166,166,245,245,265,265,130,45,60,90,90,3,3,20,20,39,39,69,69,141,141,159,0,27,44,59,59,84,84,84,104,104,104,11,27,27,27],"floor_reached":50,"playtime":4664,"items_purged":[],"score":1040,"play_id":"a3f7d2be-b60c-40db-b184-dde91ae7c9ae","local_time":"20190505220147","is_ascension_mode":true,"campfire_choices":[{"floor":8.0,"key":"REST"},{"floor":11.0,"key":"REST"},{"data":"Deadly Poison","floor":15.0,"key":"SMITH"},{"data":"Crippling Poison","floor":24.0,"key":"SMITH"},{"floor":28.0,"key":"REST"},{"floor":32.0,"key":"REST"},{"floor":40.0,"key":"REST"},{"floor":45.0,"key":"REST"},{"floor":49,"key":"REST"}],"neow_cost":"NONE","seed_source_timestamp":44082188213800,"circlet_count":0,"master_deck":["AscendersBane","Defend_G+1","Defend_G+1","Defend_G+1","Defend_G+1","Defend_G+1","Strike_G+1","Strike_G+1","Strike_G+1","Strike_G+1","Survivor","Neutralize","Deadly Poison+1","Dagger Throw","Dagger Spray","Dash","Footwork","Crippling Poison+1","Corpse Explosion","PiercingWail","Well Laid Plans","Bouncing Flask","Pain","Backflip","PiercingWail","Doppelganger","Prepared+1","Injury","Blur","Calculated Gamble","Shame","Concentrate"],"special_seed":0,"relics":["Ring of the Snake","Art of War","Ancient Tea Set","Sundial","FaceOfCleric","Cursed Key","Paper Crane","Bag of Preparation","Bronze Scales","Smiling Mask","Busted Crown","Red Mask","Potion Belt","Blue Candle","FossilizedHelix"],"potions_floor_usage":[50],"damage_taken":[{"damage":2.0,"enemies":"Small Slimes","floor":1.0,"turns":7.0},{"damage":2.0,"enemies":"2 Louse","floor":3.0,"turns":4.0},{"damage":0.0,"enemies":"Cultist","floor":5.0,"turns":3.0},{"damage":20.0,"enemies":"3 Sentries","floor":6.0,"turns":9.0},{"damage":0.0,"enemies":"Blue Slaver","floor":7.0,"turns":4.0},{"damage":29.0,"enemies":"Gremlin Nob","floor":10.0,"turns":6.0},{"damage":0.0,"enemies":"2 Fungi Beasts","floor":13.0,"turns":2.0},{"damage":1.0,"enemies":"Large Slime","floor":14.0,"turns":8.0},{"damage":3.0,"enemies":"The Guardian","floor":16.0,"turns":13.0},{"damage":25.0,"enemies":"Spheric Guardian","floor":18.0,"turns":7.0},{"damage":0.0,"enemies":"2 Thieves","floor":22.0,"turns":4.0},{"damage":5.0,"enemies":"Slavers","floor":23.0,"turns":3.0},{"damage":9.0,"enemies":"Cultist and Chosen","floor":27.0,"turns":6.0},{"damage":3.0,"enemies":"Snake Plant","floor":29.0,"turns":4.0},{"damage":20.0,"enemies":"Gremlin Leader","floor":31.0,"turns":7.0},{"damage":34.0,"enemies":"Automaton","floor":33.0,"turns":11.0},{"damage":6.0,"enemies":"3 Darklings","floor":35.0,"turns":3.0},{"damage":0.0,"enemies":"3 Shapes","floor":38.0,"turns":4.0},{"damage":16.0,"enemies":"Maw","floor":39.0,"turns":7.0},{"damage":54.0,"enemies":"Nemesis","floor":41.0,"turns":9.0},{"damage":0.0,"enemies":"4 Shapes","floor":44.0,"turns":2.0},{"damage":0,"enemies":"3 Darklings","floor":48,"turns":2},{"damage":74,"enemies":"Donu and Deca","floor":50,"turns":8}],"seed_played":"-1240993702164427082","potions_obtained":[{"floor":3.0,"key":"SteroidPotion"},{"floor":6.0,"key":"Swift Potion"},{"floor":10.0,"key":"Regen Potion"},{"floor":16.0,"key":"SteroidPotion"},{"floor":23.0,"key":"LiquidBronze"},{"floor":27.0,"key":"LiquidBronze"},{"floor":35.0,"key":"SkillPotion"},{"floor":39.0,"key":"Dexterity Potion"},{"floor":41.0,"key":"Fire Potion"}],"is_trial":false,"path_per_floor":["M","?","M","$","M","E","M","R","T","E","R","?","M","M","R","B",null,"M","?","$","?","M","E","R","$","T","M","R","M","?","E","R","B",null,"M","?","T","M","M","R","E","?","T","M","R","?","$","M","R","B"],"character_chosen":"THE_SILENT","items_purchased":["GhostInAJar","Well Laid Plans","Block Potion","Bouncing Flask","Swift Potion","Concentrate"],"campfire_rested":7,"item_purchase_floors":[4,20,20,25,47,47],"current_hp_per_floor":[57,37,35,35,35,15,15,34,34,5,24,24,34,34,34,32,60,36,36,36,36,37,33,33,33,33,25,46,44,44,25,47,14,61,56,56,56,57,42,65,12,12,12,13,37,37,37,38,61,0],"gold":27,"neow_bonus":"REMOVE_CARD","is_prod":false,"is_daily":false,"chose_seed":false,"campfire_upgraded":2,"win_rate":0,"timestamp":1557118907,"path_taken":["M","?","M","$","M","E","M","R","T","E","R","?","?","M","R","BOSS","M","?","$","?","M","E","R","$","T","M","R","M","?","E","R","BOSS","M","?","?","?","M","R","E","?","T","M","R","?","$","M","R","BOSS"],"build_version":"2019-01-23","purchased_purges":0,"victory":false,"max_hp_per_floor":[66,66,66,66,66,66,66,66,66,66,66,66,67,68,68,69,69,70,70,70,70,71,72,72,72,72,73,73,74,74,75,75,76,76,77,77,77,78,79,79,80,80,80,81,81,77,77,78,78,78],"card_choices":[{"not_picked":["Dagger Spray","Deflect"],"picked":"Deadly Poison","floor":1.0},{"not_picked":["Underhanded Strike","Deadly Poison"],"picked":"Dagger Throw","floor":3.0},{"not_picked":["Deflect","Prepared"],"picked":"Dagger Spray","floor":5.0},{"not_picked":["Footwork","Caltrops"],"picked":"Dash","floor":6.0},{"not_picked":["Grand Finale","Poisoned Stab"],"picked":"Footwork","floor":7.0},{"not_picked":["Reflex","Riddle With Holes"],"picked":"Crippling Poison","floor":10.0},{"not_picked":["Blade Dance","Poisoned Stab","Underhanded Strike"],"picked":"SKIP","floor":13.0},{"not_picked":["Dagger Spray","Deflect","Quick Slash"],"picked":"SKIP","floor":14.0},{"not_picked":["Bullet Time","Unload"],"picked":"Corpse Explosion","floor":16.0},{"not_picked":["Poisoned Stab","Dagger Throw"],"picked":"PiercingWail","floor":18.0},{"not_picked":["Poisoned Stab","Well Laid Plans","Reflex"],"picked":"SKIP","floor":22.0},{"not_picked":["Skewer","Reflex","Bane"],"picked":"SKIP","floor":23.0},{"not_picked":["Dodge and Roll","Poisoned Stab"],"picked":"Backflip","floor":27.0},{"not_picked":["Deflect","Deadly Poison","Skewer"],"picked":"SKIP","floor":29.0},{"not_picked":["Infinite Blades","Corpse Explosion"],"picked":"PiercingWail","floor":31.0},{"not_picked":["Corpse Explosion","A Thousand Cuts"],"picked":"Doppelganger","floor":33.0},{"not_picked":[],"picked":"Prepared+1","floor":35.0},{"not_picked":["Dagger Throw"],"picked":"SKIP","floor":38.0},{"not_picked":[],"picked":"Blur","floor":39.0},{"not_picked":[],"picked":"Calculated Gamble","floor":41.0},{"not_picked":["Sucker Punch"],"picked":"SKIP","floor":44.0},{"not_picked":["Deadly Poison"],"picked":"SKIP","floor":48}],"player_experience":1194199,"relics_obtained":[{"floor":6.0,"key":"Art of War"},{"floor":9.0,"key":"Ancient Tea Set"},{"floor":10.0,"key":"Sundial"},{"floor":23.0,"key":"Bag of Preparation"},{"floor":26.0,"key":"Bronze Scales"},{"floor":31.0,"key":"Smiling Mask"},{"floor":37.0,"key":"Potion Belt"},{"floor":41.0,"key":"Blue Candle"},{"floor":43.0,"key":"FossilizedHelix"}],"event_choices":[{"damage_healed":0.0,"max_hp_gain":0.0,"max_hp_loss":0.0,"gold_gain":0.0,"event_name":"Shining Light","player_choice":"Entered Light","floor":2.0,"gold_loss":0.0,"damage_taken":20.0,"cards_upgraded":["Defend_G","Defend_G"]},{"damage_healed":0.0,"max_hp_gain":0.0,"max_hp_loss":0.0,"gold_gain":0.0,"event_name":"FaceTrader","player_choice":"Trade","floor":12.0,"gold_loss":0.0,"damage_taken":0.0,"relics_obtained":["FaceOfCleric"]},{"damage_healed":0.0,"max_hp_gain":0.0,"max_hp_loss":0.0,"gold_gain":0.0,"event_name":"Back to Basics","player_choice":"Simplicity","floor":19.0,"gold_loss":0.0,"damage_taken":0.0,"cards_upgraded":["Defend_G","Defend_G","Defend_G","Strike_G","Strike_G","Strike_G","Strike_G"]},{"damage_healed":0.0,"max_hp_gain":0.0,"max_hp_loss":0.0,"gold_gain":0.0,"event_name":"Addict","player_choice":"Obtained Relic","floor":21.0,"gold_loss":85.0,"damage_taken":0.0,"relics_obtained":["Paper Crane"]},{"damage_healed":0.0,"max_hp_gain":0.0,"max_hp_loss":0.0,"gold_gain":0.0,"event_name":"Cursed Tome","player_choice":"Ignored","floor":30.0,"gold_loss":0.0,"damage_taken":0.0},{"damage_healed":0.0,"max_hp_gain":0.0,"max_hp_loss":0.0,"gold_gain":0.0,"event_name":"Tomb of Lord Red Mask","player_choice":"Paid","floor":36.0,"gold_loss":159.0,"damage_taken":0.0,"relics_obtained":["Red Mask"]},{"damage_healed":0.0,"max_hp_gain":0.0,"max_hp_loss":0.0,"gold_gain":0.0,"event_name":"Mysterious Sphere","player_choice":"Ignored","floor":42.0,"gold_loss":0.0,"damage_taken":0.0},{"damage_healed":0.0,"max_hp_gain":0.0,"max_hp_loss":4.0,"gold_gain":0.0,"event_name":"Winding Halls","player_choice":"Max HP","floor":46.0,"gold_loss":0.0,"damage_taken":0.0}],"is_beta":false,"boss_relics":[{"not_picked":["Sozu","Fusion Hammer"],"picked":"Cursed Key"},{"not_picked":["Snecko Eye","Tiny House"],"picked":"Busted Crown"}],"items_purged_floors":[],"is_endless":false,"potions_floor_spawned":[3,6,10,16,23,27,35,39,41],"killed_by":"Donu and Deca","ascension_level":20}