{"gold_per_floor":[218,228,241,260,260,260,284,325,325,305,305,326,326,342,342,342],"floor_reached":16,"playtime":524,"items_purged":[],"score":208,"play_id":"1ff7b77a-4caa-4476-89a8-aba95561d6c3","local_time":"20190429161228","is_ascension_mode":true,"campfire_choices":[{"data":"Predator","floor":6,"key":"SMITH"},{"floor":11,"key":"REST"},{"data":"Footwork","floor":13,"key":"SMITH"},{"data":"Deadly Poison","floor":15,"key":"SMITH"}],"neow_cost":"NONE","seed_source_timestamp":1272028613271634,"circlet_count":0,"master_deck":["AscendersBane","Defend_G","Defend_G","Defend_G","Defend_G","Defend_G","Strike_G","Strike_G","Strike_G","Strike_G","Strike_G","Survivor","Neutralize","Dagger Spray","Dagger Throw","Footwork+1","Predator+1","Dodge and Roll","PiercingWail","Deadly Poison+1"],"relics":["Ring of the Snake","Golden Idol","Meat on the Bone","Dead Branch"],"potions_floor_usage":[16],"damage_taken":[{"damage":0,"enemies":"2 Louse","floor":1,"turns":3},{"damage":0,"enemies":"Jaw Worm","floor":2,"turns":5},{"damage":1,"enemies":"Cultist","floor":3,"turns":4},{"damage":3,"enemies":"Blue Slaver","floor":4,"turns":5},{"damage":16,"enemies":"Exordium Wildlife","floor":7,"turns":5},{"damage":21,"enemies":"Lagavulin","floor":8,"turns":10},{"damage":11,"enemies":"Large Slime","floor":12,"turns":8},{"damage":2,"enemies":"2 Fungi Beasts","floor":14,"turns":4},{"damage":35,"enemies":"The Guardian","floor":16,"turns":9}],"seed_played":"-9001546524955161864","potions_obtained":[{"floor":2,"key":"Weak Potion"},{"floor":8,"key":"GhostInAJar"},{"floor":10,"key":"SkillPotion"}],"is_trial":false,"path_per_floor":["M","M","M","M","?","R","M","E","T","?","R","M","R","M","R","B"],"character_chosen":"THE_SILENT","items_purchased":[],"campfire_rested":1,"item_purchase_floors":[],"current_hp_per_floor":[59,59,58,55,55,55,39,18,18,18,36,37,37,35,35,0],"gold":342,"neow_bonus":"HUNDRED_GOLD","is_prod":false,"is_daily":false,"chose_seed":false,"campfire_upgraded":3,"win_rate":0,"timestamp":1556565148,"path_taken":["M","M","M","M","?","R","M","E","T","?","R","?","R","M","R","BOSS"],"build_version":"2019-01-23","purchased_purges":0,"victory":false,"max_hp_per_floor":[66,66,66,66,60,60,60,60,60,60,60,60,60,60,60,60],"card_choices":[{"not_picked":["Outmaneuver","Distraction"],"picked":"Dagger Spray","floor":1},{"not_picked":["Flying Knee","Deflect"],"picked":"Dagger Throw","floor":2},{"not_picked":["Deflect","Quick Slash"],"picked":"Footwork","floor":3},{"not_picked":["Slice","Dodge and Roll"],"picked":"Predator","floor":4},{"not_picked":["Predator","Skewer"],"picked":"Dodge and Roll","floor":7},{"not_picked":["Concentrate","Slice","Finisher"],"picked":"SKIP","floor":8},{"not_picked":["Flying Knee","Slice"],"picked":"PiercingWail","floor":12},{"not_picked":["Dagger Spray","Prepared"],"picked":"Deadly Poison","floor":14}],"player_experience":2236330,"relics_obtained":[{"floor":8,"key":"Meat on the Bone"},{"floor":9,"key":"Dead Branch"}],"event_choices":[{"damage_healed":0,"gold_gain":0,"player_choice":"Lose Max HP","damage_taken":0,"relics_obtained":["Golden Idol"],"max_hp_gain":0,"max_hp_loss":6,"event_name":"Golden Idol","floor":5,"gold_loss":0},{"damage_healed":0,"gold_gain":0,"player_choice":"Bought 1 Potion","damage_taken":0,"max_hp_gain":0,"max_hp_loss":0,"event_name":"The Woman in Blue","floor":10,"gold_loss":0}],"is_beta":false,"boss_relics":[],"items_purged_floors":[],"is_endless":false,"potions_floor_spawned":[2,8],"killed_by":"The Guardian","ascension_level":20}