{"gold_per_floor":[119,119,134,17,27,57,57,70,70,70,87,99,129,51,51,130,130,144,344,135,153,153,182,193,193,193,205,236,236,68,96,96,170,170,184,96,0,100,100,100],"floor_reached":40,"playtime":4444,"items_purged":["Strike_G","Strike_G"],"score":904,"play_id":"449ed80c-bf6f-4b89-9c0f-59016c292f4b","local_time":"20190507232757","is_ascension_mode":true,"campfire_choices":[{"data":"Neutralize","floor":7.0,"key":"SMITH"},{"data":"Noxious Fumes","floor":10.0,"key":"SMITH"},{"floor":15.0,"key":"REST"},{"floor":25.0,"key":"REST"},{"floor":32.0,"key":"REST"}],"neow_cost":"TEN_PERCENT_HP_LOSS","seed_source_timestamp":0,"circlet_count":0,"master_deck":["AscendersBane","Defend_G","Defend_G","Defend_G","Survivor","Neutralize+1","Masterful Stab","Blade Dance","Infinite Blades","Malaise","Backstab","Noxious Fumes+1","Poisoned Stab","PiercingWail","Footwork","Predator","Dodge and Roll","Well Laid Plans","After Image","Bouncing Flask","Deadly Poison","Backflip","Dagger Throw","Leg Sweep","PiercingWail","Dash","Adrenaline","Tools of the Trade","Burst","Calculated Gamble","PiercingWail"],"special_seed":0,"relics":["Ring of the Snake","Mummified Hand","The Specimen","Ice Cream","Sozu","Pocketwatch","Pantograph","Anchor","Art of War","Singing Bowl","Philosopher\u0027s Stone","Red Mask","Turnip"],"potions_floor_usage":[],"damage_taken":[{"damage":2.0,"enemies":"2 Louse","floor":1.0,"turns":5.0},{"damage":0.0,"enemies":"Cultist","floor":3.0,"turns":3.0},{"damage":0.0,"enemies":"Jaw Worm","floor":5.0,"turns":4.0},{"damage":10.0,"enemies":"Lagavulin","floor":6.0,"turns":6.0},{"damage":6.0,"enemies":"3 Louse","floor":8.0,"turns":4.0},{"damage":0.0,"enemies":"2 Fungi Beasts","floor":11.0,"turns":3.0},{"damage":0.0,"enemies":"Exordium Thugs","floor":12.0,"turns":3.0},{"damage":11.0,"enemies":"3 Sentries","floor":13.0,"turns":6.0},{"damage":40.0,"enemies":"Slime Boss","floor":16.0,"turns":11.0},{"damage":0.0,"enemies":"3 Byrds","floor":18.0,"turns":5.0},{"damage":0.0,"enemies":"Chosen","floor":21.0,"turns":4.0},{"damage":10.0,"enemies":"Slavers","floor":23.0,"turns":7.0},{"damage":1.0,"enemies":"3 Cultists","floor":24.0,"turns":5.0},{"damage":7.0,"enemies":"Chosen and Byrds","floor":27.0,"turns":7.0},{"damage":3.0,"enemies":"Gremlin Leader","floor":28.0,"turns":6.0},{"damage":9.0,"enemies":"Book of Stabbing","floor":31.0,"turns":5.0},{"damage":17.0,"enemies":"Champ","floor":33.0,"turns":15.0},{"damage":10.0,"enemies":"Orb Walker","floor":35.0,"turns":4.0},{"damage":0.0,"enemies":"Mind Bloom Boss Battle","floor":38.0,"turns":7.0},{"damage":65,"enemies":"Reptomancer","floor":40,"turns":2}],"seed_played":"-6387562111585142155","potions_obtained":[{"floor":1.0,"key":"SteroidPotion"},{"floor":3.0,"key":"SpeedPotion"},{"floor":8.0,"key":"GhostInAJar"},{"floor":11.0,"key":"Explosive Potion"},{"floor":16.0,"key":"GhostInAJar"}],"is_trial":false,"path_per_floor":["M","?","M","$","M","E","R","M","T","R","M","M","E","$","R","B",null,"M","?","$","M","?","E","M","R","T","M","E","?","$","E","R","B",null,"M","$","?","?","?","E"],"character_chosen":"THE_SILENT","items_purchased":["Noxious Fumes","Well Laid Plans","Bouncing Flask","Deadly Poison","Art of War","Calculated Gamble"],"campfire_rested":3,"item_purchase_floors":[4,14,20,20,30,36],"current_hp_per_floor":[57,57,57,57,57,47,47,41,41,41,41,41,30,30,48,8,47,47,47,47,47,47,37,36,54,54,47,44,44,44,37,55,45,58,50,50,50,64,61,0],"gold":100,"neow_bonus":"REMOVE_TWO","is_prod":false,"is_daily":false,"chose_seed":false,"campfire_upgraded":2,"win_rate":0,"timestamp":1557296877,"path_taken":["M","?","?","$","?","E","R","M","T","R","M","?","E","$","R","BOSS","M","?","?","M","?","E","?","R","T","M","E","?","$","E","R","BOSS","M","$","?","?","?","E"],"build_version":"2019-01-23","purchased_purges":2,"victory":false,"max_hp_per_floor":[60,60,60,60,60,60,60,60,60,60,60,60,60,60,60,60,60,60,60,60,60,60,60,60,60,60,60,60,60,60,62,62,62,62,64,64,64,64,61,61],"card_choices":[{"not_picked":["Concentrate","Backflip"],"picked":"Masterful Stab","floor":1.0},{"not_picked":["Poisoned Stab","Tactician"],"picked":"Backstab","floor":3.0},{"not_picked":["Masterful Stab","Outmaneuver"],"picked":"Poisoned Stab","floor":5.0},{"not_picked":["Slice","Masterful Stab"],"picked":"PiercingWail","floor":6.0},{"not_picked":["Reflex","Infinite Blades","Poisoned Stab"],"picked":"SKIP","floor":8.0},{"not_picked":["Malaise","Caltrops"],"picked":"Footwork","floor":11.0},{"not_picked":["Quick Slash","Caltrops"],"picked":"Predator","floor":12.0},{"not_picked":["Underhanded Strike","Unload"],"picked":"Dodge and Roll","floor":13.0},{"not_picked":["Envenom","Grand Finale"],"picked":"After Image","floor":16.0},{"not_picked":["Flechettes","Poisoned Stab","Flying Knee+1"],"picked":"SKIP","floor":18.0},{"not_picked":["Deadly Poison+1","Bane"],"picked":"Backflip","floor":21.0},{"not_picked":["Reflex","Dash"],"picked":"Leg Sweep","floor":23.0},{"not_picked":["Cloak And Dagger","Underhanded Strike"],"picked":"PiercingWail","floor":24.0},{"not_picked":["Dagger Spray","All Out Attack"],"picked":"Dash","floor":27.0},{"not_picked":["Flying Knee","Masterful Stab","Quick Slash"],"picked":"SKIP","floor":28.0},{"not_picked":["Endless Agony","Cloak And Dagger","Blade Dance"],"picked":"Singing Bowl","floor":31.0},{"not_picked":["Envenom","Bullet Time"],"picked":"Burst","floor":33.0},{"not_picked":["Blade Dance","Flying Knee","Masterful Stab"],"picked":"Singing Bowl","floor":35.0},{"not_picked":["Blade Dance+1","Choke"],"picked":"PiercingWail","floor":38.0}],"player_experience":1207369,"relics_obtained":[{"floor":6.0,"key":"Mummified Hand"},{"floor":9.0,"key":"The Specimen"},{"floor":13.0,"key":"Ice Cream"},{"floor":23.0,"key":"Pocketwatch"},{"floor":26.0,"key":"Pantograph"},{"floor":28.0,"key":"Anchor"},{"floor":31.0,"key":"Singing Bowl"},{"floor":38.0,"key":"Turnip"}],"event_choices":[{"damage_healed":0.0,"max_hp_gain":0.0,"max_hp_loss":0.0,"gold_gain":0.0,"event_name":"Match and Keep!","player_choice":"3 cards matched","floor":2.0,"gold_loss":0.0,"damage_taken":0.0,"cards_obtained":["Blade Dance","Infinite Blades","Malaise"]},{"damage_healed":0.0,"max_hp_gain":0.0,"max_hp_loss":0.0,"gold_gain":200.0,"event_name":"Wheel of Change","player_choice":"Gold","floor":19.0,"gold_loss":0.0,"damage_taken":0.0},{"damage_healed":0.0,"max_hp_gain":0.0,"max_hp_loss":0.0,"gold_gain":0.0,"cards_transformed":["Strike_G"],"event_name":"Transmorgrifier","player_choice":"Transformed","floor":22.0,"gold_loss":0.0,"damage_taken":0.0,"cards_obtained":["Dagger Throw"]},{"damage_healed":0.0,"max_hp_gain":0.0,"max_hp_loss":0.0,"gold_gain":0.0,"cards_transformed":["Strike_G","Defend_G"],"event_name":"Drug Dealer","player_choice":"Became Test Subject","floor":29.0,"gold_loss":0.0,"damage_taken":0.0,"cards_obtained":["Adrenaline","Tools of the Trade"]},{"damage_healed":0.0,"max_hp_gain":0.0,"max_hp_loss":0.0,"gold_gain":0.0,"event_name":"Tomb of Lord Red Mask","player_choice":"Paid","floor":37.0,"gold_loss":96.0,"damage_taken":0.0,"relics_obtained":["Red Mask"]},{"damage_healed":0.0,"max_hp_gain":0.0,"max_hp_loss":0.0,"gold_gain":0.0,"event_name":"MindBloom","player_choice":"Fight","floor":38.0,"gold_loss":0.0,"damage_taken":0.0},{"damage_healed":0.0,"max_hp_gain":0.0,"max_hp_loss":3.0,"gold_gain":0.0,"event_name":"Winding Halls","player_choice":"Max HP","floor":39.0,"gold_loss":0.0,"damage_taken":0.0}],"is_beta":false,"boss_relics":[{"not_picked":["Calling Bell","Velvet Choker"],"picked":"Sozu"},{"not_picked":["Astrolabe","Orrery"],"picked":"Philosopher\u0027s Stone"}],"items_purged_floors":[4,20],"is_endless":false,"potions_floor_spawned":[1,3,8,11,16,21,23,31,33,35],"killed_by":"Reptomancer","ascension_level":20}