{"gold_per_floor":[109,120,72,92,92,92,130,130,130,148,1,1,25,38,38,163,163,151,171,171,60,60,93,93,112,137,137,161,186,219,243,243,243],"floor_reached":33,"playtime":2561,"items_purged":["Injury"],"score":314,"play_id":"370abbaf-998b-4794-8c87-50b0a77be552","local_time":"20190514204852","is_ascension_mode":false,"campfire_choices":[{"data":"Melter","floor":6,"key":"SMITH"},{"floor":12,"key":"REST"},{"floor":15,"key":"REST"},{"floor":24,"key":"REST"},{"floor":27,"key":"REST"},{"floor":32,"key":"REST"}],"neow_cost":"NONE","seed_source_timestamp":1660399788316384,"circlet_count":0,"master_deck":["Defend_B","Defend_B","Defend_B","Defend_B","Zap","Dualcast","Melter+1","Sweeping Beam","Glacier","Blizzard","Lockon","Sweeping Beam","Streamline","Creative AI+1","Loop+1","Bite","Bite","Bite","Bite","Bite","Static Discharge+1","Heatsinks+1","Auto Shields","Storm+1","Heatsinks+1","Conserve Battery"],"relics":["Cracked Core","PreservedInsect","Golden Idol","Frozen Egg 2","Darkstone Periapt","Regal Pillow","Sozu","Torii","Blood Vial","Boot"],"potions_floor_usage":[7,14,16],"damage_taken":[{"damage":6,"enemies":"Jaw Worm","floor":1,"turns":3},{"damage":0,"enemies":"2 Louse","floor":2,"turns":2},{"damage":4,"enemies":"Small Slimes","floor":4,"turns":3},{"damage":20,"enemies":"Lagavulin","floor":7,"turns":5},{"damage":5,"enemies":"Exordium Thugs","floor":10,"turns":5},{"damage":0,"enemies":"Large Slime","floor":13,"turns":4},{"damage":8,"enemies":"Exordium Wildlife","floor":14,"turns":2},{"damage":38,"enemies":"The Guardian","floor":16,"turns":11},{"damage":19,"enemies":"2 Thieves","floor":18,"turns":4},{"damage":10,"enemies":"Shell Parasite","floor":19,"turns":5},{"damage":20,"enemies":"Book of Stabbing","floor":23,"turns":3},{"damage":32,"enemies":"Snake Plant","floor":25,"turns":4},{"damage":0,"enemies":"Snecko","floor":28,"turns":5},{"damage":3,"enemies":"Chosen and Byrds","floor":29,"turns":5},{"damage":37,"enemies":"Slavers","floor":30,"turns":5},{"damage":28,"enemies":"3 Cultists","floor":31,"turns":4},{"damage":57,"enemies":"Automaton","floor":33,"turns":6}],"seed_played":"3686188181552064957","potions_obtained":[{"floor":1,"key":"LiquidBronze"},{"floor":7,"key":"Fire Potion"},{"floor":14,"key":"SteroidPotion"}],"is_trial":false,"path_per_floor":["M","M","?","M","?","R","E","?","T","M","$","R","M","M","R","B",null,"M","M","?","$","?","E","R","M","T","R","M","M","E","M","R","B"],"character_chosen":"DEFECT","items_purchased":["Regal Pillow","Static Discharge+1"],"campfire_rested":5,"item_purchase_floors":[11,21],"current_hp_per_floor":[69,69,69,65,65,65,45,38,38,33,33,70,70,62,75,37,75,56,46,46,46,46,32,52,26,26,52,52,51,19,1,31,0],"gold":243,"neow_bonus":"RANDOM_COMMON_RELIC","is_prod":false,"is_daily":false,"chose_seed":false,"campfire_upgraded":1,"win_rate":0,"timestamp":1557884932,"path_taken":["M","M","?","M","?","R","E","?","T","M","$","R","M","M","R","BOSS","M","M","?","$","?","E","R","M","T","R","M","M","E","M","R","BOSS"],"build_version":"2019-01-23","purchased_purges":1,"victory":false,"max_hp_per_floor":[75,75,75,75,75,75,75,75,75,75,75,75,75,75,75,75,75,75,75,52,52,52,52,52,52,52,52,52,52,52,52,52,52],"card_choices":[{"not_picked":["Compile Driver","Leap"],"picked":"Melter","floor":1},{"not_picked":["Turbo","Hyperbeam"],"picked":"Sweeping Beam","floor":2},{"not_picked":["Double Energy","Stack"],"picked":"Glacier","floor":4},{"not_picked":["Genetic Algorithm","Turbo"],"picked":"Blizzard","floor":7},{"not_picked":["Steam Power","Stack"],"picked":"Lockon","floor":10},{"not_picked":["Turbo","Gash"],"picked":"Sweeping Beam","floor":13},{"not_picked":["Steam","Reprogram"],"picked":"Streamline","floor":14},{"not_picked":["Core Surge","Fission"],"picked":"Creative AI+1","floor":16},{"not_picked":["Rip and Tear+1","Sweeping Beam","Redo"],"picked":"SKIP","floor":18},{"not_picked":["FTL","Go for the Eyes"],"picked":"Loop+1","floor":19},{"not_picked":["Doom and Gloom","Leap+1"],"picked":"Heatsinks+1","floor":23},{"not_picked":["Consume","Skim+1"],"picked":"Auto Shields","floor":25},{"not_picked":["Hello World+1","Beam Cell"],"picked":"Storm+1","floor":28},{"not_picked":["Redo","Leap","Glacier"],"picked":"SKIP","floor":29},{"not_picked":["FTL","Sweeping Beam"],"picked":"Heatsinks+1","floor":30},{"not_picked":["Capacitor+1","Barrage+1"],"picked":"Conserve Battery","floor":31}],"player_experience":253800,"relics_obtained":[{"floor":7,"key":"Frozen Egg 2"},{"floor":9,"key":"Darkstone Periapt"},{"floor":23,"key":"Torii"},{"floor":26,"key":"Blood Vial"},{"floor":30,"key":"Boot"}],"event_choices":[{"damage_healed":0,"gold_gain":0,"player_choice":"Left Gold","damage_taken":0,"max_hp_gain":0,"max_hp_loss":0,"event_name":"World of Goop","floor":3,"gold_loss":48},{"damage_healed":0,"gold_gain":0,"player_choice":"Take Wound","damage_taken":0,"relics_obtained":["Golden Idol"],"max_hp_gain":0,"max_hp_loss":0,"event_name":"Golden Idol","floor":5,"gold_loss":0,"cards_obtained":["Injury"]},{"cards_removed":["Strike_B"],"damage_healed":0,"gold_gain":0,"player_choice":"Card Removal","damage_taken":7,"max_hp_gain":0,"max_hp_loss":0,"event_name":"Golden Wing","floor":8,"gold_loss":0},{"damage_healed":0,"gold_gain":0,"player_choice":"Became a vampire","damage_taken":0,"max_hp_gain":0,"max_hp_loss":23,"event_name":"Vampires","floor":20,"gold_loss":0,"cards_obtained":["Bite","Bite","Bite","Bite","Bite"]},{"damage_healed":0,"gold_gain":0,"player_choice":"Ignored","damage_taken":0,"max_hp_gain":0,"max_hp_loss":0,"event_name":"N\u0027loth","floor":22,"gold_loss":0}],"is_beta":false,"boss_relics":[{"not_picked":["Empty Cage","Eternal Feather"],"picked":"Sozu"}],"items_purged_floors":[21],"is_endless":false,"potions_floor_spawned":[1,7,14,18,25,30,31],"killed_by":"Automaton","ascension_level":0}