{"gold_per_floor":[109,89,105,123,138,138,155,188,215,246,246,266,266,285,285,363,363,379,379,393,393],"floor_reached":21,"playtime":13313,"items_purged":[],"score":338,"play_id":"4a006dea-3a43-418c-8fa3-d98a304d7b77","local_time":"20190414192105","is_ascension_mode":true,"campfire_choices":[{"data":"Setup","floor":6.0,"key":"SMITH"},{"data":"Neutralize","floor":11,"key":"SMITH"},{"floor":13,"key":"REST"},{"data":"Noxious Fumes","floor":15,"key":"SMITH"}],"neow_cost":"NONE","seed_source_timestamp":23657312037000,"circlet_count":0,"master_deck":["AscendersBane","Defend_G","Defend_G","Defend_G","Defend_G","Defend_G","Strike_G","Strike_G","Strike_G","Strike_G","Strike_G","Survivor","Neutralize+1","Masterful Stab","Heel Hook","Noxious Fumes+1","Setup+1","Terror","Dodge and Roll","Poisoned Stab","Corpse Explosion","Predator","Decay","Deflect"],"special_seed":0,"relics":["Ring of the Snake","PreservedInsect","Strawberry","Lantern","Cursed Key"],"potions_floor_usage":[8],"damage_taken":[{"damage":0.0,"enemies":"Small Slimes","floor":1.0,"turns":4.0},{"damage":0.0,"enemies":"Cultist","floor":3.0,"turns":3.0},{"damage":1.0,"enemies":"2 Louse","floor":4.0,"turns":3.0},{"damage":7.0,"enemies":"Exordium Wildlife","floor":5.0,"turns":4.0},{"damage":10.0,"enemies":"Lots of Slimes","floor":7.0,"turns":5.0},{"damage":23,"enemies":"Lagavulin","floor":8,"turns":6},{"damage":14,"enemies":"Gremlin Nob","floor":10,"turns":4},{"damage":6,"enemies":"Large Slime","floor":12,"turns":6},{"damage":4,"enemies":"Blue Slaver","floor":14,"turns":4},{"damage":28,"enemies":"The Guardian","floor":16,"turns":11},{"damage":20,"enemies":"3 Byrds","floor":18,"turns":3},{"damage":30,"enemies":"2 Thieves","floor":20,"turns":5}],"seed_played":"719579947832647980","potions_obtained":[{"floor":1.0,"key":"Strength Potion"},{"floor":5.0,"key":"Block Potion"},{"floor":7.0,"key":"Poison Potion"}],"is_trial":false,"path_per_floor":["M","?","M","M","M","R","M","E","T","E","R","M","R","M","R","B",null,"M","?","M","?"],"character_chosen":"THE_SILENT","items_purchased":[],"campfire_rested":1,"item_purchase_floors":[],"current_hp_per_floor":[65,65,65,64,57,57,47,24,31,17,17,11,34,30,30,2,60,40,40,10,0],"gold":393,"neow_bonus":"TEN_PERCENT_HP_BONUS","is_prod":false,"is_daily":false,"chose_seed":false,"campfire_upgraded":3,"win_rate":0,"timestamp":1555294865,"path_taken":["M","?","M","M","M","R","M","E","T","E","R","?","R","M","R","BOSS","M","?","M","?"],"build_version":"2019-01-23","purchased_purges":0,"victory":false,"max_hp_per_floor":[72,72,72,72,72,72,72,72,79,79,79,79,79,79,79,79,79,79,79,79,79],"card_choices":[{"not_picked":["Caltrops","Acrobatics"],"picked":"Masterful Stab","floor":1.0},{"not_picked":["Riddle With Holes","Eviscerate"],"picked":"Heel Hook","floor":3.0},{"not_picked":["Prepared","Predator"],"picked":"Noxious Fumes","floor":4.0},{"not_picked":["Cloak And Dagger","Dagger Throw"],"picked":"Setup","floor":5.0},{"not_picked":["Quick Slash","Bane"],"picked":"Terror","floor":7.0},{"not_picked":["Poisoned Stab","Finisher"],"picked":"Dodge and Roll","floor":8},{"not_picked":["Infinite Blades","Tactician"],"picked":"Poisoned Stab","floor":10},{"not_picked":["Acrobatics","Flying Knee","Masterful Stab"],"picked":"SKIP","floor":12},{"not_picked":["Bane","Terror","Concentrate"],"picked":"SKIP","floor":14},{"not_picked":["Burst","Die Die Die"],"picked":"Corpse Explosion","floor":16},{"not_picked":["Calculated Gamble","Slice"],"picked":"Predator","floor":18},{"not_picked":["Eviscerate","Expertise"],"picked":"Deflect","floor":20}],"player_experience":850227,"relics_obtained":[{"floor":8,"key":"PreservedInsect"},{"floor":9,"key":"Strawberry"},{"floor":10,"key":"Lantern"}],"event_choices":[{"damage_healed":0.0,"max_hp_gain":0.0,"max_hp_loss":0.0,"gold_gain":0.0,"event_name":"The Woman in Blue","player_choice":"Bought 1 Potion","floor":2.0,"gold_loss":0.0,"damage_taken":0.0},{"damage_healed":0,"gold_gain":0,"player_choice":"Smashed Altar","damage_taken":0,"max_hp_gain":0,"max_hp_loss":0,"event_name":"Forgotten Altar","floor":19,"gold_loss":0,"cards_obtained":["Decay"]}],"is_beta":false,"boss_relics":[{"not_picked":["Runic Dome","Busted Crown"],"picked":"Cursed Key"}],"items_purged_floors":[],"is_endless":false,"potions_floor_spawned":[1,5,7],"ascension_level":15}