{"gold_per_floor":[111,111,70,120,135,135,148,213,237,272,272,315,315,336,336,336],"floor_reached":16,"playtime":1444,"items_purged":[],"score":257,"play_id":"67ea3be1-56c5-4665-991f-3c416fe8163e","local_time":"20190415184215","is_ascension_mode":true,"campfire_choices":[{"data":"Poisoned Stab","floor":6.0,"key":"SMITH"},{"floor":11.0,"key":"REST"},{"floor":13,"key":"REST"},{"floor":15,"key":"REST"}],"neow_cost":"NONE","seed_source_timestamp":119784318775500,"circlet_count":0,"master_deck":["AscendersBane","Defend_G","Defend_G","Defend_G","Defend_G","Defend_G","Strike_G","Strike_G","Strike_G","Strike_G","Strike_G","Survivor","Neutralize","Slice","Masterful Stab","Poisoned Stab+1","PiercingWail","Unload","Well Laid Plans","Bullet Time","Dagger Spray"],"special_seed":0,"relics":["Ring of the Snake","Golden Idol","Tiny Chest","Bag of Marbles","Bird Faced Urn","Dodecahedron"],"potions_floor_usage":[],"damage_taken":[{"damage":8.0,"enemies":"2 Louse","floor":1.0,"turns":4.0},{"damage":5.0,"enemies":"Small Slimes","floor":5.0,"turns":3.0},{"damage":4.0,"enemies":"Jaw Worm","floor":7.0,"turns":2.0},{"damage":0.0,"enemies":"Gremlin Nob","floor":8.0,"turns":2.0},{"damage":26.0,"enemies":"3 Sentries","floor":10.0,"turns":9.0},{"damage":31,"enemies":"Lagavulin","floor":12,"turns":7},{"damage":4,"enemies":"Red Slaver","floor":14,"turns":3},{"damage":71,"enemies":"The Guardian","floor":16,"turns":15}],"seed_played":"-6554068548032391187","potions_obtained":[{"floor":1.0,"key":"Fire Potion"},{"floor":7.0,"key":"SteroidPotion"}],"is_trial":false,"path_per_floor":["M","?","$","?","M","R","M","E","T","E","R","E","R","M","R","B"],"character_chosen":"THE_SILENT","items_purchased":["Masterful Stab"],"campfire_rested":3,"item_purchase_floors":[3],"current_hp_per_floor":[57,57,57,57,52,52,48,48,48,22,41,12,31,29,48,0],"gold":336,"neow_bonus":"TEN_PERCENT_HP_BONUS","is_prod":false,"is_daily":false,"chose_seed":false,"campfire_upgraded":1,"win_rate":0,"timestamp":1555378935,"path_taken":["M","?","$","?","M","R","M","E","T","E","R","E","R","M","R","BOSS"],"build_version":"2019-01-23","purchased_purges":0,"victory":false,"max_hp_per_floor":[72,65,65,65,65,65,65,65,65,65,65,65,65,65,65,65],"card_choices":[{"not_picked":["Escape Plan","Blur"],"picked":"Slice","floor":1.0},{"not_picked":["Choke","Calculated Gamble"],"picked":"Poisoned Stab","floor":5.0},{"not_picked":["Terror","Infinite Blades"],"picked":"PiercingWail","floor":7.0},{"not_picked":["Concentrate","Dodge and Roll"],"picked":"Unload","floor":8.0},{"not_picked":["Setup","Envenom"],"picked":"Well Laid Plans","floor":10.0},{"not_picked":["Deadly Poison","Slice"],"picked":"Bullet Time","floor":12},{"not_picked":["Dodge and Roll","Blade Dance"],"picked":"Dagger Spray","floor":14}],"player_experience":871156,"relics_obtained":[{"floor":8.0,"key":"Tiny Chest"},{"floor":9.0,"key":"Bag of Marbles"},{"floor":10.0,"key":"Bird Faced Urn"},{"floor":12,"key":"Dodecahedron"}],"event_choices":[{"damage_healed":0.0,"max_hp_gain":0.0,"max_hp_loss":7.0,"gold_gain":0.0,"event_name":"Golden Idol","player_choice":"Lose Max HP","floor":2.0,"gold_loss":0.0,"damage_taken":0.0,"relics_obtained":["Golden Idol"]},{"damage_healed":0.0,"max_hp_gain":0.0,"max_hp_loss":0.0,"gold_gain":50.0,"event_name":"Golden Wing","player_choice":"Gained Gold","floor":4.0,"gold_loss":0.0,"damage_taken":0.0}],"is_beta":false,"boss_relics":[],"items_purged_floors":[],"is_endless":false,"potions_floor_spawned":[1,7],"killed_by":"The Guardian","ascension_level":16}