{"gold_per_floor":[111,124,23,34,34,34,46,78,78,78,78,113,113,131,131,234,234,254,344,47,47,61,61,80,113,138,157,157,206,218,235,235,235],"floor_reached":33,"playtime":3185,"items_purged":["Strike_B","Strike_B"],"score":302,"play_id":"84e31577-8f75-4e06-8594-cc3190a171da","local_time":"20180712221521","is_ascension_mode":false,"campfire_choices":[{"floor":6,"key":"REST"},{"floor":10,"key":"REST"},{"floor":15,"key":"REST"},{"floor":23,"key":"REST"},{"floor":32,"key":"REST"}],"neow_cost":"NONE","seed_source_timestamp":0,"circlet_count":0,"master_deck":["Strike_B","Strike_B","Defend_B","Defend_B","Defend_B","Defend_B","Zap","Dualcast","Darkness","Darkness","Redo","Hello World","Chaos","Electrodynamics","Multi-Cast","Consume","Multi-Cast","Cold Snap+1","Decay","Compile Driver","Compile Driver","Compile Driver+1","Cold Snap+1","Writhe","Static Discharge"],"special_seed":0,"relics":["Cracked Core","Juzu Bracelet","Gambling Chip","Darkstone Periapt","Meat on the Bone","Bottled Flame","FaceOfCleric","White Beast Statue","ClockworkSouvenir","Torii","Blood Vial","Mercury Hourglass","Vajra"],"potions_floor_usage":[8,8,8,18,22,24,25,27,30,33,33],"damage_taken":[{"damage":6,"enemies":"Jaw Worm","floor":1,"turns":4},{"damage":0,"enemies":"Small Slimes","floor":2,"turns":3},{"damage":5,"enemies":"Cultist","floor":4,"turns":4},{"damage":0,"enemies":"Large Slime","floor":7,"turns":4},{"damage":7,"enemies":"Gremlin Nob","floor":8,"turns":3},{"damage":14,"enemies":"3 Sentries","floor":12,"turns":3},{"damage":14,"enemies":"Blue Slaver","floor":14,"turns":3},{"damage":30,"enemies":"Slime Boss","floor":16,"turns":7},{"damage":30,"enemies":"2 Thieves","floor":18,"turns":3},{"damage":0,"enemies":"3 Byrds","floor":22,"turns":2},{"damage":20,"enemies":"Snecko","floor":24,"turns":5},{"damage":56,"enemies":"Gremlin Leader","floor":25,"turns":6},{"damage":18,"enemies":"3 Cultists","floor":27,"turns":3},{"damage":11,"enemies":"Centurion and Healer","floor":30,"turns":7},{"damage":3,"enemies":"Cultist and Chosen","floor":31,"turns":4},{"damage":86,"enemies":"Champ","floor":33,"turns":8}],"seed_played":"7385503618860834464","potions_obtained":[{"floor":1,"key":"Weak Potion"},{"floor":4,"key":"Weak Potion"},{"floor":7,"key":"FearPotion"},{"floor":16,"key":"SkillPotion"},{"floor":18,"key":"Block Potion"},{"floor":22,"key":"SpeedPotion"},{"floor":24,"key":"PowerPotion"},{"floor":25,"key":"Regen Potion"},{"floor":27,"key":"AttackPotion"},{"floor":30,"key":"Fire Potion"},{"floor":31,"key":"Ancient Potion"}],"is_trial":false,"path_per_floor":["M","M","$","M","?","R","M","E","T","R","?","E","?","M","R","B",null,"M","?","$","?","M","R","M","E","T","M","?","T","M","M","R"],"character_chosen":"DEFECT","items_purchased":["Redo","ClockworkSouvenir"],"campfire_rested":5,"item_purchase_floors":[3,20],"current_hp_per_floor":[69,69,69,64,31,53,53,46,46,68,73,59,59,46,70,53,82,53,37,37,43,56,83,64,21,21,27,33,33,37,49,79,0],"gold":235,"neow_bonus":"RANDOM_COMMON_RELIC","is_prod":false,"is_daily":false,"chose_seed":false,"campfire_upgraded":0,"win_rate":0.0,"timestamp":1531451721,"path_taken":["M","M","$","M","?","R","M","E","T","R","?","E","?","M","R","BOSS","M","?","$","?","M","R","M","E","T","M","?","?","M","M","R","BOSS"],"build_version":"2018-07-12","purchased_purges":2,"victory":false,"max_hp_per_floor":[75,75,75,75,75,75,75,75,75,75,80,80,80,81,81,82,82,83,83,83,89,90,90,91,92,92,93,99,99,100,101,101,101],"card_choices":[{"not_picked":["Go for the Eyes","Streamline"],"picked":"Darkness","floor":1},{"not_picked":["Ball Lightning","Lockon"],"picked":"Darkness","floor":2},{"not_picked":["Blizzard","Compile Driver"],"picked":"Hello World","floor":4},{"not_picked":["Rebound","Ball Lightning"],"picked":"Chaos","floor":7},{"not_picked":["FTL","Compile Driver"],"picked":"Electrodynamics","floor":8},{"not_picked":["Compile Driver","Stack"],"picked":"Multi-Cast","floor":12},{"not_picked":["Double Energy","Ball Lightning"],"picked":"Consume","floor":14},{"not_picked":["Fission","Creative AI"],"picked":"Multi-Cast","floor":16},{"not_picked":["Beam Cell","Gash"],"picked":"Cold Snap+1","floor":18},{"not_picked":["Barrage+1","Reinforced Body"],"picked":"Compile Driver","floor":22},{"not_picked":["Auto Shields","Machine Learning"],"picked":"Compile Driver","floor":24},{"not_picked":["Conserve Battery","Barrage"],"picked":"Compile Driver+1","floor":25},{"not_picked":["FTL","Doom and Gloom"],"picked":"Cold Snap+1","floor":27},{"not_picked":["Hologram","Beam Cell"],"picked":"Static Discharge","floor":30},{"not_picked":["FTL","Barrage","Machine Learning"],"picked":"SKIP","floor":31}],"player_experience":47869,"relics_obtained":[{"floor":8,"key":"Darkstone Periapt"},{"floor":9,"key":"Meat on the Bone"},{"floor":12,"key":"Bottled Flame"},{"floor":25,"key":"Torii"},{"floor":26,"key":"Blood Vial"},{"floor":29,"key":"Vajra"}],"event_choices":[{"event_name":"Scrap Ooze","player_choice":"success","floor":5,"damage_taken":33},{"event_name":"Big Fish","player_choice":"Donut","floor":11,"damage_taken":0},{"event_name":"FaceTrader","player_choice":"Trade","floor":13,"damage_taken":0},{"event_name":"Knowing Skull","player_choice":"GOLD ","floor":19,"damage_taken":0},{"event_name":"Forgotten Altar","player_choice":"Smashed Altar","floor":21,"damage_taken":0},{"event_name":"The Mausoleum","player_choice":"Yes","floor":28,"damage_taken":0}],"boss_relics":[{"not_picked":["Coffee Dripper","Tiny House"],"picked":"White Beast Statue"}],"items_purged_floors":[3,20],"is_endless":false,"potions_floor_spawned":[1,4,7,16,18,22,24,25,27,30,31],"killed_by":"Champ","ascension_level":0}