{"gold_per_floor":[110,110,127,137,18,37,62,6,6,6,39,39,39,59,59,59],"floor_reached":16,"playtime":1066,"items_purged":["Parasite"],"score":215,"play_id":"76f7c32f-d00b-4f2e-af34-b6e51d04b5ca","local_time":"20190422184055","is_ascension_mode":true,"campfire_choices":[{"floor":13.0,"key":"REST"},{"floor":15.0,"key":"REST"}],"neow_cost":"CURSE","seed_source_timestamp":0,"circlet_count":0,"master_deck":["AscendersBane","Defend_G","Defend_G","Defend_G","Defend_G","Defend_G","Strike_G","Strike_G","Strike_G","Strike_G","Survivor","Neutralize","Die Die Die","Skewer","Acrobatics","Well Laid Plans","Flying Knee","Masterful Stab","Backflip","Predator","Deadly Poison+1"],"special_seed":0,"relics":["Ring of the Snake","Matryoshka","Happy Flower","Incense Burner","Toxic Egg 2"],"potions_floor_usage":[],"damage_taken":[{"damage":0.0,"enemies":"2 Louse","floor":1.0,"turns":2.0},{"damage":3.0,"enemies":"Cultist","floor":3.0,"turns":5.0},{"damage":1.0,"enemies":"Jaw Worm","floor":4.0,"turns":3.0},{"damage":6.0,"enemies":"2 Fungi Beasts","floor":6.0,"turns":3.0},{"damage":8.0,"enemies":"Gremlin Nob","floor":7.0,"turns":3.0},{"damage":38.0,"enemies":"Lagavulin","floor":11.0,"turns":9.0},{"damage":1.0,"enemies":"Looter","floor":14.0,"turns":3.0},{"damage":40,"enemies":"Slime Boss","floor":16,"turns":8}],"seed_played":"8277492742359091033","potions_obtained":[{"floor":3.0,"key":"PowerPotion"},{"floor":6.0,"key":"FearPotion"},{"floor":11.0,"key":"Energy Potion"}],"is_trial":false,"path_per_floor":["M","?","M","M","$","M","E","$","T","$","E","?","R","M","R","B"],"character_chosen":"THE_SILENT","items_purchased":["Well Laid Plans","Backflip"],"campfire_rested":2,"item_purchase_floors":[5,8],"current_hp_per_floor":[59,59,56,55,55,49,41,41,41,41,3,3,21,20,38,0],"gold":59,"neow_bonus":"THREE_RARE_CARDS","is_prod":false,"is_daily":false,"chose_seed":false,"campfire_upgraded":0,"win_rate":0,"timestamp":1555983655,"path_taken":["M","?","M","?","$","M","E","$","T","?","E","?","R","M","R","BOSS"],"build_version":"2019-01-23","purchased_purges":1,"victory":false,"max_hp_per_floor":[66,66,66,66,63,63,63,63,63,63,63,63,63,63,63,63],"card_choices":[{"not_picked":["Night Terror","After Image"],"picked":"Die Die Die","floor":0.0},{"not_picked":["Crippling Poison","Dagger Throw"],"picked":"Skewer","floor":1.0},{"not_picked":["Setup","Underhanded Strike","Deflect"],"picked":"SKIP","floor":3.0},{"not_picked":["Dodge and Roll","Sucker Punch","Skewer"],"picked":"SKIP","floor":4.0},{"not_picked":["Accuracy","Flechettes"],"picked":"Flying Knee","floor":6.0},{"not_picked":["Finisher","Night Terror"],"picked":"Masterful Stab","floor":7.0},{"not_picked":["Blade Dance","Tools of the Trade"],"picked":"Predator","floor":11.0},{"not_picked":["Poisoned Stab","Sucker Punch"],"picked":"Deadly Poison+1","floor":14.0}],"player_experience":960807,"relics_obtained":[{"floor":7.0,"key":"Matryoshka"},{"floor":9.0,"key":"Happy Flower"},{"floor":9.0,"key":"Incense Burner"},{"floor":11.0,"key":"Toxic Egg 2"}],"event_choices":[{"damage_healed":0.0,"max_hp_gain":0.0,"max_hp_loss":0.0,"gold_gain":0.0,"cards_transformed":["Strike_G"],"event_name":"Transmorgrifier","player_choice":"Transformed","floor":2.0,"gold_loss":0.0,"damage_taken":0.0,"cards_obtained":["Acrobatics"]},{"damage_healed":0.0,"max_hp_gain":0.0,"max_hp_loss":0.0,"gold_gain":0.0,"event_name":"Shining Light","player_choice":"Ignored","floor":12.0,"gold_loss":0.0,"damage_taken":0.0}],"is_beta":false,"boss_relics":[],"items_purged_floors":[5],"is_endless":false,"potions_floor_spawned":[3,6,11],"killed_by":"Slime Boss","ascension_level":19}