{"gold_per_floor":[113,125,23,23,73,73,98,118,144,176,189,207,47,17,17,90,90,110,110,110,140,156,156,181,181,233,47,47,73,73,90,90,90],"floor_reached":33,"playtime":1056,"items_purged":["Strike_G"],"score":632,"play_id":"db1912cf-712c-4e4c-a262-8a5ae3f0a9e2","local_time":"20190421143806","is_ascension_mode":true,"campfire_choices":[{"data":"Crippling Poison","floor":6.0,"key":"SMITH"},{"data":"Neutralize","floor":15.0,"key":"SMITH"},{"data":"Corpse Explosion","floor":23.0,"key":"SMITH"},{"data":"Calculated Gamble","floor":25,"key":"SMITH"},{"floor":28,"key":"REST"},{"floor":32,"key":"REST"}],"neow_cost":"NONE","seed_source_timestamp":574643884746039,"circlet_count":0,"master_deck":["AscendersBane","Defend_G+1","Defend_G","Defend_G","Defend_G","Defend_G","Strike_G","Strike_G","Strike_G","Strike_G","Survivor+1","Neutralize+1","Predator","Poisoned Stab","Crippling Poison+1","Quick Slash","Dodge and Roll","Backstab","Corpse Explosion+1","Backflip","Malaise","Deadly Poison","PiercingWail","Prepared+1","Calculated Gamble+1","PiercingWail"],"special_seed":0,"relics":["Ring of the Snake","NeowsBlessing","Snake Skull","Anchor","War Paint","Runic Pyramid","Red Mask","Pen Nib","Art of War"],"potions_floor_usage":[33,33],"damage_taken":[{"damage":0.0,"enemies":"Cultist","floor":1.0,"turns":1.0},{"damage":0.0,"enemies":"Small Slimes","floor":2.0,"turns":1.0},{"damage":0.0,"enemies":"3 Sentries","floor":7.0,"turns":1.0},{"damage":1.0,"enemies":"Jaw Worm","floor":8.0,"turns":3.0},{"damage":29.0,"enemies":"Gremlin Nob","floor":10.0,"turns":4.0},{"damage":3.0,"enemies":"Large Slime","floor":11.0,"turns":5.0},{"damage":0.0,"enemies":"Exordium Thugs","floor":12.0,"turns":5.0},{"damage":14.0,"enemies":"The Guardian","floor":16.0,"turns":11.0},{"damage":0.0,"enemies":"Chosen","floor":18.0,"turns":7.0},{"damage":0.0,"enemies":"Masked Bandits","floor":21.0,"turns":2.0},{"damage":0.0,"enemies":"Spheric Guardian","floor":22.0,"turns":3.0},{"damage":14.0,"enemies":"Book of Stabbing","floor":24.0,"turns":9.0},{"damage":42,"enemies":"Gremlin Leader","floor":29,"turns":10},{"damage":0,"enemies":"Snecko","floor":31,"turns":5},{"damage":36,"enemies":"Champ","floor":33,"turns":15}],"seed_played":"-5291821030647089370","potions_obtained":[{"floor":2.0,"key":"Swift Potion"},{"floor":10.0,"key":"Explosive Potion"},{"floor":12.0,"key":"Weak Potion"}],"is_trial":false,"path_per_floor":["M","M","$","$","?","R","E","M","T","E","M","M","$","$","R","B",null,"M","?","?","?","M","R","E","R","T","$","R","E","$","M","R","B"],"character_chosen":"THE_SILENT","items_purchased":["Crippling Poison","Quick Slash","Corpse Explosion","Backflip","PiercingWail","SkillPotion"],"campfire_rested":2,"item_purchase_floors":[3,3,13,14,27,27],"current_hp_per_floor":[59,59,59,59,53,53,53,52,52,23,20,20,20,20,20,6,51,51,51,51,51,51,51,37,37,37,37,56,14,14,14,33,0],"gold":90,"neow_bonus":"THREE_ENEMY_KILL","is_prod":false,"is_daily":false,"chose_seed":false,"campfire_upgraded":4,"win_rate":0,"timestamp":1555868286,"path_taken":["M","?","?","$","?","R","E","?","T","E","M","M","?","$","R","BOSS","M","?","?","?","?","R","E","R","T","?","R","E","$","M","R","BOSS"],"build_version":"2019-01-23","purchased_purges":1,"victory":false,"max_hp_per_floor":[66,66,66,66,66,66,66,66,66,66,66,66,66,66,66,66,66,66,66,66,66,66,66,66,66,66,66,66,66,66,66,66,66],"card_choices":[{"not_picked":["Blade Dance","Choke"],"picked":"Predator","floor":1.0},{"not_picked":["PiercingWail","Dash"],"picked":"Poisoned Stab","floor":2.0},{"not_picked":["Dodge and Roll","Outmaneuver","Skewer"],"picked":"SKIP","floor":7.0},{"not_picked":["Outmaneuver","Skewer"],"picked":"Dodge and Roll","floor":7.0},{"not_picked":["Blur","Dagger Throw","Bane"],"picked":"SKIP","floor":8.0},{"not_picked":["All Out Attack","Quick Slash","Reflex"],"picked":"SKIP","floor":10.0},{"not_picked":["Sucker Punch","Infinite Blades","Expertise"],"picked":"SKIP","floor":11.0},{"not_picked":["Deflect","Flying Knee"],"picked":"Backstab","floor":12.0},{"not_picked":["Grand Finale","Storm of Steel"],"picked":"Malaise","floor":16.0},{"not_picked":["Backflip","Outmaneuver"],"picked":"Deadly Poison","floor":18.0},{"not_picked":["Acrobatics","Backflip"],"picked":"Prepared+1","floor":21.0},{"not_picked":["Dagger Spray","Sucker Punch"],"picked":"Calculated Gamble","floor":22.0},{"not_picked":["Choke+1","Acrobatics+1","Dodge and Roll"],"picked":"SKIP","floor":24},{"not_picked":["Distraction","Cloak And Dagger","Doppelganger"],"picked":"SKIP","floor":29},{"not_picked":["Flying Knee","Dagger Throw","Concentrate"],"picked":"SKIP","floor":31}],"player_experience":2160707,"relics_obtained":[{"floor":7.0,"key":"Snake Skull"},{"floor":9.0,"key":"Anchor"},{"floor":10.0,"key":"War Paint"},{"floor":21.0,"key":"Red Mask"},{"floor":26,"key":"Pen Nib"},{"floor":29,"key":"Art of War"}],"event_choices":[{"damage_healed":0.0,"max_hp_gain":0.0,"max_hp_loss":0.0,"gold_gain":50.0,"event_name":"FaceTrader","player_choice":"Touch","floor":5.0,"gold_loss":0.0,"damage_taken":6.0},{"damage_healed":0.0,"max_hp_gain":0.0,"max_hp_loss":0.0,"gold_gain":0.0,"event_name":"The Library","player_choice":"Read","floor":19.0,"gold_loss":0.0,"damage_taken":0.0,"cards_obtained":["PiercingWail"]},{"damage_healed":0.0,"max_hp_gain":0.0,"max_hp_loss":0.0,"gold_gain":0.0,"event_name":"The Mausoleum","player_choice":"Ignored","floor":20.0,"gold_loss":0.0,"damage_taken":0.0},{"damage_healed":0.0,"max_hp_gain":0.0,"max_hp_loss":0.0,"gold_gain":0.0,"event_name":"Masked Bandits","player_choice":"Fought Bandits","floor":21.0,"gold_loss":0.0,"damage_taken":0.0}],"is_beta":false,"boss_relics":[{"not_picked":["Orrery","Coffee Dripper"],"picked":"Runic Pyramid"}],"items_purged_floors":[27],"is_endless":false,"potions_floor_spawned":[2,10,12,18,22],"killed_by":"Champ","ascension_level":20}