{"gold_per_floor":[14,14,34,54,67,67,111,111,111,144,19,19,92,105,105,234,234,258,14,14,37,37,37,78,91,168,207,207],"floor_reached":28,"playtime":3500,"items_purged":["Strike_G","Strike_G"],"score":319,"play_id":"8e59fa4a-e97f-4bc3-941f-7c46e6f4bacd","local_time":"20190427193002","is_ascension_mode":true,"campfire_choices":[{"data":"Dagger Spray","floor":6.0,"key":"SMITH"},{"floor":15.0,"key":"REST"},{"data":"Wraith Form v2","floor":23,"key":"SMITH"}],"neow_cost":"NO_GOLD","seed_source_timestamp":0,"circlet_count":0,"master_deck":["Defend_G","Defend_G","Defend_G","Defend_G","Defend_G","Strike_G+1","Strike_G","Strike_G+1","Survivor","Neutralize","Dagger Spray+1","Bouncing Flask","Prepared","Footwork","Deadly Poison","Cloak And Dagger","Crippling Poison","Wraith Form v2+1","Cloak And Dagger+1","Wraith Form v2"],"special_seed":0,"relics":["Ring of the Snake","Nunchaku","Golden Idol","Matryoshka","Bag of Preparation","Girya","Oddly Smooth Stone","Art of War","The Courier","Snecko Eye","Strange Spoon","Juzu Bracelet","Question Card","Paper Crane","Ancient Tea Set"],"potions_floor_usage":[27],"damage_taken":[{"damage":0.0,"enemies":"Cultist","floor":1.0,"turns":4.0},{"damage":7.0,"enemies":"Small Slimes","floor":3.0,"turns":4.0},{"damage":1.0,"enemies":"Jaw Worm","floor":4.0,"turns":3.0},{"damage":6.0,"enemies":"Looter","floor":5.0,"turns":3.0},{"damage":29.0,"enemies":"3 Sentries","floor":7.0,"turns":7.0},{"damage":8.0,"enemies":"Gremlin Nob","floor":10.0,"turns":3.0},{"damage":1.0,"enemies":"Large Slime","floor":14.0,"turns":5.0},{"damage":21,"enemies":"The Guardian","floor":16,"turns":9},{"damage":0,"enemies":"3 Byrds","floor":18,"turns":6},{"damage":0,"enemies":"Chosen","floor":21,"turns":4},{"damage":47,"enemies":"Book of Stabbing","floor":24,"turns":6},{"damage":21,"enemies":"Centurion and Healer","floor":25,"turns":7},{"damage":1,"enemies":"Slavers","floor":27,"turns":5},{"damage":6,"enemies":"Snake Plant","floor":28,"turns":2}],"seed_played":"-5571103276438081742","potions_obtained":[{"floor":1.0,"key":"Fire Potion"},{"floor":10.0,"key":"Fruit Juice"},{"floor":21,"key":"Poison Potion"},{"floor":25,"key":"FearPotion"},{"floor":27,"key":"Fruit Juice"}],"is_trial":false,"path_per_floor":["M","?","M","M","M","R","E","?","T","E","$","?","T","M","R","B",null,"M","$","?","M","?","R","E","M","T","E","M"],"character_chosen":"THE_SILENT","items_purchased":["Cloak And Dagger","Strange Spoon"],"campfire_rested":1,"item_purchase_floors":[11,19],"current_hp_per_floor":[70,65,58,57,51,51,22,9,9,1,6,6,6,5,26,5,70,70,70,70,70,70,70,23,2,2,6,0],"gold":207,"neow_bonus":"ONE_RARE_RELIC","is_prod":false,"is_daily":false,"chose_seed":false,"campfire_upgraded":2,"win_rate":0,"timestamp":1556407802,"path_taken":["M","?","M","M","M","R","E","?","T","E","?","?","?","?","R","BOSS","M","$","?","M","?","R","E","M","T","E","M"],"build_version":"2019-01-23","purchased_purges":2,"victory":false,"max_hp_per_floor":[70,65,65,65,65,65,65,65,65,65,70,70,70,70,70,70,70,70,70,70,70,70,70,70,70,70,75,75],"card_choices":[{"not_picked":["Flying Knee","Slice"],"picked":"Dagger Spray","floor":1.0},{"not_picked":["Endless Agony","Sucker Punch"],"picked":"Bouncing Flask","floor":3.0},{"not_picked":["Dodge and Roll","Reflex","Heel Hook"],"picked":"SKIP","floor":4.0},{"not_picked":["PiercingWail","Underhanded Strike"],"picked":"Prepared","floor":5.0},{"not_picked":["Dash","Deflect"],"picked":"Footwork","floor":7.0},{"not_picked":["Dash","Heel Hook"],"picked":"Deadly Poison","floor":10.0},{"not_picked":["Dagger Spray","Deflect"],"picked":"Crippling Poison","floor":14.0},{"not_picked":["Glass Knife","A Thousand Cuts"],"picked":"Wraith Form v2","floor":16},{"not_picked":["Acrobatics","Dagger Spray"],"picked":"Cloak And Dagger+1","floor":18},{"not_picked":["Flying Knee","Deflect","Cloak And Dagger"],"picked":"SKIP","floor":21},{"not_picked":["Acrobatics","Slice","Deflect"],"picked":"SKIP","floor":24},{"not_picked":["Acrobatics","Prepared","Deadly Poison"],"picked":"Wraith Form v2","floor":25},{"not_picked":["Blur","Deflect","Skewer","Finisher"],"picked":"SKIP","floor":27}],"player_experience":219478,"relics_obtained":[{"floor":7.0,"key":"Matryoshka"},{"floor":9.0,"key":"Bag of Preparation"},{"floor":9.0,"key":"Girya"},{"floor":10.0,"key":"Oddly Smooth Stone"},{"floor":13.0,"key":"Art of War"},{"floor":13.0,"key":"The Courier"},{"floor":24,"key":"Question Card"},{"floor":26,"key":"Paper Crane"},{"floor":27,"key":"Ancient Tea Set"}],"event_choices":[{"damage_healed":0.0,"max_hp_gain":0.0,"max_hp_loss":5.0,"gold_gain":0.0,"event_name":"Golden Idol","player_choice":"Lose Max HP","floor":2.0,"gold_loss":0.0,"damage_taken":0.0,"relics_obtained":["Golden Idol"]},{"damage_healed":0.0,"max_hp_gain":0.0,"max_hp_loss":0.0,"gold_gain":0.0,"event_name":"Shining Light","player_choice":"Entered Light","floor":8.0,"gold_loss":0.0,"damage_taken":13.0,"cards_upgraded":["Strike_G","Strike_G"]},{"damage_healed":0.0,"max_hp_gain":0.0,"max_hp_loss":0.0,"gold_gain":0.0,"event_name":"Golden Wing","player_choice":"Ignored","floor":12.0,"gold_loss":0.0,"damage_taken":0.0},{"damage_healed":0,"gold_gain":0,"player_choice":"Ignored","damage_taken":0,"max_hp_gain":0,"max_hp_loss":0,"event_name":"Vampires","floor":20,"gold_loss":0},{"damage_healed":0,"gold_gain":0,"player_choice":"Opened","damage_taken":0,"relics_obtained":["Juzu Bracelet"],"max_hp_gain":0,"max_hp_loss":0,"event_name":"The Mausoleum","floor":22,"gold_loss":0}],"is_beta":false,"boss_relics":[{"not_picked":["Coffee Dripper","Eternal Feather"],"picked":"Snecko Eye"}],"items_purged_floors":[11,19],"is_endless":false,"potions_floor_spawned":[1,10,21,25,27],"killed_by":"Snake Plant","ascension_level":4}