{"gold_per_floor":[115,40,40,58,28,28,60,60,60,86,124,136],"floor_reached":12,"playtime":358,"items_purged":[],"score":222,"play_id":"137012bc-e2ac-436b-ae22-2fd7b14d9c25","local_time":"20190427171439","is_ascension_mode":true,"campfire_choices":[{"data":"Noxious Fumes","floor":6.0,"key":"SMITH"},{"data":"Neutralize","floor":8.0,"key":"SMITH"}],"neow_cost":"NONE","seed_source_timestamp":75951489520100,"circlet_count":0,"master_deck":["AscendersBane","Defend_G","Defend_G","Defend_G","Defend_G","Defend_G","Strike_G","Strike_G","Strike_G","Strike_G","Strike_G","Survivor","Neutralize+1","Noxious Fumes+1","Malaise","Catalyst","Noxious Fumes","Deadly Poison"],"special_seed":0,"relics":["Ring of the Snake","NeowsBlessing","Darkstone Periapt","MawBank","Shovel"],"potions_floor_usage":[12],"damage_taken":[{"damage":0.0,"enemies":"2 Louse","floor":1.0,"turns":1.0},{"damage":0.0,"enemies":"Jaw Worm","floor":4.0,"turns":1.0},{"damage":0.0,"enemies":"Lagavulin","floor":7.0,"turns":1.0},{"damage":3.0,"enemies":"Cultist","floor":10.0,"turns":5.0},{"damage":38.0,"enemies":"3 Sentries","floor":11.0,"turns":7.0},{"damage":9,"enemies":"3 Louse","floor":12,"turns":1}],"seed_played":"-6607792023635133911","potions_obtained":[{"floor":5.0,"key":"Poison Potion"},{"floor":5.0,"key":"Block Potion"},{"floor":11.0,"key":"EssenceOfSteel"}],"is_trial":false,"path_per_floor":["M","$","?","M","?","R","E","R","T","M","E","M"],"character_chosen":"THE_SILENT","items_purchased":["Noxious Fumes"],"campfire_rested":0,"item_purchase_floors":[2],"current_hp_per_floor":[59,59,48,48,48,48,48,48,48,45,7,0],"gold":136,"neow_bonus":"THREE_ENEMY_KILL","is_prod":false,"is_daily":false,"chose_seed":false,"campfire_upgraded":2,"win_rate":0,"timestamp":1556410479,"path_taken":["M","$","?","M","?","R","E","R","T","M","E","M"],"build_version":"2019-01-23","purchased_purges":0,"victory":false,"max_hp_per_floor":[66,66,66,66,66,66,66,66,66,66,66,66],"card_choices":[{"not_picked":["Outmaneuver","Prepared","Cloak And Dagger"],"picked":"SKIP","floor":1.0},{"not_picked":["Dodge and Roll","Acrobatics"],"picked":"Malaise","floor":4.0},{"not_picked":["Deflect","Heel Hook"],"picked":"Catalyst","floor":7.0},{"not_picked":["Catalyst","Distraction"],"picked":"Noxious Fumes","floor":10.0},{"not_picked":["Backstab","Crippling Poison"],"picked":"Deadly Poison","floor":11.0}],"player_experience":1002918,"relics_obtained":[{"floor":7.0,"key":"Darkstone Periapt"},{"floor":9.0,"key":"MawBank"},{"floor":11.0,"key":"Shovel"}],"event_choices":[{"damage_healed":0.0,"max_hp_gain":0.0,"max_hp_loss":0.0,"gold_gain":0.0,"event_name":"Scrap Ooze","player_choice":"Fled","floor":3.0,"gold_loss":0.0,"damage_taken":11.0},{"damage_healed":0.0,"max_hp_gain":0.0,"max_hp_loss":0.0,"gold_gain":0.0,"event_name":"The Woman in Blue","player_choice":"Bought 2 Potions","floor":5.0,"gold_loss":0.0,"damage_taken":0.0}],"is_beta":false,"boss_relics":[],"items_purged_floors":[],"is_endless":false,"potions_floor_spawned":[10,11],"killed_by":"3 Louse","ascension_level":20}