{"gold_per_floor":[116,141,159,29,39,39,66,66,90,110,110,110,170,200,200,274,274,285,67,67,67,81,106,120,120,120,120,147,47,47,78,78,78],"floor_reached":33,"playtime":764,"items_purged":["Strike_R","Strike_R"],"score":618,"play_id":"ee80f628-6b27-4ae6-95b2-381876e12d16","local_time":"20190415202802","is_ascension_mode":true,"campfire_choices":[{"data":"Whirlwind","floor":6.0,"key":"SMITH"},{"data":"Bash","floor":8.0,"key":"SMITH"},{"data":"Thunderclap","floor":12.0,"key":"SMITH"},{"data":"Inflame","floor":15.0,"key":"SMITH"},{"floor":25.0,"key":"REST"},{"data":"Inflame","floor":27.0,"key":"SMITH"},{"floor":32.0,"key":"REST"}],"neow_cost":"NONE","seed_source_timestamp":77441519959437,"circlet_count":0,"master_deck":["AscendersBane","Strike_R","Strike_R+1","Strike_R+1","Defend_R","Defend_R","Defend_R","Defend_R+1","Bash+1","Thunderclap+1","Cleave+1","Whirlwind+1","Flame Barrier","Inflame+1","Immolate+1","Armaments+1","Inflame+1","Iron Wave","Reaper","Anger+1"],"special_seed":0,"relics":["Burning Blood","NeowsBlessing","Bag of Marbles","Shuriken","Strawberry","Champion Belt","Centennial Puzzle","Black Star","Blood Vial","Nilry\u0027s Codex","Red Skull","Whetstone","Matryoshka","Lantern","Thread and Needle","The Courier","Meat on the Bone"],"potions_floor_usage":[],"damage_taken":[{"damage":0.0,"enemies":"Cultist","floor":1.0,"turns":1.0},{"damage":0.0,"enemies":"2 Louse","floor":3.0,"turns":1.0},{"damage":0.0,"enemies":"Jaw Worm","floor":5.0,"turns":1.0},{"damage":10.0,"enemies":"3 Sentries","floor":7.0,"turns":3.0},{"damage":8.0,"enemies":"3 Louse","floor":10.0,"turns":2.0},{"damage":10.0,"enemies":"3 Sentries","floor":13.0,"turns":3.0},{"damage":6.0,"enemies":"Gremlin Nob","floor":14.0,"turns":3.0},{"damage":27.0,"enemies":"The Guardian","floor":16.0,"turns":11.0},{"damage":6.0,"enemies":"3 Byrds","floor":18.0,"turns":4.0},{"damage":12.0,"enemies":"Chosen","floor":22.0,"turns":3.0},{"damage":23.0,"enemies":"Slavers","floor":23.0,"turns":3.0},{"damage":2.0,"enemies":"Snecko","floor":24.0,"turns":3.0},{"damage":52.0,"enemies":"Book of Stabbing","floor":28.0,"turns":7.0},{"damage":10.0,"enemies":"Gremlin Leader","floor":31.0,"turns":5.0},{"damage":93,"enemies":"Champ","floor":33,"turns":11}],"seed_played":"-5527013256431237597","potions_obtained":[{"floor":1.0,"key":"AttackPotion"},{"floor":13.0,"key":"AttackPotion"},{"floor":14.0,"key":"Ancient Potion"},{"floor":23.0,"key":"Block Potion"},{"floor":24.0,"key":"Regen Potion"}],"is_trial":false,"path_per_floor":["M","T","M","$","M","R","E","R","T","M","?","R","?","E","R","B",null,"M","$","?","?","M","E","M","R","T","R","E","$","?","E","R","B"],"character_chosen":"IRONCLAD","items_purchased":["Block Potion","Blood Vial","SteroidPotion"],"campfire_rested":2,"item_purchase_floors":[4,19,19],"current_hp_per_floor":[74,74,75,75,75,75,71,71,78,76,51,51,47,47,47,26,68,68,68,47,47,43,28,34,58,58,58,14,14,14,56,80,0],"gold":78,"neow_bonus":"THREE_ENEMY_KILL","is_prod":false,"is_daily":false,"chose_seed":false,"campfire_upgraded":5,"win_rate":0,"timestamp":1555370882,"path_taken":["M","?","M","$","M","R","E","R","T","M","?","R","?","E","R","BOSS","M","$","?","?","?","E","M","R","T","R","E","$","?","E","R","BOSS"],"build_version":"2019-01-23","purchased_purges":2,"victory":false,"max_hp_per_floor":[75,75,75,75,75,75,75,75,82,82,82,82,82,82,82,82,82,82,82,82,82,82,82,82,82,82,82,82,82,82,82,82,82],"card_choices":[{"not_picked":["Reckless Charge","Iron Wave"],"picked":"Thunderclap","floor":1.0},{"not_picked":["Bloodletting","Warcry"],"picked":"Cleave","floor":3.0},{"not_picked":["Body Slam","Evolve"],"picked":"Whirlwind","floor":5.0},{"not_picked":["Clash","Searing Blow","Metallicize"],"picked":"SKIP","floor":7.0},{"not_picked":["Cleave","Wild Strike","Evolve"],"picked":"SKIP","floor":10.0},{"not_picked":["Searing Blow","Iron Wave"],"picked":"Flame Barrier","floor":13.0},{"not_picked":["Bloodletting","Perfected Strike"],"picked":"Inflame","floor":14.0},{"not_picked":["Exhume","Fiend Fire"],"picked":"Immolate","floor":16.0},{"not_picked":["Twin Strike","Combust","True Grit"],"picked":"SKIP","floor":18.0},{"not_picked":["Body Slam","Cleave"],"picked":"Armaments","floor":22.0},{"not_picked":["Thunderclap","Warcry"],"picked":"Inflame","floor":23.0},{"not_picked":["Pummel","Power Through"],"picked":"Iron Wave","floor":24.0},{"not_picked":["Sword Boomerang","Pommel Strike"],"picked":"Reaper","floor":28.0},{"not_picked":["Pommel Strike","Shockwave"],"picked":"Anger+1","floor":31.0}],"player_experience":2127358,"relics_obtained":[{"floor":2.0,"key":"Bag of Marbles"},{"floor":7.0,"key":"Shuriken"},{"floor":9.0,"key":"Strawberry"},{"floor":14.0,"key":"Centennial Puzzle"},{"floor":20.0,"key":"Nilry\u0027s Codex"},{"floor":23.0,"key":"Red Skull"},{"floor":23.0,"key":"Whetstone"},{"floor":26.0,"key":"Matryoshka"},{"floor":28.0,"key":"Lantern"},{"floor":28.0,"key":"Thread and Needle"},{"floor":31.0,"key":"The Courier"},{"floor":31.0,"key":"Meat on the Bone"}],"event_choices":[{"damage_healed":0.0,"max_hp_gain":0.0,"max_hp_loss":0.0,"gold_gain":0.0,"event_name":"Shining Light","player_choice":"Entered Light","floor":11.0,"gold_loss":0.0,"damage_taken":25.0,"cards_upgraded":["Cleave","Defend_R"]},{"damage_healed":0.0,"max_hp_gain":0.0,"max_hp_loss":0.0,"gold_gain":0.0,"event_name":"Dead Adventurer","player_choice":"Searched \u00273\u0027 times","floor":13.0,"gold_loss":0.0,"damage_taken":0.0,"relics_obtained":["Champion Belt"]},{"damage_healed":0.0,"max_hp_gain":0.0,"max_hp_loss":0.0,"gold_gain":0.0,"event_name":"Cursed Tome","player_choice":"Obtained Book","floor":20.0,"gold_loss":0.0,"damage_taken":21.0},{"damage_healed":0.0,"max_hp_gain":0.0,"max_hp_loss":0.0,"gold_gain":0.0,"event_name":"Upgrade Shrine","player_choice":"Upgraded","floor":21.0,"gold_loss":0.0,"damage_taken":0.0,"cards_upgraded":["Immolate"]},{"damage_healed":0.0,"max_hp_gain":0.0,"max_hp_loss":0.0,"gold_gain":0.0,"event_name":"Accursed Blacksmith","player_choice":"Forge","floor":30.0,"gold_loss":0.0,"damage_taken":0.0,"cards_upgraded":["Armaments"]}],"is_beta":false,"boss_relics":[{"not_picked":["Ectoplasm","Calling Bell"],"picked":"Black Star"}],"items_purged_floors":[4,29],"is_endless":false,"potions_floor_spawned":[1,13,14,22,23,24],"killed_by":"Champ","ascension_level":20}