{"gold_per_floor":[110,185,199,169,6,34,34,95,95,95,95,107,138,153,153,153],"floor_reached":16,"playtime":1292,"items_purged":["Strike_G"],"score":216,"play_id":"7521451e-6570-4e4b-8402-d382ecb812d9","local_time":"20190505163231","is_ascension_mode":true,"campfire_choices":[{"data":"Neutralize","floor":11,"key":"SMITH"},{"floor":15,"key":"REST"}],"neow_cost":"NONE","seed_source_timestamp":27772124628700,"circlet_count":0,"master_deck":["AscendersBane","Defend_G","Defend_G","Defend_G","Defend_G","Defend_G","Strike_G","Strike_G","Strike_G","Strike_G","Survivor","Neutralize+1","Predator+1","Backstab","Footwork","Parasite","Backflip","PiercingWail","Deadly Poison"],"special_seed":0,"relics":["Ring of the Snake","Juzu Bracelet","Lantern","Bottled Tornado","Letter Opener"],"potions_floor_usage":[6,6,13,16],"damage_taken":[{"damage":1.0,"enemies":"Jaw Worm","floor":1.0,"turns":4.0},{"damage":2.0,"enemies":"2 Louse","floor":3.0,"turns":3.0},{"damage":13,"enemies":"3 Sentries","floor":6,"turns":10},{"damage":0,"enemies":"Cultist","floor":12,"turns":3},{"damage":40,"enemies":"Gremlin Nob","floor":13,"turns":5},{"damage":7,"enemies":"Gremlin Gang","floor":14,"turns":5},{"damage":31,"enemies":"Slime Boss","floor":16,"turns":7}],"seed_played":"8126057476402787779","potions_obtained":[{"floor":4.0,"key":"SteroidPotion"},{"floor":4.0,"key":"Block Potion"},{"floor":6,"key":"FearPotion"},{"floor":14,"key":"Energy Potion"}],"is_trial":false,"path_per_floor":["M","?","M","?","$","E","?","?","T","?","R","M","E","M","R","B"],"character_chosen":"THE_SILENT","items_purchased":["Footwork"],"campfire_rested":1,"item_purchase_floors":[5],"current_hp_per_floor":[58,47,45,45,45,32,32,32,32,48,48,48,8,1,20,0],"gold":153,"neow_bonus":"RANDOM_COMMON_RELIC","is_prod":false,"is_daily":false,"chose_seed":false,"campfire_upgraded":1,"win_rate":0,"timestamp":1557099151,"path_taken":["M","?","M","?","$","E","?","?","T","?","R","M","E","M","R","BOSS"],"build_version":"2019-01-23","purchased_purges":1,"victory":false,"max_hp_per_floor":[66,66,66,66,66,66,66,66,66,66,66,66,66,66,66,66],"card_choices":[{"not_picked":["Dagger Throw","Acrobatics"],"picked":"Predator","floor":1.0},{"not_picked":["Prepared","Acrobatics"],"picked":"Backstab","floor":3.0},{"not_picked":["Dodge and Roll","Endless Agony","Catalyst"],"picked":"SKIP","floor":6},{"not_picked":["Eviscerate","Cloak And Dagger"],"picked":"Backflip","floor":12},{"not_picked":["Outmaneuver","Cloak And Dagger"],"picked":"PiercingWail","floor":13},{"not_picked":["Underhanded Strike","Sucker Punch"],"picked":"Deadly Poison","floor":14}],"player_experience":1179351,"relics_obtained":[{"floor":6,"key":"Lantern"},{"floor":9,"key":"Bottled Tornado"},{"floor":13,"key":"Letter Opener"}],"event_choices":[{"damage_healed":0.0,"max_hp_gain":0.0,"max_hp_loss":0.0,"gold_gain":75.0,"event_name":"World of Goop","player_choice":"Gather Gold","floor":2.0,"gold_loss":0.0,"damage_taken":11.0},{"damage_healed":0.0,"max_hp_gain":0.0,"max_hp_loss":0.0,"gold_gain":0.0,"event_name":"The Woman in Blue","player_choice":"Bought 2 Potions","floor":4.0,"gold_loss":0.0,"damage_taken":0.0},{"damage_healed":0,"gold_gain":0,"player_choice":"Upgraded","damage_taken":0,"max_hp_gain":0,"max_hp_loss":0,"event_name":"Upgrade Shrine","floor":7,"gold_loss":0,"cards_upgraded":["Predator"]},{"damage_healed":0,"gold_gain":61,"player_choice":"Gained Gold","damage_taken":0,"max_hp_gain":0,"max_hp_loss":0,"event_name":"Golden Wing","floor":8,"gold_loss":0},{"damage_healed":16,"gold_gain":0,"player_choice":"Healed and dodged fight","damage_taken":0,"max_hp_gain":0,"max_hp_loss":0,"event_name":"Mushrooms","floor":10,"gold_loss":0,"cards_obtained":["Parasite"]}],"is_beta":false,"boss_relics":[],"items_purged_floors":[5],"is_endless":false,"potions_floor_spawned":[6,14],"killed_by":"Slime Boss","ascension_level":20}