{"gold_per_floor":[118,28,39,39,39,65,65,100,151,151,151,226,243,276,276,347,347,358,14,14,14,14,14,31,57,57,87,105,137,153,167,167,243,243,260,260,260,278,295,295,310,339,392,392,392,0,0,0,0,0],"floor_reached":51,"playtime":35742,"items_purged":["Strike_G"],"score":1473,"play_id":"2683fdc0-5ef6-43c4-813d-223eebc2b45d","local_time":"20190420185817","is_ascension_mode":true,"campfire_choices":[{"floor":7.0,"key":"REST"},{"floor":11.0,"key":"REST"},{"data":"Dagger Spray","floor":15.0,"key":"SMITH"},{"floor":23.0,"key":"REST"},{"data":"Wraith Form v2","floor":32.0,"key":"SMITH"},{"data":"Calculated Gamble","floor":40.0,"key":"SMITH"},{"floor":45,"key":"REST"},{"data":"Noxious Fumes","floor":49,"key":"SMITH"}],"neow_cost":"TEN_PERCENT_HP_LOSS","seed_source_timestamp":138267628567900,"circlet_count":0,"master_deck":["AscendersBane","Defend_G","Defend_G","Defend_G","Defend_G","Defend_G","Strike_G","Strike_G","Survivor","Neutralize+1","Poisoned Stab","Dash","Blur","Quick Slash","Leg Sweep","Dagger Spray+1","Burst","Wraith Form v2+1","PiercingWail","Noxious Fumes+1","Flying Knee","Dagger Spray","Masterful Stab","Terror","Well Laid Plans+1","Dagger Throw","Malaise+1","Neutralize","Catalyst","Caltrops+1","Parasite","Calculated Gamble+1","PiercingWail","Footwork+1","Magnetism+1"],"special_seed":0,"relics":["Ring of the Snake","Pocketwatch","PreservedInsect","Tough Bandages","Regal Pillow","Ornamental Fan","FossilizedHelix","Philosopher\u0027s Stone","Shuriken","Enchiridion","Ancient Tea Set","Frozen Egg 2","Centennial Puzzle","Girya","Snecko Eye","Orichalcum","Smiling Mask","Molten Egg 2","Red Mask"],"potions_floor_usage":[42,50],"damage_taken":[{"damage":1.0,"enemies":"2 Louse","floor":1.0,"turns":2.0},{"damage":4.0,"enemies":"Small Slimes","floor":3.0,"turns":3.0},{"damage":34.0,"enemies":"Gremlin Nob","floor":6.0,"turns":5.0},{"damage":7.0,"enemies":"Lagavulin","floor":8.0,"turns":6.0},{"damage":0.0,"enemies":"Cultist","floor":13.0,"turns":3.0},{"damage":0.0,"enemies":"3 Sentries","floor":14.0,"turns":5.0},{"damage":15.0,"enemies":"The Guardian","floor":16.0,"turns":19.0},{"damage":0.0,"enemies":"Chosen","floor":18.0,"turns":7.0},{"damage":0.0,"enemies":"Shell Parasite","floor":24.0,"turns":6.0},{"damage":8.0,"enemies":"Book of Stabbing","floor":25.0,"turns":6.0},{"damage":0.0,"enemies":"Gremlin Leader","floor":27.0,"turns":5.0},{"damage":0.0,"enemies":"Snecko","floor":28.0,"turns":7.0},{"damage":8.0,"enemies":"Slavers","floor":29.0,"turns":3.0},{"damage":1.0,"enemies":"Chosen and Byrds","floor":30.0,"turns":5.0},{"damage":0.0,"enemies":"Centurion and Healer","floor":31.0,"turns":5.0},{"damage":10.0,"enemies":"Automaton","floor":33.0,"turns":7.0},{"damage":0.0,"enemies":"3 Shapes","floor":35.0,"turns":5.0},{"damage":0.0,"enemies":"Orb Walker","floor":38.0,"turns":4.0},{"damage":23.0,"enemies":"Writhing Mass","floor":39.0,"turns":8.0},{"damage":1.0,"enemies":"3 Darklings","floor":41.0,"turns":6.0},{"damage":1,"enemies":"Nemesis","floor":42,"turns":9},{"damage":59,"enemies":"Time Eater","floor":50,"turns":16}],"seed_played":"-4739589832462832998","potions_obtained":[{"floor":6.0,"key":"Fire Potion"},{"floor":8.0,"key":"Swift Potion"},{"floor":16.0,"key":"Dexterity Potion"},{"floor":25.0,"key":"GhostInAJar"},{"floor":29.0,"key":"PowerPotion"},{"floor":30.0,"key":"Explosive Potion"},{"floor":38.0,"key":"Weak Potion"},{"floor":39.0,"key":"Block Potion"},{"floor":41.0,"key":"Swift Potion"}],"is_trial":false,"path_per_floor":["M","$","M","?","?","E","R","E","T","?","R","T","M","E","R","B",null,"M","$","?","?","?","R","M","E","T","E","M","E","M","M","R","B",null,"M","?","?","M","M","R","M","E","T","T","R","$","?","?","R","B",null],"character_chosen":"THE_SILENT","items_purchased":["Dash","Noxious Fumes","Shuriken","Footwork+1","Magnetism+1","Regen Potion"],"campfire_rested":4,"item_purchase_floors":[2,19,19,46,46,46],"current_hp_per_floor":[58,58,54,54,47,13,31,24,24,24,57,57,57,57,57,42,56,56,56,35,35,35,60,60,52,52,52,52,44,43,43,43,33,53,53,53,53,53,30,30,29,28,28,28,60,60,60,60,60,16],"gold":0,"neow_bonus":"ONE_RARE_RELIC","is_prod":false,"is_daily":false,"chose_seed":false,"campfire_upgraded":4,"win_rate":0,"timestamp":1555811897,"path_taken":["M","$","M","?","?","E","R","E","T","?","R","?","?","E","R","BOSS","M","$","?","?","?","R","M","E","T","E","M","E","M","?","R","BOSS","M","?","?","?","M","R","M","E","T","?","R","$","?","?","R","BOSS"],"build_version":"2019-01-23","purchased_purges":1,"victory":true,"max_hp_per_floor":[60,60,60,60,60,60,60,60,60,60,60,60,60,60,60,60,60,60,60,60,60,60,60,60,60,60,60,60,60,60,60,60,60,60,60,60,60,60,60,60,60,60,60,60,60,60,60,60,60,60],"card_choices":[{"not_picked":["Backflip","Riddle With Holes"],"picked":"Poisoned Stab","floor":1.0},{"not_picked":["Deflect","Outmaneuver"],"picked":"Blur","floor":3.0},{"not_picked":["Dodge and Roll","PiercingWail"],"picked":"Quick Slash","floor":6.0},{"not_picked":["Cloak And Dagger","Envenom"],"picked":"Leg Sweep","floor":8.0},{"not_picked":["Bouncing Flask","Acrobatics"],"picked":"Dagger Spray","floor":13.0},{"not_picked":["Predator","Dagger Throw"],"picked":"Burst","floor":14.0},{"not_picked":["Burst","Envenom"],"picked":"Wraith Form v2","floor":16.0},{"not_picked":["Escape Plan+1","Dodge and Roll"],"picked":"PiercingWail","floor":18.0},{"not_picked":["Dodge and Roll","Backflip"],"picked":"Flying Knee","floor":24.0},{"not_picked":["Dash","Dodge and Roll"],"picked":"Well Laid Plans","floor":25.0},{"not_picked":["Backflip","Crippling Poison"],"picked":"Dagger Spray","floor":27.0},{"not_picked":["PiercingWail+1","Cloak And Dagger"],"picked":"Masterful Stab","floor":28.0},{"not_picked":["Deflect","Bane+1"],"picked":"Terror","floor":29.0},{"not_picked":["Eviscerate","Deflect"],"picked":"Well Laid Plans+1","floor":30.0},{"not_picked":["Quick Slash","Blade Dance"],"picked":"Dagger Throw","floor":31.0},{"not_picked":["Glass Knife","Tools of the Trade+1"],"picked":"Malaise","floor":33.0},{"not_picked":["Underhanded Strike","Deflect","Outmaneuver+1"],"picked":"SKIP","floor":35.0},{"not_picked":["Sucker Punch","Quick Slash"],"picked":"Caltrops+1","floor":38.0},{"not_picked":["All Out Attack","Caltrops+1"],"picked":"Calculated Gamble","floor":39.0},{"not_picked":["Deadly Poison","Quick Slash+1","Backflip"],"picked":"SKIP","floor":41.0},{"not_picked":["Die Die Die","Infinite Blades+1"],"picked":"PiercingWail","floor":42}],"player_experience":899907,"relics_obtained":[{"floor":6.0,"key":"PreservedInsect"},{"floor":8.0,"key":"Tough Bandages"},{"floor":9.0,"key":"Regal Pillow"},{"floor":12.0,"key":"Ornamental Fan"},{"floor":14.0,"key":"FossilizedHelix"},{"floor":20.0,"key":"Enchiridion"},{"floor":25.0,"key":"Ancient Tea Set"},{"floor":26.0,"key":"Frozen Egg 2"},{"floor":27.0,"key":"Centennial Puzzle"},{"floor":29.0,"key":"Girya"},{"floor":42,"key":"Orichalcum"},{"floor":43,"key":"Smiling Mask"},{"floor":44,"key":"Molten Egg 2"}],"event_choices":[{"damage_healed":0.0,"max_hp_gain":0.0,"max_hp_loss":0.0,"gold_gain":0.0,"event_name":"Liars Game","player_choice":"Ignored","floor":4.0,"gold_loss":0.0,"damage_taken":0.0},{"cards_removed":["Strike_G"],"damage_healed":0.0,"max_hp_gain":0.0,"max_hp_loss":0.0,"gold_gain":0.0,"event_name":"Golden Wing","player_choice":"Card Removal","floor":5.0,"gold_loss":0.0,"damage_taken":7.0},{"damage_healed":0.0,"max_hp_gain":0.0,"max_hp_loss":0.0,"gold_gain":0.0,"event_name":"Living Wall","player_choice":"Grow","floor":10.0,"gold_loss":0.0,"damage_taken":0.0,"cards_upgraded":["Neutralize"]},{"damage_healed":0.0,"max_hp_gain":0.0,"max_hp_loss":0.0,"gold_gain":0.0,"event_name":"Cursed Tome","player_choice":"Obtained Book","floor":20.0,"gold_loss":0.0,"damage_taken":21.0},{"cards_removed":["Strike_G"],"damage_healed":0.0,"max_hp_gain":0.0,"max_hp_loss":0.0,"gold_gain":0.0,"event_name":"Bonfire Elementals","player_choice":"Offered Basic","floor":22.0,"gold_loss":0.0,"damage_taken":0.0},{"cards_removed":["Well Laid Plans"],"damage_healed":0.0,"max_hp_gain":0.0,"max_hp_loss":0.0,"gold_gain":0.0,"event_name":"Falling","player_choice":"Removed Power","floor":36.0,"gold_loss":0.0,"damage_taken":0.0},{"damage_healed":0.0,"max_hp_gain":0.0,"max_hp_loss":0.0,"gold_gain":0.0,"event_name":"Match and Keep!","player_choice":"2 cards matched","floor":37.0,"gold_loss":0.0,"damage_taken":0.0,"cards_obtained":["Neutralize","Catalyst"]},{"damage_healed":0,"gold_gain":0,"player_choice":"Paid","damage_taken":0,"relics_obtained":["Red Mask"],"max_hp_gain":0,"max_hp_loss":0,"event_name":"Tomb of Lord Red Mask","floor":47,"gold_loss":0},{"damage_healed":0,"gold_gain":0,"player_choice":"Upgraded","damage_taken":0,"max_hp_gain":0,"max_hp_loss":0,"event_name":"Upgrade Shrine","floor":48,"gold_loss":0,"cards_upgraded":["Malaise"]}],"is_beta":false,"boss_relics":[{"not_picked":["Eternal Feather","Coffee Dripper"],"picked":"Philosopher\u0027s Stone"},{"not_picked":["Cursed Key","White Beast Statue"],"picked":"Snecko Eye"}],"items_purged_floors":[46],"is_endless":false,"potions_floor_spawned":[6,8,16,25,27,29,30,38,39,41],"ascension_level":18}