{"gold_per_floor":[109,164,182,198,15,46,46,73,73,73,73,34,68,88,88,167,217,232,412,392,392,18,18,43,43,69,69,104,104,123,123,123,197,197,213,232,246,78,126,126,156,156,156,156,187,187,214,225,225,225],"floor_reached":50,"playtime":1780,"items_purged":["Strike_G","Parasite"],"score":1214,"play_id":"222b5821-cadd-49ac-8559-303820c54cbe","local_time":"20190427204524","is_ascension_mode":true,"campfire_choices":[{"data":"Noxious Fumes","floor":7.0,"key":"SMITH"},{"data":"Noxious Fumes","floor":15,"key":"SMITH"},{"floor":23,"key":"REST"},{"floor":25,"key":"REST"},{"data":"Footwork","floor":27,"key":"SMITH"},{"floor":29,"key":"REST"},{"data":"Wraith Form v2","floor":32,"key":"SMITH"},{"floor":40,"key":"REST"},{"data":"Corpse Explosion","floor":42,"key":"SMITH"},{"floor":44,"key":"RECALL"},{"data":"Burst","floor":49,"key":"SMITH"}],"neow_cost":"NONE","seed_source_timestamp":1114286559596872,"circlet_count":0,"master_deck":["AscendersBane","Defend_G+1","Defend_G+1","Defend_G+1","Defend_G+1","Defend_G+1","Strike_G+1","Strike_G+1","Strike_G+1","Strike_G+1","Survivor","Neutralize+1","Bane","Deadly Poison","Noxious Fumes+1","Flying Knee","Predator","Dash","Noxious Fumes+1","Dodge and Roll","Footwork+1","Cloak And Dagger+1","Caltrops","Backflip+1","Wraith Form v2+1","Deflect","Corpse Explosion+1","Dagger Spray+1","Sucker Punch+1","Backstab","Calculated Gamble+1","Burst+1"],"special_seed":0,"relics":["Ring of the Snake","Tiny Chest","Centennial Puzzle","Bag of Marbles","StoneCalendar","WingedGreaves","Tiny House","TwistedFunnel","Torii","Strawberry","Meat on the Bone","Sozu","PreservedInsect","Thread and Needle","Tough Bandages","Molten Egg 2","Unceasing Top","Letter Opener","Snake Skull"],"potions_floor_usage":[24,24,33,35,39],"damage_taken":[{"damage":2.0,"enemies":"Cultist","floor":1.0,"turns":6.0},{"damage":1.0,"enemies":"2 Louse","floor":3.0,"turns":3.0},{"damage":2.0,"enemies":"Jaw Worm","floor":4.0,"turns":4.0},{"damage":22.0,"enemies":"3 Sentries","floor":6.0,"turns":8.0},{"damage":6.0,"enemies":"Gremlin Nob","floor":8.0,"turns":3.0},{"damage":12,"enemies":"Lagavulin","floor":13,"turns":7},{"damage":2,"enemies":"2 Fungi Beasts","floor":14,"turns":4},{"damage":16,"enemies":"Hexaghost","floor":16,"turns":8},{"damage":9,"enemies":"Shell Parasite","floor":18,"turns":7},{"damage":17,"enemies":"2 Thieves","floor":20,"turns":5},{"damage":24,"enemies":"Slavers","floor":24,"turns":6},{"damage":24,"enemies":"Gremlin Leader","floor":28,"turns":6},{"damage":8,"enemies":"Centurion and Healer","floor":30,"turns":7},{"damage":23,"enemies":"Collector","floor":33,"turns":10},{"damage":1,"enemies":"3 Darklings","floor":35,"turns":4},{"damage":6,"enemies":"3 Shapes","floor":36,"turns":4},{"damage":27,"enemies":"Spire Growth","floor":37,"turns":6},{"damage":2,"enemies":"2 Orb Walkers","floor":39,"turns":4},{"damage":16,"enemies":"Giant Head","floor":41,"turns":8},{"damage":14,"enemies":"Nemesis","floor":45,"turns":7},{"damage":9,"enemies":"Giant Head","floor":47,"turns":8},{"damage":9,"enemies":"Jaw Worm Horde","floor":48,"turns":4},{"damage":49,"enemies":"Awakened One","floor":50,"turns":11}],"seed_played":"-9045018569254367685","potions_obtained":[{"floor":3.0,"key":"Weak Potion"},{"floor":4.0,"key":"Energy Potion"},{"floor":8.0,"key":"PowerPotion"},{"floor":16,"key":"SkillPotion"},{"floor":17,"key":"SpeedPotion"},{"floor":28,"key":"FearPotion"},{"floor":30,"key":"SpeedPotion"},{"floor":33,"key":"AttackPotion"}],"is_trial":false,"path_per_floor":["M","T","M","M","$","E","R","E","T","?","T","$","E","M","R","B",null,"M","?","M","?","$","R","E","R","T","R","E","R","M","$","R","B",null,"M","M","M","$","?","R","E","R","T","R","E","T","E","M","R","B"],"character_chosen":"THE_SILENT","items_purchased":["Noxious Fumes","Flying Knee","Noxious Fumes","TwistedFunnel","Caltrops","PreservedInsect"],"campfire_rested":4,"item_purchase_floors":[5,5,12,22,22,38],"current_hp_per_floor":[57,57,56,54,54,32,32,26,26,42,42,42,30,28,28,12,58,49,28,11,11,11,31,7,27,34,34,10,32,36,36,36,25,63,62,56,41,41,39,61,45,45,45,45,43,43,46,49,49,0],"gold":225,"neow_bonus":"UPGRADE_CARD","is_prod":false,"is_daily":false,"chose_seed":false,"campfire_upgraded":6,"win_rate":0,"timestamp":1556408724,"path_taken":["M","?","M","M","?","E","R","E","T","?","?","$","E","M","R","BOSS","M","?","?","?","$","R","E","R","T","R","E","R","M","$","R","BOSS","M","M","M","$","?","R","E","R","T","R","E","?","E","M","R","BOSS"],"build_version":"2019-01-23","purchased_purges":2,"victory":false,"max_hp_per_floor":[66,66,66,66,66,66,66,66,66,66,66,66,66,66,66,66,71,71,71,71,71,68,68,68,68,75,75,75,75,75,75,75,75,75,75,75,75,75,75,75,75,75,75,75,75,75,75,75,75,75],"card_choices":[{"not_picked":["Backflip","Caltrops"],"picked":"Bane","floor":1.0},{"not_picked":["Eviscerate","Crippling Poison"],"picked":"Deadly Poison","floor":3.0},{"not_picked":["Outmaneuver","Unload","Slice"],"picked":"SKIP","floor":4.0},{"not_picked":["Prepared","Sucker Punch"],"picked":"Predator","floor":6.0},{"not_picked":["Predator","Skewer"],"picked":"Dash","floor":8.0},{"not_picked":["Dagger Throw","Outmaneuver","Storm of Steel"],"picked":"SKIP","floor":13},{"not_picked":["Masterful Stab","Quick Slash","Distraction"],"picked":"SKIP","floor":14},{"not_picked":["Quick Slash","Poisoned Stab"],"picked":"Dodge and Roll","floor":17},{"not_picked":["Dodge and Roll","Skewer"],"picked":"Footwork","floor":18},{"not_picked":["PiercingWail","Dagger Throw"],"picked":"Cloak And Dagger+1","floor":20},{"not_picked":["PiercingWail","Terror"],"picked":"Backflip+1","floor":24},{"not_picked":["Distraction","Skewer"],"picked":"Wraith Form v2","floor":28},{"not_picked":["Prepared","Acrobatics"],"picked":"Deflect","floor":30},{"not_picked":["Bullet Time","Envenom"],"picked":"Corpse Explosion","floor":33},{"not_picked":["Dodge and Roll","Deflect"],"picked":"Dagger Spray+1","floor":35},{"not_picked":["Slice","Prepared"],"picked":"Sucker Punch+1","floor":36},{"not_picked":["Predator","All Out Attack"],"picked":"Backstab","floor":37},{"not_picked":["Deadly Poison+1","Accuracy"],"picked":"Calculated Gamble+1","floor":39},{"not_picked":["Distraction","Quick Slash","Expertise"],"picked":"SKIP","floor":41},{"not_picked":["Dagger Throw+1","Deadly Poison+1","Predator+1"],"picked":"SKIP","floor":45},{"not_picked":["Dagger Throw+1","Deadly Poison+1","Predator+1"],"picked":"SKIP","floor":45},{"not_picked":["Tactician","All Out Attack+1"],"picked":"Burst","floor":47},{"not_picked":["Quick Slash+1","Endless Agony+1","Prepared"],"picked":"SKIP","floor":48},{"not_picked":["Quick Slash+1","Endless Agony+1","Prepared"],"picked":"SKIP","floor":48}],"player_experience":2207559,"relics_obtained":[{"floor":2.0,"key":"Tiny Chest"},{"floor":6.0,"key":"Centennial Puzzle"},{"floor":8.0,"key":"Bag of Marbles"},{"floor":11,"key":"StoneCalendar"},{"floor":13,"key":"WingedGreaves"},{"floor":24,"key":"Torii"},{"floor":26,"key":"Strawberry"},{"floor":28,"key":"Meat on the Bone"},{"floor":39,"key":"Thread and Needle"},{"floor":41,"key":"Tough Bandages"},{"floor":43,"key":"Molten Egg 2"},{"floor":45,"key":"Unceasing Top"},{"floor":46,"key":"Letter Opener"},{"floor":47,"key":"Snake Skull"}],"event_choices":[{"damage_healed":16,"gold_gain":0,"player_choice":"Healed and dodged fight","damage_taken":0,"max_hp_gain":0,"max_hp_loss":0,"event_name":"Mushrooms","floor":10,"gold_loss":0,"cards_obtained":["Parasite"]},{"damage_healed":0,"gold_gain":180,"player_choice":"GOLD GOLD ","damage_taken":21,"max_hp_gain":0,"max_hp_loss":0,"event_name":"Knowing Skull","floor":19,"potions_obtained":[],"gold_loss":0,"cards_obtained":[]},{"damage_healed":0,"gold_gain":0,"player_choice":"Simplicity","damage_taken":0,"max_hp_gain":0,"max_hp_loss":0,"event_name":"Back to Basics","floor":21,"gold_loss":0,"cards_upgraded":["Defend_G","Defend_G","Defend_G","Defend_G","Defend_G","Strike_G","Strike_G","Strike_G"]},{"damage_healed":0,"gold_gain":0,"player_choice":"Fight","damage_taken":0,"max_hp_gain":0,"max_hp_loss":0,"event_name":"Mysterious Sphere","floor":39,"gold_loss":0}],"is_beta":false,"boss_relics":[{"not_picked":["Ring of the Serpent","Eternal Feather"],"picked":"Tiny House"},{"not_picked":["Empty Cage","Runic Dome"],"picked":"Sozu"}],"items_purged_floors":[5,22],"is_endless":false,"potions_floor_spawned":[3,4,8,16,28,30,33,39,41,48],"killed_by":"Awakened One","ascension_level":20}