{"gold_per_floor":[214,26,40,40,40,71,119,119,119,119,132,159,81,99,99,170,170,185,185,203,223,223,223,234,234,234,234,234,267,281,2,2,76,76,87,107,82,82,92,92,106,133,133,133,133],"floor_reached":45,"playtime":4031,"items_purged":["Strike_R"],"score":1142,"play_id":"5515ac0c-8cd5-4bc4-b5d7-941100fde532","local_time":"20190415201206","is_ascension_mode":true,"campfire_choices":[{"floor":8.0,"key":"REST"},{"data":"Bash","floor":10.0,"key":"SMITH"},{"data":"Havoc","floor":15.0,"key":"SMITH"},{"data":"Limit Break","floor":23.0,"key":"SMITH"},{"data":"Flame Barrier","floor":25.0,"key":"SMITH"},{"floor":27.0,"key":"REST"},{"data":"Disarm","floor":32.0,"key":"SMITH"},{"data":"Heavy Blade","floor":40.0,"key":"SMITH"},{"data":"Feed","floor":44.0,"key":"SMITH"}],"neow_cost":"NONE","seed_source_timestamp":73256647972596,"circlet_count":0,"master_deck":["AscendersBane","Strike_R+1","Strike_R+1","Strike_R+1","Strike_R+1","Defend_R+1","Defend_R+1","Defend_R+1","Defend_R+1","Bash+1","Shrug It Off","Inflame+1","Havoc+1","Anger","Corruption+1","Flame Barrier+1","Limit Break+1","Inflame+1","Headbutt","Shrug It Off+1","Shrug It Off+1","Disarm+1","Heavy Blade+1","Feed+1","Evolve+1","Cleave","Dark Embrace+1","Normality"],"special_seed":0,"relics":["Burning Blood","Frozen Egg 2","FossilizedHelix","Strawberry","Question Card","Dodecahedron","Sozu","Happy Flower","Vajra","Shuriken","Cursed Key","Dream Catcher"],"potions_floor_usage":[],"damage_taken":[{"damage":7.0,"enemies":"Small Slimes","floor":1.0,"turns":6.0},{"damage":11.0,"enemies":"Jaw Worm","floor":3.0,"turns":5.0},{"damage":32.0,"enemies":"Gremlin Nob","floor":6.0,"turns":4.0},{"damage":0.0,"enemies":"2 Louse","floor":11.0,"turns":3.0},{"damage":12.0,"enemies":"3 Sentries","floor":12.0,"turns":8.0},{"damage":0.0,"enemies":"Exordium Wildlife","floor":14.0,"turns":3.0},{"damage":24.0,"enemies":"The Guardian","floor":16.0,"turns":14.0},{"damage":0.0,"enemies":"3 Byrds","floor":18.0,"turns":3.0},{"damage":10.0,"enemies":"Shell Parasite","floor":20.0,"turns":5.0},{"damage":39.0,"enemies":"Cultist and Chosen","floor":21.0,"turns":6.0},{"damage":11.0,"enemies":"Sentry and Sphere","floor":24.0,"turns":6.0},{"damage":0.0,"enemies":"Gremlin Leader","floor":29.0,"turns":7.0},{"damage":0.0,"enemies":"3 Cultists","floor":30.0,"turns":5.0},{"damage":0.0,"enemies":"Champ","floor":33.0,"turns":8.0},{"damage":0.0,"enemies":"Orb Walker","floor":35.0,"turns":3.0},{"damage":11.0,"enemies":"3 Shapes","floor":36.0,"turns":4.0},{"damage":24.0,"enemies":"Transient","floor":39.0,"turns":6.0},{"damage":20.0,"enemies":"3 Darklings","floor":41.0,"turns":7.0},{"damage":12.0,"enemies":"Nemesis","floor":42.0,"turns":5.0},{"damage":83,"enemies":"Reptomancer","floor":45,"turns":3}],"seed_played":"-8980838751106229814","potions_obtained":[{"floor":16.0,"key":"SkillPotion"}],"is_trial":false,"path_per_floor":["M","$","M","?","?","E","T","R","T","R","M","E","$","M","R","B",null,"M","?","M","M","?","R","M","R","T","R","?","E","M","$","R","B",null,"M","M","$","T","M","R","M","E","T","R","E"],"character_chosen":"IRONCLAD","items_purchased":["Fire Potion","SteroidPotion","Corruption+1","Shuriken","Cleave"],"campfire_rested":2,"item_purchase_floors":[2,2,13,31,37],"current_hp_per_floor":[67,67,62,57,34,8,15,39,39,39,45,39,39,45,45,27,68,74,74,70,37,37,37,32,32,32,56,56,62,68,68,68,74,80,85,83,83,83,65,65,54,51,51,51,0],"gold":133,"neow_bonus":"HUNDRED_GOLD","is_prod":false,"is_daily":false,"chose_seed":false,"campfire_upgraded":7,"win_rate":0,"timestamp":1555369926,"path_taken":["M","$","M","?","?","E","?","R","T","R","M","E","?","M","R","BOSS","M","?","M","M","?","R","?","R","T","R","?","E","M","$","R","BOSS","M","?","$","?","M","R","M","E","T","R","E"],"build_version":"2019-01-23","purchased_purges":1,"victory":false,"max_hp_per_floor":[75,75,75,75,75,75,82,82,82,82,82,82,82,82,82,82,82,82,82,82,82,82,82,82,82,82,82,82,82,82,82,82,82,82,85,88,88,88,88,88,91,94,94,94,94],"card_choices":[{"not_picked":["Sword Boomerang","Entrench"],"picked":"Shrug It Off","floor":1.0},{"not_picked":["Body Slam","Evolve"],"picked":"Perfected Strike","floor":3.0},{"not_picked":["Sword Boomerang","Havoc"],"picked":"Inflame+1","floor":6.0},{"not_picked":["Clash","True Grit","Wild Strike"],"picked":"Havoc","floor":11.0},{"not_picked":["Ghostly Armor","Dual Wield","Thunderclap"],"picked":"Anger","floor":12.0},{"not_picked":["Sword Boomerang","Flex","Headbutt"],"picked":"Flame Barrier","floor":14.0},{"not_picked":["Brutality+1","Berserk+1","Offering"],"picked":"Limit Break","floor":16.0},{"not_picked":["Rage+1","Flame Barrier","Shrug It Off"],"picked":"Inflame+1","floor":18.0},{"not_picked":["Hemokinesis","Wild Strike+1","Infernal Blade"],"picked":"Headbutt","floor":20.0},{"not_picked":["Bloodletting","Havoc","Iron Wave"],"picked":"Shrug It Off+1","floor":21.0},{"not_picked":["Headbutt","Brutality+1","Clash+1"],"picked":"Shrug It Off+1","floor":24.0},{"not_picked":["Shrug It Off","Uppercut","Headbutt"],"picked":"Disarm","floor":29.0},{"not_picked":["Cleave","Body Slam+1","Second Wind"],"picked":"Heavy Blade","floor":30.0},{"not_picked":["Limit Break","Brutality+1","Exhume"],"picked":"Feed","floor":33.0},{"not_picked":["Clothesline","Iron Wave","Body Slam"],"picked":"Evolve+1","floor":35.0},{"not_picked":["Armaments+1","Twin Strike+1","Ghostly Armor","Clash"],"picked":"SKIP","floor":36.0},{"not_picked":["Headbutt","Clothesline","Dual Wield","Twin Strike+1"],"picked":"SKIP","floor":39.0},{"not_picked":["Headbutt","Clothesline","Dual Wield","Twin Strike+1"],"picked":"SKIP","floor":39.0},{"not_picked":["Armaments","Flex","Bloodletting","Corruption+1"],"picked":"SKIP","floor":41.0},{"not_picked":["Anger","Body Slam+1","Second Wind"],"picked":"Dark Embrace+1","floor":42.0}],"player_experience":2123298,"relics_obtained":[{"floor":6.0,"key":"FossilizedHelix"},{"floor":7.0,"key":"Strawberry"},{"floor":9.0,"key":"Question Card"},{"floor":12.0,"key":"Dodecahedron"},{"floor":26.0,"key":"Happy Flower"},{"floor":29.0,"key":"Vajra"},{"floor":42.0,"key":"Dream Catcher"}],"event_choices":[{"damage_healed":0.0,"max_hp_gain":0.0,"max_hp_loss":0.0,"gold_gain":0.0,"event_name":"Scrap Ooze","player_choice":"Success","floor":4.0,"gold_loss":0.0,"damage_taken":5.0,"relics_obtained":["Frozen Egg 2"]},{"damage_healed":0.0,"max_hp_gain":0.0,"max_hp_loss":0.0,"gold_gain":0.0,"event_name":"Shining Light","player_choice":"Entered Light","floor":5.0,"gold_loss":0.0,"damage_taken":23.0,"cards_upgraded":["Strike_R","Defend_R"]},{"damage_healed":0.0,"max_hp_gain":0.0,"max_hp_loss":0.0,"gold_gain":0.0,"event_name":"Back to Basics","player_choice":"Simplicity","floor":19.0,"gold_loss":0.0,"damage_taken":0.0,"cards_upgraded":["Strike_R","Strike_R","Strike_R","Defend_R","Defend_R","Defend_R"]},{"damage_healed":0.0,"max_hp_gain":0.0,"max_hp_loss":0.0,"gold_gain":0.0,"event_name":"N\u0027loth","player_choice":"Ignored","floor":22.0,"gold_loss":0.0,"damage_taken":0.0},{"cards_removed":["Perfected Strike"],"damage_healed":0.0,"max_hp_gain":0.0,"max_hp_loss":0.0,"gold_gain":0.0,"event_name":"Purifier","player_choice":"Purged","floor":28.0,"gold_loss":0.0,"damage_taken":0.0}],"is_beta":false,"boss_relics":[{"not_picked":["Pandora\u0027s Box","Lizard Tail"],"picked":"Sozu"},{"not_picked":["Eternal Feather","Mark of Pain"],"picked":"Cursed Key"}],"items_purged_floors":[2],"is_endless":false,"potions_floor_spawned":[3,6,16,20,30,36],"killed_by":"Reptomancer","ascension_level":20}