{"gold_per_floor":[109,51,70,88,105,105,137,137,137,149,149,161,161,179,179,256,256,272,472,486,191,210,237,237,287,310,329,345,345,361,389,389,465,465,485,499,98,98,98],"floor_reached":39,"playtime":1148,"items_purged":["Strike_R","Strike_R"],"score":854,"play_id":"516ca1d1-382e-4bd6-b00b-b905ffefc442","local_time":"20190404020549","is_ascension_mode":true,"campfire_choices":[{"data":"Disarm","floor":6.0,"key":"SMITH"},{"data":"Defend_R","floor":11.0,"key":"SMITH"},{"data":"Defend_R","floor":13.0,"key":"SMITH"},{"data":"Defend_R","floor":15.0,"key":"SMITH"},{"data":"Battle Trance","floor":24,"key":"SMITH"},{"floor":29,"key":"REST"},{"data":"True Grit","floor":32,"key":"SMITH"}],"neow_cost":"NONE","seed_source_timestamp":887649073133232,"circlet_count":0,"master_deck":["AscendersBane","Strike_R","Strike_R","Defend_R+1","Defend_R","Defend_R+1","Defend_R+1","Bash+1","Disarm+1","Cleave+1","Clothesline+1","Anger+1","Twin Strike+1","Sword Boomerang+1","Fiend Fire+1","Battle Trance+1","Armaments","Shrug It Off","Cleave+1","Pommel Strike+1","True Grit+1","Havoc+1","Fiend Fire+1","Thunderclap+1","Shockwave","Rage","Feel No Pain","Reaper+1","Pommel Strike+1","Heavy Blade+1","Demon Form"],"special_seed":0,"relics":["Burning Blood","Molten Egg 2","Du-Vu Doll","Turnip","Orrery","Bronze Scales","Dream Catcher","Bag of Marbles","Ancient Tea Set","Snecko Eye","Oddly Smooth Stone"],"potions_floor_usage":[27,31,33,38],"damage_taken":[{"damage":7.0,"enemies":"Jaw Worm","floor":1.0,"turns":3.0},{"damage":4.0,"enemies":"Cultist","floor":3.0,"turns":4.0},{"damage":1.0,"enemies":"2 Louse","floor":4.0,"turns":3.0},{"damage":16.0,"enemies":"Large Slime","floor":5.0,"turns":6.0},{"damage":6.0,"enemies":"Gremlin Nob","floor":7.0,"turns":3.0},{"damage":11.0,"enemies":"Gremlin Gang","floor":10.0,"turns":3.0},{"damage":9.0,"enemies":"2 Fungi Beasts","floor":12.0,"turns":2.0},{"damage":0.0,"enemies":"3 Louse","floor":14.0,"turns":2.0},{"damage":23.0,"enemies":"Hexaghost","floor":16.0,"turns":9.0},{"damage":25.0,"enemies":"2 Thieves","floor":18.0,"turns":3.0},{"damage":2.0,"enemies":"Shell Parasite","floor":20.0,"turns":7.0},{"damage":11.0,"enemies":"Centurion and Healer","floor":22.0,"turns":7.0},{"damage":12.0,"enemies":"Gremlin Leader","floor":23.0,"turns":6.0},{"damage":19,"enemies":"Cultist and Chosen","floor":27,"turns":5},{"damage":0,"enemies":"Snecko","floor":28,"turns":2},{"damage":5,"enemies":"Centurion and Healer","floor":30,"turns":5},{"damage":5,"enemies":"Book of Stabbing","floor":31,"turns":3},{"damage":51,"enemies":"Automaton","floor":33,"turns":9},{"damage":0,"enemies":"Orb Walker","floor":35,"turns":1},{"damage":3,"enemies":"3 Shapes","floor":36,"turns":10},{"damage":0,"enemies":"Spire Growth","floor":38,"turns":2}],"seed_played":"-5341578828338076492","potions_obtained":[{"floor":1.0,"key":"FearPotion"},{"floor":3.0,"key":"Regen Potion"},{"floor":12.0,"key":"FearPotion"},{"floor":16.0,"key":"Weak Potion"},{"floor":20.0,"key":"Explosive Potion"},{"floor":27,"key":"PowerPotion"},{"floor":28,"key":"Weak Potion"},{"floor":36,"key":"SmokeBomb"}],"is_trial":false,"path_per_floor":["M","?","M","M","M","R","E","?","T","M","R","M","R","M","R","B",null,"M","?","M","$","M","E","R","?","T","M","M","R","M","E","R","B",null,"M","M","$","M","?"],"character_chosen":"IRONCLAD","items_purchased":["Bronze Scales","True Grit","Demon Form","Oddly Smooth Stone","Strength Potion"],"campfire_rested":1,"item_purchase_floors":[21,21,37,37,37],"current_hp_per_floor":[67,67,69,74,64,64,64,64,64,59,59,56,56,62,62,60,71,52,52,56,56,51,45,45,45,45,32,38,60,61,62,62,17,61,67,70,70,75,75],"gold":98,"neow_bonus":"UPGRADE_CARD","is_prod":false,"is_daily":false,"chose_seed":false,"campfire_upgraded":6,"win_rate":0,"timestamp":1554354349,"path_taken":["M","?","M","M","?","R","E","?","T","M","R","M","R","M","R","BOSS","M","?","M","$","?","E","R","?","T","M","?","R","M","E","R","BOSS","M","M","$","M","?"],"build_version":"2019-01-23","purchased_purges":2,"victory":false,"max_hp_per_floor":[75,75,75,75,75,75,75,75,75,75,75,75,75,75,75,75,75,75,75,75,75,75,75,75,75,75,75,75,75,75,75,75,75,75,75,75,75,75,75],"card_choices":[{"not_picked":["Searing Blow","Body Slam"],"picked":"Disarm","floor":1.0},{"not_picked":["Havoc","Sword Boomerang+1"],"picked":"Cleave+1","floor":3.0},{"not_picked":["True Grit","Dropkick+1"],"picked":"Clothesline+1","floor":4.0},{"not_picked":["Sword Boomerang+1","Power Through"],"picked":"Anger+1","floor":5.0},{"not_picked":["Rupture","Hemokinesis+1","Twin Strike+1"],"picked":"SKIP","floor":7.0},{"not_picked":["Rupture","Hemokinesis+1","Twin Strike+1"],"picked":"SKIP","floor":7.0},{"not_picked":["Clothesline+1","Heavy Blade+1"],"picked":"Twin Strike+1","floor":10.0},{"not_picked":["Clash+1","Pommel Strike+1"],"picked":"Sword Boomerang+1","floor":12.0},{"not_picked":["Clash+1","Exhume","Heavy Blade+1"],"picked":"SKIP","floor":14.0},{"not_picked":["Double Tap","Dark Embrace"],"picked":"Fiend Fire+1","floor":16.0},{"not_picked":["Havoc","Anger+1"],"picked":"Battle Trance","floor":17.0},{"not_picked":["Berserk","Thunderclap+1"],"picked":"Armaments","floor":17.0},{"not_picked":["Ghostly Armor","Brutality"],"picked":"Shrug It Off","floor":17.0},{"not_picked":["Havoc","Wild Strike+1"],"picked":"Cleave+1","floor":17.0},{"not_picked":["Sword Boomerang+1","Wild Strike+1","Flex"],"picked":"SKIP","floor":18.0},{"not_picked":["Evolve","Rampage+1"],"picked":"Pommel Strike+1","floor":20.0},{"not_picked":["Heavy Blade+1","Shrug It Off"],"picked":"Havoc+1","floor":22.0},{"not_picked":["Pommel Strike+1","Twin Strike+1"],"picked":"Fiend Fire+1","floor":23.0},{"not_picked":["Ghostly Armor","Metallicize"],"picked":"Thunderclap+1","floor":27},{"not_picked":["Heavy Blade+1","Flex"],"picked":"Shockwave","floor":28},{"not_picked":["Headbutt+1","Pommel Strike+1"],"picked":"Rage","floor":30},{"not_picked":["Double Tap","True Grit"],"picked":"Feel No Pain","floor":31},{"not_picked":["Demon Form","Impervious"],"picked":"Reaper+1","floor":33},{"not_picked":["Rupture","Sword Boomerang+1"],"picked":"Pommel Strike+1","floor":35},{"not_picked":["Cleave+1","Twin Strike+1"],"picked":"Heavy Blade+1","floor":36}],"player_experience":1994075,"relics_obtained":[{"floor":7.0,"key":"Du-Vu Doll"},{"floor":9.0,"key":"Turnip"},{"floor":23.0,"key":"Dream Catcher"},{"floor":26,"key":"Bag of Marbles"},{"floor":31,"key":"Ancient Tea Set"}],"event_choices":[{"damage_healed":0.0,"max_hp_gain":0.0,"max_hp_loss":0.0,"gold_gain":0.0,"event_name":"WeMeetAgain","player_choice":"Paid Gold","floor":2.0,"gold_loss":58.0,"damage_taken":0.0,"relics_obtained":["Molten Egg 2"]},{"cards_removed":["Strike_R"],"damage_healed":0.0,"max_hp_gain":0.0,"max_hp_loss":0.0,"gold_gain":0.0,"event_name":"Living Wall","player_choice":"Forget","floor":8.0,"gold_loss":0.0,"damage_taken":0.0},{"damage_healed":0.0,"max_hp_gain":0.0,"max_hp_loss":0.0,"gold_gain":200.0,"event_name":"Wheel of Change","player_choice":"Gold","floor":19.0,"gold_loss":0.0,"damage_taken":0.0},{"damage_healed":0,"gold_gain":50,"player_choice":"Pray","damage_taken":0,"max_hp_gain":0,"max_hp_loss":0,"event_name":"Golden Shrine","floor":25,"gold_loss":0}],"is_beta":false,"boss_relics":[{"not_picked":["Runic Cube","White Beast Statue"],"picked":"Orrery"},{"not_picked":["Cursed Key","Lizard Tail"],"picked":"Snecko Eye"}],"items_purged_floors":[21,37],"is_endless":false,"potions_floor_spawned":[1,3,12,16,20,27,28,36],"ascension_level":20}