{"gold_per_floor":[116,126,140,15,15,15,50,10,10,28,28,48,67,85,85,182,182,192,21,37,48,66,66,94,111,192,192,192,518,518],"floor_reached":30,"playtime":3462,"items_purged":["Strike_G","Strike_G"],"score":274,"play_id":"af338f4a-9ef6-4d27-8a85-73aeecc51350","local_time":"20181119194613","is_ascension_mode":false,"campfire_choices":[{"data":"Flechettes","floor":6,"key":"SMITH"},{"data":"Malaise","floor":11,"key":"SMITH"},{"data":"Well Laid Plans","floor":15,"key":"SMITH"},{"data":"After Image","floor":23,"key":"SMITH"},{"floor":28,"key":"REST"}],"neow_cost":"PERCENT_DAMAGE","seed_source_timestamp":488793456559372,"circlet_count":0,"master_deck":["Defend_G","Defend_G","Defend_G","Defend_G","Defend_G","Strike_G","Strike_G","Strike_G","Survivor","Neutralize","Panacea","Purity","Well Laid Plans+1","Flechettes+1","Malaise+1","Blade Dance","Blade Dance","Crippling Poison","Calculated Gamble","Crippling Poison","Distraction","Backflip","After Image+1","Quick Slash","Flechettes","Bouncing Flask","Flechettes","Blade Dance","Accuracy","Backflip","Escape Plan+1"],"relics":["Ring of the Snake","Mummified Hand","Happy Flower","Sozu","Question Card","Bottled Tornado","Old Coin"],"potions_floor_usage":[2,7,7,7,16,24,30],"damage_taken":[{"damage":0,"enemies":"2 Louse","floor":1,"turns":4},{"damage":0,"enemies":"Small Slimes","floor":2,"turns":4},{"damage":0,"enemies":"Cultist","floor":3,"turns":4},{"damage":4,"enemies":"Lagavulin","floor":7,"turns":7},{"damage":4,"enemies":"2 Fungi Beasts","floor":10,"turns":3},{"damage":1,"enemies":"Looter","floor":12,"turns":3},{"damage":3,"enemies":"3 Louse","floor":13,"turns":3},{"damage":15,"enemies":"Exordium Thugs","floor":14,"turns":6},{"damage":16,"enemies":"Hexaghost","floor":16,"turns":11},{"damage":6,"enemies":"Chosen","floor":18,"turns":4},{"damage":3,"enemies":"Spheric Guardian","floor":20,"turns":5},{"damage":5,"enemies":"Snake Plant","floor":21,"turns":5},{"damage":24,"enemies":"3 Cultists","floor":22,"turns":6},{"damage":1,"enemies":"Gremlin Leader","floor":24,"turns":6},{"damage":2,"enemies":"Snecko","floor":25,"turns":6},{"damage":13,"enemies":"Book of Stabbing","floor":29,"turns":4},{"damage":11,"enemies":"Colosseum Slavers","floor":30,"turns":3},{"damage":22,"enemies":"Colosseum Nobs","floor":30,"turns":3}],"seed_played":"-2858277034061427764","potions_obtained":[{"floor":1,"key":"EntropicBrew"},{"floor":7,"key":"GhostInAJar"},{"floor":10,"key":"GhostInAJar"},{"floor":13,"key":"SpeedPotion"},{"floor":14,"key":"LiquidBronze"}],"is_trial":false,"path_per_floor":["M","M","M","$","?","R","E","$","T","M","R","M","M","M","R","B",null,"M","$","M","M","M","R","E","M","T","?","R","E","?"],"character_chosen":"THE_SILENT","items_purchased":["Blade Dance","Crippling Poison","Flechettes"],"campfire_rested":1,"item_purchase_floors":[4,8,19],"current_hp_per_floor":[49,49,49,49,49,49,60,60,60,56,56,55,52,37,37,21,70,64,64,61,56,32,32,31,29,29,16,38,25,0],"gold":518,"neow_bonus":"RANDOM_COLORLESS_2","is_prod":false,"is_daily":false,"chose_seed":false,"campfire_upgraded":4,"win_rate":0,"timestamp":1542678373,"path_taken":["M","M","M","$","?","R","E","$","T","M","R","M","M","M","R","BOSS","M","$","M","M","M","R","E","M","T","?","R","E","?"],"build_version":"2018-11-15","purchased_purges":2,"victory":false,"max_hp_per_floor":[70,70,70,70,70,70,70,70,70,70,70,70,70,70,70,70,70,70,70,70,70,70,70,70,70,70,75,75,75,75],"card_choices":[{"not_picked":["Outmaneuver","Slice"],"picked":"Well Laid Plans","floor":1},{"not_picked":["Skewer","Bane"],"picked":"Flechettes","floor":2},{"not_picked":["Reflex","Eviscerate"],"picked":"Malaise","floor":3},{"not_picked":["Heel Hook","Cloak And Dagger"],"picked":"Blade Dance","floor":7},{"not_picked":["Slice","Skewer"],"picked":"Calculated Gamble","floor":10},{"not_picked":["Deflect","Slice"],"picked":"Crippling Poison","floor":12},{"not_picked":["Masterful Stab","Skewer"],"picked":"Distraction","floor":13},{"not_picked":["Cloak And Dagger","All Out Attack"],"picked":"Backflip","floor":14},{"not_picked":["Venomology","Night Terror"],"picked":"After Image","floor":16},{"not_picked":["Blade Dance","PiercingWail+1"],"picked":"Quick Slash","floor":18},{"not_picked":["Dodge and Roll","Flying Knee+1"],"picked":"Bouncing Flask","floor":20},{"not_picked":["Sucker Punch","Prepared"],"picked":"Flechettes","floor":21},{"not_picked":["Slice","Cloak And Dagger"],"picked":"Blade Dance","floor":22},{"not_picked":["A Thousand Cuts","Underhanded Strike"],"picked":"Accuracy","floor":24},{"not_picked":["Poisoned Stab","Deadly Poison","Cloak And Dagger"],"picked":"Backflip","floor":25},{"not_picked":["Outmaneuver+1","Catalyst","Bouncing Flask"],"picked":"Escape Plan+1","floor":29}],"player_experience":138111,"relics_obtained":[{"floor":7,"key":"Mummified Hand"},{"floor":9,"key":"Happy Flower"},{"floor":24,"key":"Question Card"},{"floor":26,"key":"Bottled Tornado"},{"floor":29,"key":"Old Coin"}],"event_choices":[{"damage_healed":0,"gold_gain":0,"player_choice":"Ignored","damage_taken":0,"max_hp_gain":0,"max_hp_loss":0,"event_name":"Liars Game","floor":5,"gold_loss":0},{"damage_healed":0,"gold_gain":0,"player_choice":"Shed Blood","damage_taken":18,"max_hp_gain":5,"max_hp_loss":0,"event_name":"Forgotten Altar","floor":27,"gold_loss":0},{"damage_healed":0,"gold_gain":0,"player_choice":"Fight","damage_taken":0,"max_hp_gain":0,"max_hp_loss":0,"event_name":"Colosseum","floor":30,"gold_loss":0},{"damage_healed":0,"gold_gain":0,"player_choice":"Fought Nobs","damage_taken":0,"max_hp_gain":0,"max_hp_loss":0,"event_name":"Colosseum","floor":30,"gold_loss":0}],"is_beta":false,"boss_relics":[{"not_picked":["Fusion Hammer","HoveringKite"],"picked":"Sozu"}],"items_purged_floors":[4,19],"is_endless":false,"potions_floor_spawned":[1,7,10,13,14,18,21,22],"killed_by":"Colosseum Nobs","ascension_level":0}