{"gold_per_floor":[114,114,132,132,57,86,8,8,8,23,38,54,54],"floor_reached":13,"playtime":586,"items_purged":["Strike_G"],"score":220,"play_id":"84c1608f-c3f7-4415-9ef2-c40ebc3afd00","local_time":"20190517114302","is_ascension_mode":true,"campfire_choices":[{"data":"Noxious Fumes","floor":8.0,"key":"SMITH"}],"neow_cost":"NONE","seed_source_timestamp":61333016158300,"circlet_count":0,"master_deck":["AscendersBane","Defend_G","Defend_G","Defend_G","Defend_G","Defend_G","Strike_G","Strike_G","Survivor","Neutralize","Deflect","Skewer","Quick Slash","Noxious Fumes+1","Well Laid Plans","PiercingWail"],"special_seed":0,"relics":["Ring of the Snake","NeowsBlessing","Bronze Scales","Singing Bowl"],"potions_floor_usage":[],"damage_taken":[{"damage":0.0,"enemies":"2 Louse","floor":1.0,"turns":1.0},{"damage":0.0,"enemies":"Cultist","floor":3.0,"turns":1.0},{"damage":0.0,"enemies":"Lagavulin","floor":6.0,"turns":1.0},{"damage":4.0,"enemies":"Jaw Worm","floor":10.0,"turns":3.0},{"damage":4.0,"enemies":"Exordium Thugs","floor":11.0,"turns":4.0},{"damage":11.0,"enemies":"Gremlin Gang","floor":12.0,"turns":4.0},{"damage":49,"enemies":"Gremlin Nob","floor":13,"turns":4}],"seed_played":"-8427945795569776045","potions_obtained":[{"floor":1.0,"key":"Block Potion"},{"floor":10.0,"key":"Block Potion"},{"floor":11.0,"key":"Swift Potion"}],"is_trial":false,"path_per_floor":["M","?","M","?","$","E","$","R","T","M","M","M","E"],"character_chosen":"THE_SILENT","items_purchased":["Noxious Fumes"],"campfire_rested":0,"item_purchase_floors":[7],"current_hp_per_floor":[59,59,59,52,52,52,52,52,52,48,44,35,0],"gold":54,"neow_bonus":"THREE_ENEMY_KILL","is_prod":false,"is_daily":false,"chose_seed":false,"campfire_upgraded":1,"win_rate":0,"timestamp":1558118582,"path_taken":["M","?","?","?","?","E","$","R","T","M","M","M","E"],"build_version":"2019-01-23","purchased_purges":1,"victory":false,"max_hp_per_floor":[66,66,66,66,66,66,66,66,66,66,66,68,68],"card_choices":[{"not_picked":["Infinite Blades","Dodge and Roll"],"picked":"Deflect","floor":1.0},{"not_picked":["Endless Agony","Slice"],"picked":"Skewer","floor":3.0},{"not_picked":["Expertise","Caltrops"],"picked":"Quick Slash","floor":6.0},{"not_picked":["Bouncing Flask","Terror"],"picked":"Well Laid Plans","floor":10.0},{"not_picked":["Prepared","Underhanded Strike"],"picked":"PiercingWail","floor":11.0},{"not_picked":["Endless Agony","Slice","Blade Dance"],"picked":"Singing Bowl","floor":12.0}],"player_experience":1336698,"relics_obtained":[{"floor":6.0,"key":"Bronze Scales"},{"floor":9.0,"key":"Singing Bowl"}],"event_choices":[{"cards_removed":["Strike_G"],"damage_healed":0.0,"max_hp_gain":0.0,"max_hp_loss":0.0,"gold_gain":0.0,"event_name":"Wheel of Change","player_choice":"Card Removal","floor":2.0,"gold_loss":0.0,"damage_taken":0.0},{"cards_removed":["Strike_G"],"damage_healed":0.0,"max_hp_gain":0.0,"max_hp_loss":0.0,"gold_gain":0.0,"event_name":"Golden Wing","player_choice":"Card Removal","floor":4.0,"gold_loss":0.0,"damage_taken":7.0}],"is_beta":false,"boss_relics":[],"items_purged_floors":[5],"is_endless":false,"potions_floor_spawned":[1,10,11],"killed_by":"Gremlin Nob","ascension_level":20}