{"gold_per_floor":[144,189,234,279,324,414,414,514,539,539,584,66,66,186,186,486,486,531,576,621,31,76,166,211,211,211,223,280,382,394,451,463,775,787,844,856,913,970,1027,1039],"floor_reached":40,"playtime":3546,"items_purged":[],"score":794,"play_id":"019dc5de-bcce-4bf5-951e-3aa6867d6759","local_time":"20190403002056","daily_mods":["Heirloom","Hoarder","Midas"],"is_ascension_mode":false,"campfire_choices":[{"floor":7,"key":"REST"},{"floor":10,"key":"REST"},{"floor":13,"key":"REST"},{"floor":15,"key":"REST"},{"floor":32,"key":"REST"}],"neow_cost":"","seed_source_timestamp":0,"circlet_count":0,"master_deck":["Defend_G","Defend_G","Defend_G","Defend_G","Strike_G","Strike_G","Strike_G","Strike_G","Strike_G","Survivor","Neutralize","Bane","Bane","Bane","Prepared","Prepared","Prepared","Finisher","Finisher","Finisher","Bane","Bane","Bane","Deadly Poison","Deadly Poison","Deadly Poison","Deadly Poison","Deadly Poison","Deadly Poison","Envenom","Envenom","Envenom","Escape Plan","Escape Plan","Escape Plan","Burst","Burst","Burst","Escape Plan","Escape Plan","Escape Plan","Poisoned Stab","Poisoned Stab","Poisoned Stab","Escape Plan","Escape Plan","Escape Plan","Secret Weapon","Secret Weapon","Secret Weapon","Dark Shackles","Dark Shackles","Dark Shackles","Swift Strike+1","Swift Strike+1","Swift Strike+1","Adrenaline","Adrenaline","Adrenaline","Endless Agony+1","Endless Agony+1","Endless Agony+1","Shame","Shame","Shame","Decay","Decay","Decay","Decay","Decay","Decay","Backstab+1","Backstab+1","Backstab+1","Cloak And Dagger","Cloak And Dagger","Cloak And Dagger","Skewer+1","Skewer+1","Skewer+1"],"special_seed":17989,"relics":["Ring of the Snake","StoneCalendar","The Courier","Lantern","Membership Card","Mango","Bronze Scales","Vajra","Strawberry","Tiny Chest","Cursed Key","TwistedFunnel","Ornamental Fan","Singing Bowl","Anchor","Molten Egg 2","Potion Belt","Blood Vial","MawBank","Pear","Fusion Hammer"],"potions_floor_usage":[6,6,16,16,23,29,33,33,39,40],"damage_taken":[{"damage":0,"enemies":"Jaw Worm","floor":1,"turns":5},{"damage":0,"enemies":"Cultist","floor":2,"turns":3},{"damage":0,"enemies":"2 Louse","floor":3,"turns":3},{"damage":17,"enemies":"Large Slime","floor":4,"turns":7},{"damage":10,"enemies":"Exordium Wildlife","floor":5,"turns":3},{"damage":18,"enemies":"Lagavulin","floor":6,"turns":5},{"damage":0,"enemies":"Red Slaver","floor":11,"turns":1},{"damage":32,"enemies":"3 Sentries","floor":14,"turns":7},{"damage":31,"enemies":"The Guardian","floor":16,"turns":5},{"damage":12,"enemies":"Shell Parasite","floor":18,"turns":2},{"damage":1,"enemies":"3 Byrds","floor":19,"turns":3},{"damage":18,"enemies":"Snake Plant","floor":20,"turns":2},{"damage":7,"enemies":"Centurion and Healer","floor":22,"turns":3},{"damage":14,"enemies":"Book of Stabbing","floor":23,"turns":4},{"damage":7,"enemies":"Shelled Parasite and Fungi","floor":24,"turns":3},{"damage":0,"enemies":"Chosen and Byrds","floor":28,"turns":3},{"damage":8,"enemies":"Slavers","floor":29,"turns":4},{"damage":2,"enemies":"Centurion and Healer","floor":31,"turns":2},{"damage":50,"enemies":"Collector","floor":33,"turns":6},{"damage":15,"enemies":"3 Shapes","floor":35,"turns":3},{"damage":0,"enemies":"Orb Walker","floor":37,"turns":2},{"damage":34,"enemies":"Writhing Mass","floor":38,"turns":4},{"damage":22,"enemies":"Maw","floor":39,"turns":5},{"damage":84,"enemies":"Reptomancer","floor":40,"turns":3}],"seed_played":"8059318561791735055","potions_obtained":[{"floor":1,"key":"Swift Potion"},{"floor":4,"key":"Strength Potion"},{"floor":5,"key":"AttackPotion"},{"floor":14,"key":"Energy Potion"},{"floor":18,"key":"Dexterity Potion"},{"floor":23,"key":"Dexterity Potion"},{"floor":28,"key":"SkillPotion"},{"floor":29,"key":"GamblersBrew"},{"floor":33,"key":"Poison Potion"},{"floor":37,"key":"Regen Potion"}],"is_trial":false,"path_per_floor":["M","M","M","M","M","E","R","?","T","R","M","$","R","E","R","B",null,"M","M","M","$","M","E","M","T","T","?","M","E","?","M","R","B",null,"M","?","M","M","M","E"],"character_chosen":"THE_SILENT","items_purchased":["Membership Card","Mango","Bronze Scales","Vajra","Strawberry","Envenom","TwistedFunnel","Ornamental Fan","Singing Bowl","Secret Weapon","Anchor","Molten Egg 2","Dark Shackles","Swift Strike+1"],"campfire_rested":5,"item_purchase_floors":[12,12,12,12,12,12,21,21,21,21,21,21,21,21],"current_hp_per_floor":[70,70,70,53,43,25,46,46,46,67,67,88,91,59,86,55,91,79,78,60,60,55,41,34,34,34,34,36,42,77,79,107,59,109,96,96,100,70,65,0],"gold":1039,"neow_bonus":"","is_prod":false,"is_daily":true,"chose_seed":false,"campfire_upgraded":0,"win_rate":0,"timestamp":1554268856,"path_taken":["M","M","M","M","M","E","R","?","T","R","?","$","R","E","R","BOSS","M","M","M","$","?","E","?","?","T","?","M","E","?","M","R","BOSS","M","?","M","M","M","E"],"build_version":"2019-01-23","purchased_purges":0,"victory":false,"max_hp_per_floor":[70,70,70,70,70,70,70,70,70,70,70,91,91,91,91,91,91,91,91,91,91,93,93,93,93,93,93,93,105,105,107,107,109,109,111,111,113,115,115,115],"card_choices":[{"not_picked":["Choke","Dodge and Roll","Predator"],"picked":"SKIP","floor":1},{"not_picked":["All Out Attack","Riddle With Holes"],"picked":"Bane","floor":2},{"not_picked":["Cloak And Dagger","Quick Slash"],"picked":"Prepared","floor":3},{"not_picked":["Quick Slash","All Out Attack"],"picked":"Finisher","floor":4},{"not_picked":["Flying Knee","Dagger Spray"],"picked":"Bane","floor":5},{"not_picked":["Accuracy","Calculated Gamble"],"picked":"Deadly Poison","floor":6},{"not_picked":["Terror","Setup"],"picked":"Deadly Poison","floor":11},{"not_picked":["Leg Sweep","Riddle With Holes"],"picked":"Escape Plan","floor":14},{"not_picked":["Grand Finale","A Thousand Cuts"],"picked":"Burst","floor":16},{"not_picked":["Underhanded Strike+1","Accuracy"],"picked":"Escape Plan","floor":18},{"not_picked":["Deadly Poison","Outmaneuver"],"picked":"Poisoned Stab","floor":19},{"not_picked":["Dodge and Roll+1","PiercingWail"],"picked":"Escape Plan","floor":20},{"not_picked":["Calculated Gamble","Dagger Throw+1","Flechettes+1"],"picked":"Singing Bowl","floor":22},{"not_picked":["Prepared+1","Tools of the Trade"],"picked":"Adrenaline","floor":23},{"not_picked":["Sucker Punch+1","Backflip+1"],"picked":"Endless Agony+1","floor":24},{"not_picked":["Poisoned Stab+1","Prepared"],"picked":"Backstab+1","floor":28},{"not_picked":["Footwork","Acrobatics","Outmaneuver"],"picked":"Singing Bowl","floor":29},{"not_picked":["Blade Dance+1","Outmaneuver","Sucker Punch+1"],"picked":"Singing Bowl","floor":31},{"not_picked":["Envenom","Wraith Form v2","Storm of Steel"],"picked":"Singing Bowl","floor":33},{"not_picked":["Masterful Stab+1","Quick Slash+1","Calculated Gamble"],"picked":"Singing Bowl","floor":35},{"not_picked":["Masterful Stab+1","PiercingWail","Dagger Spray+1"],"picked":"Singing Bowl","floor":37},{"not_picked":["Backflip+1","Flying Knee+1","Sucker Punch+1"],"picked":"Singing Bowl","floor":38},{"not_picked":["Crippling Poison","Bane+1"],"picked":"Skewer+1","floor":39}],"player_experience":222367,"relics_obtained":[{"floor":6,"key":"The Courier"},{"floor":9,"key":"Lantern"},{"floor":14,"key":"Tiny Chest"},{"floor":23,"key":"Potion Belt"},{"floor":25,"key":"Blood Vial"},{"floor":26,"key":"MawBank"},{"floor":29,"key":"Pear"}],"event_choices":[{"damage_healed":0,"gold_gain":100,"player_choice":"Pray","damage_taken":0,"max_hp_gain":0,"max_hp_loss":0,"event_name":"Golden Shrine","floor":8,"gold_loss":0},{"damage_healed":0,"gold_gain":0,"player_choice":"Smashed Altar","damage_taken":0,"max_hp_gain":0,"max_hp_loss":0,"event_name":"Forgotten Altar","floor":27,"gold_loss":0,"cards_obtained":["Decay"]},{"damage_healed":35,"gold_gain":0,"player_choice":"Heal","damage_taken":0,"max_hp_gain":0,"max_hp_loss":0,"event_name":"The Library","floor":30,"gold_loss":0},{"damage_healed":0,"gold_gain":0,"cards_transformed":["Defend_G"],"player_choice":"Transformed","damage_taken":0,"max_hp_gain":0,"max_hp_loss":0,"event_name":"Transmorgrifier","floor":36,"gold_loss":0,"cards_obtained":["Cloak And Dagger"]}],"is_beta":false,"boss_relics":[{"not_picked":["WristBlade","White Beast Statue"],"picked":"Cursed Key"},{"not_picked":["Ring of the Serpent","Runic Pyramid"],"picked":"Fusion Hammer"}],"items_purged_floors":[],"is_endless":false,"potions_floor_spawned":[1,4,5,14,18,23,28,29,33,37],"killed_by":"Reptomancer","ascension_level":0}