{"gold_per_floor":[119,119,131,131,145,180,200,200,249,249,249,274,274,307,307,307],"floor_reached":16,"playtime":803,"items_purged":[],"score":236,"play_id":"8d4a2b45-b652-4e81-bd9a-ddee59f32484","local_time":"20190504163730","is_ascension_mode":true,"campfire_choices":[{"floor":8,"key":"REST"},{"floor":10,"key":"REST"},{"floor":15,"key":"REST"}],"neow_cost":"NONE","seed_source_timestamp":21419738066100,"circlet_count":0,"master_deck":["AscendersBane","Defend_G","Defend_G","Defend_G","Defend_G","Defend_G","Strike_G","Strike_G","Strike_G","Strike_G","Strike_G","Survivor","Neutralize","Envenom+1","PiercingWail","Dagger Spray","Noxious Fumes","Dagger Spray","Dash","Dodge and Roll","Quick Slash"],"special_seed":0,"relics":["Ring of the Snake","Dodecahedron","Regal Pillow","PreservedInsect","Centennial Puzzle","Bottled Lightning"],"potions_floor_usage":[12,14],"damage_taken":[{"damage":2.0,"enemies":"Small Slimes","floor":1.0,"turns":5.0},{"damage":13.0,"enemies":"Jaw Worm","floor":3.0,"turns":4.0},{"damage":3.0,"enemies":"2 Louse","floor":5.0,"turns":3.0},{"damage":21.0,"enemies":"Gremlin Nob","floor":6.0,"turns":4.0},{"damage":6,"enemies":"2 Fungi Beasts","floor":7,"turns":3},{"damage":20,"enemies":"Lagavulin","floor":12,"turns":5},{"damage":27,"enemies":"Gremlin Nob","floor":14,"turns":4},{"damage":57,"enemies":"Slime Boss","floor":16,"turns":7}],"seed_played":"7350210690564483955","potions_obtained":[{"floor":5.0,"key":"Fire Potion"},{"floor":7,"key":"Swift Potion"},{"floor":12,"key":"Fire Potion"}],"is_trial":false,"path_per_floor":["M","?","M","?","M","E","M","R","T","R","?","E","?","E","R","B"],"character_chosen":"THE_SILENT","items_purchased":[],"campfire_rested":3,"item_purchase_floors":[],"current_hp_per_floor":[57,57,44,44,41,20,14,33,33,66,66,46,46,19,53,0],"gold":307,"neow_bonus":"ONE_RANDOM_RARE_CARD","is_prod":false,"is_daily":false,"chose_seed":false,"campfire_upgraded":0,"win_rate":0,"timestamp":1557013050,"path_taken":["M","?","M","?","M","E","M","R","T","R","?","E","?","E","R","BOSS"],"build_version":"2019-01-23","purchased_purges":0,"victory":false,"max_hp_per_floor":[66,66,66,66,66,66,66,66,66,66,66,66,66,66,66,66],"card_choices":[{"not_picked":["Underhanded Strike","Backflip"],"picked":"PiercingWail","floor":1.0},{"not_picked":["Sucker Punch","Deadly Poison"],"picked":"Dagger Spray","floor":3.0},{"not_picked":["Dagger Throw","Bane"],"picked":"Noxious Fumes","floor":5.0},{"not_picked":["Outmaneuver","All Out Attack"],"picked":"Dagger Spray","floor":6.0},{"not_picked":["Flechettes","PiercingWail"],"picked":"Dash","floor":7},{"not_picked":["Deflect","Envenom"],"picked":"Dodge and Roll","floor":12},{"not_picked":["Backflip","Acrobatics"],"picked":"Quick Slash","floor":14}],"player_experience":1127102,"relics_obtained":[{"floor":6.0,"key":"Dodecahedron"},{"floor":9,"key":"Regal Pillow"},{"floor":12,"key":"Centennial Puzzle"},{"floor":14,"key":"Bottled Lightning"}],"event_choices":[{"damage_healed":0.0,"max_hp_gain":0.0,"max_hp_loss":0.0,"gold_gain":0.0,"event_name":"Living Wall","player_choice":"Grow","floor":2.0,"gold_loss":0.0,"damage_taken":0.0,"cards_upgraded":["Envenom"]},{"damage_healed":0.0,"max_hp_gain":0.0,"max_hp_loss":0.0,"gold_gain":0.0,"event_name":"Golden Wing","player_choice":"Ignored","floor":4.0,"gold_loss":0.0,"damage_taken":0.0},{"damage_healed":0,"gold_gain":0,"player_choice":"Searched \u00271\u0027 times","damage_taken":0,"relics_obtained":["PreservedInsect"],"max_hp_gain":0,"max_hp_loss":0,"event_name":"Dead Adventurer","floor":11,"gold_loss":0},{"damage_healed":0,"gold_gain":0,"player_choice":"Ignored","damage_taken":0,"max_hp_gain":0,"max_hp_loss":0,"event_name":"Liars Game","floor":13,"gold_loss":0}],"is_beta":false,"boss_relics":[],"items_purged_floors":[],"is_endless":false,"potions_floor_spawned":[5,7,12],"killed_by":"Slime Boss","ascension_level":20}