{"gold_per_floor":[113,38,9,25,75,108,123,149,149,149,179,198,198,24,24,97,97,111,91,109,121,22,56,56,89,89,189,189,207,407,44,44,115,115,129,40,40,50,100,100,115,115,115,0,0,13,13,29,29,29,29],"floor_reached":52,"playtime":6941,"items_purged":["Strike_G"],"score":1812,"play_id":"3cb5d22c-8db8-4668-a04e-5902b2b0efce","local_time":"20190426234401","is_ascension_mode":true,"campfire_choices":[{"data":"Neutralize","floor":10.0,"key":"SMITH"},{"data":"Crippling Poison","floor":13.0,"key":"SMITH"},{"floor":15.0,"key":"REST"},{"floor":24.0,"key":"REST"},{"floor":28.0,"key":"REST"},{"floor":32.0,"key":"REST"},{"floor":40.0,"key":"REST"},{"floor":42.0,"key":"REST"},{"data":"Footwork","floor":45.0,"key":"SMITH"},{"floor":49.0,"key":"REST"}],"neow_cost":"NONE","seed_source_timestamp":0,"circlet_count":0,"master_deck":["AscendersBane","Defend_G","Defend_G","Defend_G","Defend_G","Defend_G","Strike_G","Strike_G","Strike_G","Survivor","Neutralize+1","Slice","Backflip","Crippling Poison+1","Dash","Footwork+1","Predator","PiercingWail","PiercingWail","Caltrops","Glass Knife","Endless Agony","Prepared+1","Well Laid Plans+1","Noxious Fumes","PiercingWail","Footwork","Dagger Throw","Reflex","Expertise","Noxious Fumes","Burst","Concentrate","Escape Plan","PanicButton","Reflex","Dodge and Roll+1","Noxious Fumes+1","Eviscerate","Setup+1"],"special_seed":0,"relics":["Ring of the Serpent","NeowsBlessing","Darkstone Periapt","Lantern","Ornamental Fan","Mango","HoveringKite","Pear","Calipers","Pen Nib","Turnip","Sundial","Mummified Hand","WingedGreaves","FossilizedHelix","Red Mask"],"potions_floor_usage":[],"damage_taken":[{"damage":0.0,"enemies":"Jaw Worm","floor":1.0,"turns":1.0},{"damage":0.0,"enemies":"Small Slimes","floor":4.0,"turns":1.0},{"damage":0.0,"enemies":"Gremlin Nob","floor":6.0,"turns":1.0},{"damage":0.0,"enemies":"Cultist","floor":7.0,"turns":4.0},{"damage":13.0,"enemies":"Lagavulin","floor":8.0,"turns":7.0},{"damage":34.0,"enemies":"3 Sentries","floor":11.0,"turns":14.0},{"damage":0.0,"enemies":"Exordium Wildlife","floor":12.0,"turns":7.0},{"damage":25.0,"enemies":"The Guardian","floor":16.0,"turns":17.0},{"damage":18.0,"enemies":"2 Thieves","floor":18.0,"turns":4.0},{"damage":0.0,"enemies":"3 Byrds","floor":20.0,"turns":4.0},{"damage":7.0,"enemies":"Shelled Parasite and Fungi","floor":21.0,"turns":5.0},{"damage":25.0,"enemies":"Slavers","floor":23.0,"turns":6.0},{"damage":3.0,"enemies":"Book of Stabbing","floor":25.0,"turns":7.0},{"damage":18.0,"enemies":"Colosseum Slavers","floor":27.0,"turns":6.0},{"damage":19.0,"enemies":"Colosseum Nobs","floor":27.0,"turns":7.0},{"damage":3.0,"enemies":"Snake Plant","floor":29.0,"turns":4.0},{"damage":53.0,"enemies":"Automaton","floor":33.0,"turns":12.0},{"damage":11.0,"enemies":"Orb Walker","floor":35.0,"turns":4.0},{"damage":5.0,"enemies":"3 Shapes","floor":38.0,"turns":4.0},{"damage":42.0,"enemies":"2 Orb Walkers","floor":39.0,"turns":6.0},{"damage":7.0,"enemies":"Sphere and 2 Shapes","floor":41.0,"turns":6.0},{"damage":0.0,"enemies":"Maw","floor":46.0,"turns":8.0},{"damage":16.0,"enemies":"3 Darklings","floor":48.0,"turns":6.0},{"damage":25.0,"enemies":"Time Eater","floor":50.0,"turns":17.0},{"damage":31,"enemies":"Donu and Deca","floor":51,"turns":11}],"seed_played":"5291825678605179175","potions_obtained":[{"floor":6.0,"key":"PowerPotion"},{"floor":7.0,"key":"EntropicBrew"},{"floor":8.0,"key":"SkillPotion"},{"floor":18.0,"key":"Weak Potion"},{"floor":19.0,"key":"Ancient Potion"},{"floor":20.0,"key":"Fire Potion"},{"floor":23.0,"key":"Ancient Potion"},{"floor":27.0,"key":"Fire Potion"},{"floor":41.0,"key":"Swift Potion"},{"floor":48.0,"key":"AttackPotion"}],"is_trial":false,"path_per_floor":["M","?","$","M","?","E","M","E","T","R","E","M","R","$","R","B",null,"M","?","M","M","$","E","R","E","T","?","R","M","?","$","R","B",null,"M","$","?","M","?","R","M","R","T","?","R","M","?","M","R","B","B",null],"character_chosen":"THE_SILENT","items_purchased":["Backflip","Caltrops","Weak Potion","Noxious Fumes","PiercingWail","Mummified Hand","Noxious Fumes","Escape Plan"],"campfire_rested":7,"item_purchase_floors":[3,14,14,22,22,31,31,36],"current_hp_per_floor":[59,59,59,59,59,59,59,46,46,46,26,26,26,26,50,25,66,48,48,48,41,41,26,53,50,50,13,40,37,37,37,64,11,70,59,59,59,54,12,39,32,59,59,59,59,59,59,43,70,45,14],"gold":29,"neow_bonus":"THREE_ENEMY_KILL","is_prod":false,"is_daily":false,"chose_seed":false,"campfire_upgraded":3,"win_rate":0,"timestamp":1556347441,"path_taken":["M","?","?","M","?","E","?","E","T","R","E","M","R","$","R","BOSS","M","?","M","?","$","E","R","E","T","?","R","M","?","$","R","BOSS","M","?","?","M","?","R","M","R","T","?","R","M","?","?","R","BOSS","BOSS"],"build_version":"2019-01-23","purchased_purges":1,"victory":true,"max_hp_per_floor":[66,66,66,66,66,66,66,66,66,66,80,80,80,80,80,80,80,80,80,80,80,80,90,90,90,90,90,90,90,90,90,90,90,90,90,90,90,90,90,90,90,90,90,90,90,90,90,90,90,90,90],"card_choices":[{"not_picked":["Deadly Poison","Backflip"],"picked":"Slice","floor":1.0},{"not_picked":["Heel Hook","Setup"],"picked":"Crippling Poison","floor":4.0},{"not_picked":["Cloak And Dagger","Bane"],"picked":"Dash","floor":6.0},{"not_picked":["Dash","Eviscerate"],"picked":"Footwork","floor":7.0},{"not_picked":["Corpse Explosion","Acrobatics"],"picked":"Predator","floor":8.0},{"not_picked":["Finisher","Deflect"],"picked":"PiercingWail","floor":11.0},{"not_picked":["Slice","Bane"],"picked":"PiercingWail","floor":12.0},{"not_picked":["Corpse Explosion","Venomology"],"picked":"Glass Knife","floor":16.0},{"not_picked":["Infinite Blades","Blade Dance"],"picked":"Endless Agony","floor":18.0},{"not_picked":["Finisher","Infinite Blades"],"picked":"Prepared+1","floor":20.0},{"not_picked":["Dodge and Roll","Flying Knee+1"],"picked":"Well Laid Plans+1","floor":21.0},{"not_picked":["Crippling Poison","Bouncing Flask"],"picked":"Footwork","floor":23.0},{"not_picked":["PiercingWail","Distraction"],"picked":"Dagger Throw","floor":25.0},{"not_picked":["Poisoned Stab","Blade Dance"],"picked":"Reflex","floor":27.0},{"not_picked":["Deflect+1","Bane"],"picked":"Expertise","floor":29.0},{"not_picked":["Venomology","Corpse Explosion"],"picked":"Burst","floor":33.0},{"not_picked":["Slice+1","Poisoned Stab"],"picked":"Concentrate","floor":35.0},{"not_picked":["Deep Breath","Forethought"],"picked":"PanicButton","floor":37.0},{"not_picked":["Masterful Stab+1","Acrobatics"],"picked":"Reflex","floor":38.0},{"not_picked":["Catalyst+1","Setup"],"picked":"Dodge and Roll+1","floor":39.0},{"not_picked":["Cloak And Dagger","Calculated Gamble"],"picked":"Noxious Fumes+1","floor":41.0},{"not_picked":["Predator","Blade Dance"],"picked":"Eviscerate","floor":46.0},{"not_picked":["Crippling Poison","Grand Finale"],"picked":"Setup+1","floor":48.0}],"player_experience":971122,"relics_obtained":[{"floor":6.0,"key":"Darkstone Periapt"},{"floor":8.0,"key":"Lantern"},{"floor":9.0,"key":"Ornamental Fan"},{"floor":11.0,"key":"Mango"},{"floor":23.0,"key":"Pear"},{"floor":25.0,"key":"Calipers"},{"floor":26.0,"key":"Pen Nib"},{"floor":27.0,"key":"Turnip"},{"floor":27.0,"key":"Sundial"},{"floor":39.0,"key":"WingedGreaves"},{"floor":43.0,"key":"FossilizedHelix"}],"event_choices":[{"cards_removed":["Strike_G"],"damage_healed":0.0,"max_hp_gain":0.0,"max_hp_loss":0.0,"gold_gain":0.0,"event_name":"The Cleric","player_choice":"Card Removal","floor":2.0,"gold_loss":75.0,"damage_taken":0.0},{"damage_healed":0.0,"max_hp_gain":0.0,"max_hp_loss":0.0,"gold_gain":50.0,"event_name":"Golden Shrine","player_choice":"Pray","floor":5.0,"gold_loss":0.0,"damage_taken":0.0},{"damage_healed":0.0,"max_hp_gain":0.0,"max_hp_loss":0.0,"gold_gain":0.0,"event_name":"The Woman in Blue","player_choice":"Bought 1 Potion","floor":19.0,"gold_loss":0.0,"damage_taken":0.0},{"damage_healed":0.0,"max_hp_gain":0.0,"max_hp_loss":0.0,"gold_gain":0.0,"event_name":"Colosseum","player_choice":"Fight","floor":27.0,"gold_loss":0.0,"damage_taken":0.0},{"damage_healed":0.0,"max_hp_gain":0.0,"max_hp_loss":0.0,"gold_gain":0.0,"event_name":"Colosseum","player_choice":"Fought Nobs","floor":27.0,"gold_loss":0.0,"damage_taken":0.0},{"damage_healed":0.0,"max_hp_gain":0.0,"max_hp_loss":0.0,"gold_gain":200.0,"event_name":"Wheel of Change","player_choice":"Gold","floor":30.0,"gold_loss":0.0,"damage_taken":0.0},{"damage_healed":0.0,"max_hp_gain":0.0,"max_hp_loss":0.0,"gold_gain":0.0,"event_name":"SensoryStone","player_choice":"Memory 1","floor":37.0,"gold_loss":0.0,"damage_taken":0.0},{"damage_healed":0.0,"max_hp_gain":0.0,"max_hp_loss":0.0,"gold_gain":0.0,"event_name":"Mysterious Sphere","player_choice":"Fight","floor":39.0,"gold_loss":0.0,"damage_taken":0.0},{"damage_healed":0.0,"max_hp_gain":0.0,"max_hp_loss":0.0,"gold_gain":0.0,"event_name":"Tomb of Lord Red Mask","player_choice":"Paid","floor":44.0,"gold_loss":115.0,"damage_taken":0.0,"relics_obtained":["Red Mask"]},{"damage_healed":0.0,"max_hp_gain":0.0,"max_hp_loss":0.0,"gold_gain":0.0,"event_name":"SecretPortal","player_choice":"Ignored","floor":47.0,"gold_loss":0.0,"damage_taken":0.0}],"is_beta":false,"boss_relics":[{"not_picked":["Runic Dome","WristBlade"],"picked":"HoveringKite"},{"not_picked":["Black Star","Philosopher\u0027s Stone"],"picked":"Ring of the Serpent"}],"items_purged_floors":[14],"is_endless":false,"potions_floor_spawned":[6,7,8,18,20,23,27,41,48],"ascension_level":20}