{"gold_per_floor":[218,229,26,101,176,176,201,215,242,261,261,289,289,254,254,328,328,342,392,317,327,327,327],"floor_reached":23,"playtime":635,"items_purged":[],"score":394,"play_id":"130a2840-5a43-4c93-91b2-2ff572d19fc5","local_time":"20190427132835","is_ascension_mode":true,"campfire_choices":[{"data":"Crippling Poison","floor":6,"key":"SMITH"},{"floor":11,"key":"REST"},{"floor":13,"key":"REST"},{"data":"Catalyst","floor":15,"key":"SMITH"}],"neow_cost":"NONE","seed_source_timestamp":1089287866127099,"circlet_count":0,"master_deck":["AscendersBane","Survivor","Neutralize","Deadly Poison","Dash","Crippling Poison+1","Catalyst+1","PiercingWail","Quick Slash","Poisoned Stab","Die Die Die","Acrobatics","Night Terror","Concentrate","Crippling Poison","Corpse Explosion","Crippling Poison","Corpse Explosion","Distraction","Malaise","PiercingWail"],"relics":["Ring of the Snake","Snake Skull","Art of War","Oddly Smooth Stone","Strawberry","Pandora\u0027s Box"],"potions_floor_usage":[7,12,23],"damage_taken":[{"damage":3,"enemies":"2 Louse","floor":1,"turns":3},{"damage":1,"enemies":"Small Slimes","floor":2,"turns":3},{"damage":43,"enemies":"3 Sentries","floor":7,"turns":15},{"damage":0,"enemies":"Cultist","floor":8,"turns":4},{"damage":3,"enemies":"Gremlin Gang","floor":10,"turns":3},{"damage":29,"enemies":"Gremlin Nob","floor":12,"turns":4},{"damage":26,"enemies":"The Guardian","floor":16,"turns":8},{"damage":16,"enemies":"2 Thieves","floor":18,"turns":2},{"damage":19,"enemies":"Shell Parasite","floor":21,"turns":5},{"damage":31,"enemies":"Slavers","floor":23,"turns":4}],"seed_played":"4349483363966784498","potions_obtained":[{"floor":2,"key":"Regen Potion"},{"floor":8,"key":"PowerPotion"},{"floor":21,"key":"Fire Potion"}],"is_trial":false,"path_per_floor":["M","M","$","?","?","R","E","M","T","M","R","E","R","?","R","B",null,"M","?","?","M","?","E"],"character_chosen":"THE_SILENT","items_purchased":["Snake Skull","Crippling Poison"],"campfire_rested":2,"item_purchase_floors":[3,3],"current_hp_per_floor":[56,55,55,55,44,44,16,16,16,13,32,10,31,49,49,23,61,45,45,45,26,26,0],"gold":327,"neow_bonus":"HUNDRED_GOLD","is_prod":false,"is_daily":false,"chose_seed":false,"campfire_upgraded":2,"win_rate":0,"timestamp":1556382515,"path_taken":["M","M","$","?","?","R","E","M","T","M","R","E","R","?","R","BOSS","M","?","?","M","?","E"],"build_version":"2019-01-23","purchased_purges":0,"victory":false,"max_hp_per_floor":[66,66,66,66,66,66,66,66,66,66,66,73,73,73,73,73,73,73,73,73,73,73,73],"card_choices":[{"not_picked":["Slice","Distraction"],"picked":"Deadly Poison","floor":1},{"not_picked":["Flying Knee","Dagger Throw"],"picked":"Dash","floor":2},{"not_picked":["Unload","Dash"],"picked":"Catalyst","floor":7},{"not_picked":["Accuracy","Flying Knee"],"picked":"PiercingWail","floor":8},{"not_picked":["Flying Knee","Finisher"],"picked":"Quick Slash","floor":10},{"not_picked":["Riddle With Holes","Underhanded Strike"],"picked":"Poisoned Stab","floor":12},{"not_picked":["A Thousand Cuts","Storm of Steel"],"picked":"Die Die Die","floor":16},{"not_picked":["Finisher+1","All Out Attack","Poisoned Stab"],"picked":"SKIP","floor":18},{"not_picked":["Tactician","Terror"],"picked":"PiercingWail","floor":21}],"player_experience":2194687,"relics_obtained":[{"floor":7,"key":"Art of War"},{"floor":9,"key":"Oddly Smooth Stone"},{"floor":12,"key":"Strawberry"}],"event_choices":[{"damage_healed":0,"gold_gain":75,"player_choice":"Gained Gold","damage_taken":0,"max_hp_gain":0,"max_hp_loss":0,"event_name":"Golden Wing","floor":4,"gold_loss":0},{"damage_healed":0,"gold_gain":75,"player_choice":"Gather Gold","damage_taken":11,"max_hp_gain":0,"max_hp_loss":0,"event_name":"World of Goop","floor":5,"gold_loss":0},{"damage_healed":18,"gold_gain":0,"player_choice":"Healed","damage_taken":0,"max_hp_gain":0,"max_hp_loss":0,"event_name":"The Cleric","floor":14,"gold_loss":35},{"damage_healed":0,"gold_gain":50,"player_choice":"Stole From Cult","damage_taken":0,"max_hp_gain":0,"max_hp_loss":0,"event_name":"Nest","floor":19,"gold_loss":0},{"cards_removed":["Finisher"],"damage_healed":0,"gold_gain":0,"player_choice":"Gave Gold","damage_taken":0,"max_hp_gain":0,"max_hp_loss":0,"event_name":"Beggar","floor":20,"gold_loss":75},{"damage_healed":0,"gold_gain":0,"player_choice":"Ignored","damage_taken":0,"max_hp_gain":0,"max_hp_loss":0,"event_name":"The Mausoleum","floor":22,"gold_loss":0}],"is_beta":false,"boss_relics":[{"not_picked":["Lizard Tail","Empty Cage"],"picked":"Pandora\u0027s Box"}],"items_purged_floors":[],"is_endless":false,"potions_floor_spawned":[2,8,21],"killed_by":"Slavers","ascension_level":20}