{"gold_per_floor":[109,184,48,48,13,48,48,75,100,128,63,63,63,96,96,172,172,183,208,208],"floor_reached":20,"playtime":406,"items_purged":[],"score":488,"play_id":"ad6c8801-0641-4522-8163-41d5a67437f8","local_time":"20190430234020","is_ascension_mode":true,"campfire_choices":[{"data":"Noxious Fumes","floor":7,"key":"SMITH"},{"floor":13,"key":"REST"},{"data":"Neutralize","floor":15,"key":"SMITH"}],"neow_cost":"NONE","seed_source_timestamp":1385412010230568,"circlet_count":0,"master_deck":["AscendersBane","Defend_G","Defend_G","Defend_G","Defend_G","Defend_G+1","Strike_G+1","Strike_G","Strike_G","Strike_G","Strike_G","Survivor","Neutralize+1","Backstab","Noxious Fumes+1","Dagger Spray","Deadly Poison","Cloak And Dagger","Footwork","Well Laid Plans"],"relics":["Ring of the Snake","NeowsBlessing","Tingsha","Letter Opener","Ancient Tea Set","Vajra","Boot","Cursed Key","Red Mask"],"potions_floor_usage":[10,19],"damage_taken":[{"damage":0,"enemies":"Jaw Worm","floor":1,"turns":1},{"damage":0,"enemies":"Gremlin Nob","floor":6,"turns":1},{"damage":0,"enemies":"3 Sentries","floor":8,"turns":1},{"damage":50,"enemies":"Gremlin Nob","floor":10,"turns":5},{"damage":4,"enemies":"3 Sentries","floor":14,"turns":6},{"damage":2,"enemies":"The Guardian","floor":16,"turns":11},{"damage":13,"enemies":"2 Thieves","floor":18,"turns":3},{"damage":29,"enemies":"Masked Bandits","floor":19,"turns":4},{"damage":12,"enemies":"Spheric Guardian","floor":20,"turns":3}],"seed_played":"-8964601225472535368","potions_obtained":[{"floor":8,"key":"Block Potion"},{"floor":10,"key":"PowerPotion"},{"floor":14,"key":"SteroidPotion"}],"is_trial":false,"path_per_floor":["M","?","$","?","?","E","R","E","T","E","?","$","R","E","R","B",null,"M","?","M"],"character_chosen":"THE_SILENT","items_purchased":["Noxious Fumes","Dagger Spray"],"campfire_rested":1,"item_purchase_floors":[3,3],"current_hp_per_floor":[59,59,59,39,55,55,55,55,55,5,5,5,24,20,20,18,54,41,12,0],"gold":208,"neow_bonus":"THREE_ENEMY_KILL","is_prod":false,"is_daily":false,"chose_seed":false,"campfire_upgraded":2,"win_rate":0,"timestamp":1556678420,"path_taken":["M","?","$","?","?","E","R","E","T","E","?","$","R","E","R","BOSS","M","?","M"],"build_version":"2019-01-23","purchased_purges":0,"victory":false,"max_hp_per_floor":[66,66,66,66,66,66,66,66,66,66,66,66,66,66,66,66,66,66,66,66],"card_choices":[{"not_picked":["Poisoned Stab","Deflect"],"picked":"Backstab","floor":1},{"not_picked":["Skewer","Deflect"],"picked":"Deadly Poison","floor":6},{"not_picked":["Underhanded Strike","Prepared"],"picked":"Cloak And Dagger","floor":8},{"not_picked":["Bane","Reflex","Outmaneuver"],"picked":"SKIP","floor":10},{"not_picked":["Night Terror","Calculated Gamble","Sucker Punch"],"picked":"SKIP","floor":14},{"not_picked":["Deadly Poison","Acrobatics"],"picked":"Footwork","floor":18},{"not_picked":["Acrobatics","Slice"],"picked":"Well Laid Plans","floor":19}],"player_experience":2242580,"relics_obtained":[{"floor":6,"key":"Tingsha"},{"floor":8,"key":"Letter Opener"},{"floor":9,"key":"Ancient Tea Set"},{"floor":10,"key":"Vajra"},{"floor":14,"key":"Boot"},{"floor":19,"key":"Red Mask"}],"event_choices":[{"damage_healed":0,"gold_gain":75,"player_choice":"Gained Gold","damage_taken":0,"max_hp_gain":0,"max_hp_loss":0,"event_name":"Golden Wing","floor":2,"gold_loss":0},{"damage_healed":0,"gold_gain":0,"player_choice":"Entered Light","damage_taken":20,"max_hp_gain":0,"max_hp_loss":0,"event_name":"Shining Light","floor":4,"gold_loss":0,"cards_upgraded":["Defend_G","Strike_G"]},{"damage_healed":16,"gold_gain":0,"player_choice":"Healed","damage_taken":0,"max_hp_gain":0,"max_hp_loss":0,"event_name":"The Cleric","floor":5,"gold_loss":35},{"damage_healed":0,"gold_gain":0,"player_choice":"Left Gold","damage_taken":0,"max_hp_gain":0,"max_hp_loss":0,"event_name":"World of Goop","floor":11,"gold_loss":65},{"damage_healed":0,"gold_gain":0,"player_choice":"Fought Bandits","damage_taken":0,"max_hp_gain":0,"max_hp_loss":0,"event_name":"Masked Bandits","floor":19,"gold_loss":0}],"is_beta":false,"boss_relics":[{"not_picked":["Ectoplasm","Ring of the Serpent"],"picked":"Cursed Key"}],"items_purged_floors":[],"is_endless":false,"potions_floor_spawned":[8,10,14],"killed_by":"Spheric Guardian","ascension_level":20}