{"gold_per_floor":[113,388,406,421,36,36,67,67,67,91,91,191,225,243,243,333,333,333,333,333,165,165,165,165,48,48,48,48,48,48,48,48,48],"floor_reached":33,"playtime":963,"items_purged":["Regret","Pain","Strike_G"],"score":726,"play_id":"1b87eb8b-4385-4fd8-9143-97093c66f82b","local_time":"20190426072338","is_ascension_mode":true,"campfire_choices":[{"data":"Envenom","floor":6,"key":"SMITH"},{"floor":11,"key":"REST"},{"data":"Caltrops","floor":15,"key":"SMITH"},{"data":"After Image","floor":24,"key":"SMITH"},{"floor":27,"key":"REST"},{"data":"Footwork","floor":30,"key":"SMITH"},{"data":"Neutralize","floor":32,"key":"SMITH"}],"neow_cost":"NONE","seed_source_timestamp":980638998859235,"circlet_count":0,"master_deck":["AscendersBane","Defend_G","Defend_G","Defend_G","Defend_G","Defend_G","Strike_G","Strike_G","Strike_G","Strike_G","Survivor","Neutralize+1","Caltrops+1","Crippling Poison","Bane","Envenom+1","Poisoned Stab","After Image+1","Dagger Spray","Footwork+1","Adrenaline","Backstab","Backflip","PiercingWail","Die Die Die","Distraction+1","Backflip","Backflip","Cloak And Dagger"],"special_seed":0,"relics":["Ring of the Snake","NeowsBlessing","Membership Card","Oddly Smooth Stone","Snake Skull","Golden Idol","Mercury Hourglass","Lantern","Ectoplasm","WarpedTongs","Peace Pipe","Potion Belt","Strawberry"],"potions_floor_usage":[7,13,23,23,33,33],"damage_taken":[{"damage":0.0,"enemies":"Small Slimes","floor":1.0,"turns":1.0},{"damage":0.0,"enemies":"Cultist","floor":3.0,"turns":1.0},{"damage":0.0,"enemies":"Jaw Worm","floor":4.0,"turns":1.0},{"damage":30,"enemies":"3 Sentries","floor":7,"turns":10},{"damage":0,"enemies":"3 Louse","floor":10,"turns":3},{"damage":13,"enemies":"Gremlin Nob","floor":13,"turns":4},{"damage":15,"enemies":"Gremlin Gang","floor":14,"turns":3},{"damage":1,"enemies":"Hexaghost","floor":16,"turns":8},{"damage":0,"enemies":"Chosen","floor":18,"turns":4},{"damage":0,"enemies":"3 Byrds","floor":19,"turns":3},{"damage":21,"enemies":"Cultist and Chosen","floor":22,"turns":5},{"damage":0,"enemies":"Slavers","floor":23,"turns":4},{"damage":5,"enemies":"Gremlin Leader","floor":28,"turns":5},{"damage":2,"enemies":"Snake Plant","floor":29,"turns":4},{"damage":0,"enemies":"Book of Stabbing","floor":31,"turns":5},{"damage":52,"enemies":"Champ","floor":33,"turns":13}],"seed_played":"2750530791528754722","potions_obtained":[{"floor":1.0,"key":"Ancient Potion"},{"floor":4.0,"key":"Fire Potion"},{"floor":14,"key":"SpeedPotion"},{"floor":16,"key":"Fire Potion"},{"floor":22,"key":"Fire Potion"},{"floor":31,"key":"Block Potion"}],"is_trial":false,"path_per_floor":["M","?","M","M","$","R","E","?","T","M","R","?","E","M","R","B",null,"M","M","?","$","M","E","R","$","T","R","E","M","R","E","R","B"],"character_chosen":"THE_SILENT","items_purchased":["Membership Card","Oddly Smooth Stone","Envenom","PiercingWail","Die Die Die","Dexterity Potion","Backflip"],"campfire_rested":2,"item_purchase_floors":[5,5,5,21,21,25,25],"current_hp_per_floor":[59,59,59,59,59,59,29,29,29,29,47,47,34,19,19,18,50,50,50,50,50,29,29,29,29,29,47,42,40,40,47,47,0],"gold":48,"neow_bonus":"THREE_ENEMY_KILL","is_prod":false,"is_daily":false,"chose_seed":false,"campfire_upgraded":5,"win_rate":0,"timestamp":1556274218,"path_taken":["M","?","?","M","$","R","E","?","T","M","R","?","E","M","R","BOSS","M","?","?","$","M","E","R","?","T","R","E","M","R","E","R","BOSS"],"build_version":"2019-01-23","purchased_purges":3,"victory":false,"max_hp_per_floor":[66,66,66,66,66,66,66,60,60,60,60,60,60,60,60,60,60,60,60,60,60,60,60,60,60,60,60,60,60,60,67,67,67],"card_choices":[{"not_picked":["Distraction","Sucker Punch"],"picked":"Caltrops","floor":1.0},{"not_picked":["Blade Dance","Setup"],"picked":"Crippling Poison","floor":3.0},{"not_picked":["PiercingWail","Outmaneuver","Bane"],"picked":"SKIP","floor":4.0},{"not_picked":["PiercingWail","Outmaneuver"],"picked":"Bane","floor":4.0},{"not_picked":["Expertise","Finisher"],"picked":"Poisoned Stab","floor":7},{"not_picked":["Slice","Bane"],"picked":"After Image","floor":10},{"not_picked":["Acrobatics","Heel Hook"],"picked":"Dagger Spray","floor":13},{"not_picked":["All Out Attack","Deflect"],"picked":"Footwork","floor":14},{"not_picked":["Wraith Form v2","After Image"],"picked":"Adrenaline","floor":16},{"not_picked":["Cloak And Dagger","All Out Attack"],"picked":"Backstab","floor":18},{"not_picked":["Predator","Deadly Poison"],"picked":"Backflip","floor":19},{"not_picked":["Blade Dance","Poisoned Stab"],"picked":"Distraction+1","floor":22},{"not_picked":["Dagger Throw","Cloak And Dagger"],"picked":"Backflip","floor":23},{"not_picked":["Blade Dance","Expertise","Poisoned Stab"],"picked":"SKIP","floor":28},{"not_picked":["Slice","Choke","Bane"],"picked":"SKIP","floor":29},{"not_picked":["Expertise","Doppelganger"],"picked":"Cloak And Dagger","floor":31}],"player_experience":2180145,"relics_obtained":[{"floor":7,"key":"Snake Skull"},{"floor":9,"key":"Mercury Hourglass"},{"floor":13,"key":"Lantern"},{"floor":23,"key":"Peace Pipe"},{"floor":28,"key":"Potion Belt"},{"floor":31,"key":"Strawberry"}],"event_choices":[{"damage_healed":0.0,"max_hp_gain":0.0,"max_hp_loss":0.0,"gold_gain":275.0,"event_name":"Golden Shrine","player_choice":"Desecrate","floor":2.0,"gold_loss":0.0,"damage_taken":0.0,"cards_obtained":["Regret"]},{"damage_healed":0,"gold_gain":0,"player_choice":"Lose Max HP","damage_taken":0,"relics_obtained":["Golden Idol"],"max_hp_gain":0,"max_hp_loss":6,"event_name":"Golden Idol","floor":8,"gold_loss":0},{"damage_healed":0,"gold_gain":100,"player_choice":"Gold","damage_taken":0,"max_hp_gain":0,"max_hp_loss":0,"event_name":"Wheel of Change","floor":12,"gold_loss":0},{"damage_healed":0,"gold_gain":0,"player_choice":"Rummage","damage_taken":0,"relics_obtained":["WarpedTongs"],"max_hp_gain":0,"max_hp_loss":0,"event_name":"Accursed Blacksmith","floor":20,"gold_loss":0,"cards_obtained":["Pain"]}],"is_beta":false,"boss_relics":[{"not_picked":["Tiny House","Orrery"],"picked":"Ectoplasm"}],"items_purged_floors":[5,21,25],"is_endless":false,"potions_floor_spawned":[1,4,14,16,19,22,31],"killed_by":"Champ","ascension_level":20}