{"gold_per_floor":[113,113,22,40,40,40,70,70,141,53,80,98,131,58,58,58],"floor_reached":16,"playtime":1414,"items_purged":[],"score":282,"play_id":"5e209223-c0c6-43bf-a7c3-d8c1eb953160","local_time":"20190428142257","is_ascension_mode":true,"campfire_choices":[{"data":"Riddle With Holes","floor":6.0,"key":"SMITH"},{"data":"Noxious Fumes","floor":8.0,"key":"SMITH"},{"floor":15.0,"key":"REST"}],"neow_cost":"NONE","seed_source_timestamp":11370942721200,"circlet_count":0,"master_deck":["AscendersBane","Defend_G","Defend_G","Defend_G","Defend_G","Defend_G","Strike_G","Strike_G","Strike_G","Strike_G","Strike_G","Survivor","Neutralize","Dagger Throw","Poisoned Stab","Noxious Fumes+1","Riddle With Holes+1","All Out Attack","Dash","Caltrops","Escape Plan","Phantasmal Killer"],"special_seed":0,"relics":["Ring of the Snake","NeowsBlessing","Prayer Wheel","Ninja Scroll","Strawberry","The Courier"],"potions_floor_usage":[16],"damage_taken":[{"damage":0.0,"enemies":"Cultist","floor":1.0,"turns":1.0},{"damage":0.0,"enemies":"Jaw Worm","floor":4.0,"turns":1.0},{"damage":0.0,"enemies":"Lagavulin","floor":7.0,"turns":1.0},{"damage":32.0,"enemies":"Gremlin Nob","floor":11.0,"turns":4.0},{"damage":0.0,"enemies":"Small Slimes","floor":12.0,"turns":3.0},{"damage":9.0,"enemies":"3 Sentries","floor":13.0,"turns":5.0},{"damage":48,"enemies":"Slime Boss","floor":16,"turns":9}],"seed_played":"1799274290985198160","potions_obtained":[{"floor":11.0,"key":"FearPotion"},{"floor":12.0,"key":"Poison Potion"},{"floor":13.0,"key":"GhostInAJar"}],"is_trial":false,"path_per_floor":["M","T","$","M","$","R","E","R","T","$","E","M","E","?","R","B"],"character_chosen":"THE_SILENT","items_purchased":["Poisoned Stab","Noxious Fumes","Dash"],"campfire_rested":1,"item_purchase_floors":[3,3,10],"current_hp_per_floor":[59,59,59,59,59,59,59,59,59,59,34,34,25,25,46,0],"gold":58,"neow_bonus":"THREE_ENEMY_KILL","is_prod":false,"is_daily":false,"chose_seed":false,"campfire_upgraded":2,"win_rate":0,"timestamp":1556486577,"path_taken":["M","?","$","M","?","R","E","R","T","$","E","M","E","?","R","BOSS"],"build_version":"2019-01-23","purchased_purges":0,"victory":false,"max_hp_per_floor":[66,66,66,66,66,66,66,66,66,66,73,73,73,73,73,73],"card_choices":[{"not_picked":["Deadly Poison","Backflip"],"picked":"Dagger Throw","floor":1.0},{"not_picked":["Poisoned Stab","Cloak And Dagger"],"picked":"Riddle With Holes","floor":4.0},{"not_picked":["Unload","Flechettes"],"picked":"All Out Attack","floor":7.0},{"not_picked":["Die Die Die","Quick Slash"],"picked":"Caltrops","floor":11.0},{"not_picked":["Endless Agony","Dodge and Roll"],"picked":"Escape Plan","floor":12.0},{"not_picked":["Riddle With Holes","Dagger Throw","Predator"],"picked":"SKIP","floor":12.0},{"not_picked":["Heel Hook","Predator"],"picked":"Phantasmal Killer","floor":13.0}],"player_experience":1014501,"relics_obtained":[{"floor":7.0,"key":"Prayer Wheel"},{"floor":9.0,"key":"Ninja Scroll"},{"floor":11.0,"key":"Strawberry"},{"floor":13.0,"key":"The Courier"}],"event_choices":[{"damage_healed":0.0,"max_hp_gain":0.0,"max_hp_loss":0.0,"gold_gain":0.0,"event_name":"World of Goop","player_choice":"Left Gold","floor":14.0,"gold_loss":73.0,"damage_taken":0.0}],"is_beta":false,"boss_relics":[],"items_purged_floors":[],"is_endless":false,"potions_floor_spawned":[11,12,13],"killed_by":"Slime Boss","ascension_level":20}