{"gold_per_floor":[114,128,128,146,23,23,57,57,103,136,136,155,230,230,230,301,301,312,22,40,40,40,40,71,71,71,87,114,143,162,176,176,176],"floor_reached":33,"playtime":1497,"items_purged":["Strike_G"],"score":586,"play_id":"2f46f0d2-642a-4d71-af68-6f4e376b3689","local_time":"20190415111342","is_ascension_mode":true,"campfire_choices":[{"data":"Bouncing Flask","floor":6.0,"key":"SMITH"},{"floor":8.0,"key":"REST"},{"floor":15.0,"key":"REST"},{"floor":23.0,"key":"REST"},{"floor":25.0,"key":"REST"},{"floor":32,"key":"REST"}],"neow_cost":"NONE","seed_source_timestamp":43513800379570,"circlet_count":0,"master_deck":["AscendersBane","Defend_G+1","Defend_G+1","Defend_G+1","Defend_G+1","Defend_G+1","Strike_G+1","Strike_G+1","Strike_G+1","Survivor","Neutralize+1","Dagger Spray","Well Laid Plans","Predator","Bouncing Flask+1","Footwork","Blur","Die Die Die","PiercingWail","Backflip+1","Necronomicurse","Sucker Punch+1","Sucker Punch+1","Backflip","Skewer","PiercingWail+1","Wraith Form v2"],"special_seed":0,"relics":["Ring of the Snake","Whetstone","Lantern","Happy Flower","Snecko Eye","PreservedInsect","Necronomicon","Sundial","Shuriken","Red Mask","Bottled Tornado"],"potions_floor_usage":[33],"damage_taken":[{"damage":3.0,"enemies":"Cultist","floor":1.0,"turns":5.0},{"damage":3.0,"enemies":"Small Slimes","floor":2.0,"turns":5.0},{"damage":1.0,"enemies":"2 Louse","floor":4.0,"turns":2.0},{"damage":26.0,"enemies":"Gremlin Nob","floor":7.0,"turns":4.0},{"damage":23.0,"enemies":"3 Sentries","floor":10.0,"turns":12.0},{"damage":6.0,"enemies":"Lots of Slimes","floor":12.0,"turns":4.0},{"damage":17.0,"enemies":"Hexaghost","floor":16.0,"turns":10.0},{"damage":5.0,"enemies":"Chosen","floor":18.0,"turns":4.0},{"damage":15.0,"enemies":"2 Thieves","floor":20.0,"turns":4.0},{"damage":10.0,"enemies":"Gremlin Leader","floor":24.0,"turns":5.0},{"damage":17.0,"enemies":"Shelled Parasite and Fungi","floor":27.0,"turns":7.0},{"damage":0.0,"enemies":"Masked Bandits","floor":28.0,"turns":2.0},{"damage":7.0,"enemies":"Slavers","floor":29.0,"turns":3.0},{"damage":0.0,"enemies":"Snecko","floor":30.0,"turns":4.0},{"damage":3,"enemies":"Sentry and Sphere","floor":31,"turns":3},{"damage":37,"enemies":"Automaton","floor":33,"turns":10}],"seed_played":"1565680946039263826","potions_obtained":[{"floor":0.0,"key":"GhostInAJar"},{"floor":0.0,"key":"GhostInAJar"},{"floor":10.0,"key":"Dexterity Potion"},{"floor":24.0,"key":"SpeedPotion"},{"floor":31,"key":"SteroidPotion"}],"is_trial":false,"path_per_floor":["M","M","?","M","$","R","E","R","T","E","?","M","?","?","R","B",null,"M","$","M","?","?","R","E","R","T","M","?","E","M","M","R","B"],"character_chosen":"THE_SILENT","items_purchased":["Footwork","Blur","PreservedInsect","Poison Potion"],"campfire_rested":5,"item_purchase_floors":[5,5,19,19],"current_hp_per_floor":[56,53,53,52,52,52,26,45,45,22,22,16,5,5,24,7,51,46,46,31,10,10,29,19,38,38,21,21,14,14,11,30,0],"gold":176,"neow_bonus":"THREE_SMALL_POTIONS","is_prod":false,"is_daily":false,"chose_seed":false,"campfire_upgraded":1,"win_rate":0,"timestamp":1555337622,"path_taken":["M","M","?","?","?","R","E","R","T","E","?","M","?","?","R","BOSS","M","$","?","?","?","R","E","R","T","M","?","E","M","M","R","BOSS"],"build_version":"2019-01-23","purchased_purges":1,"victory":false,"max_hp_per_floor":[66,66,66,66,66,66,66,66,66,66,66,66,66,66,66,66,66,66,66,66,66,66,66,66,66,66,66,66,66,66,66,66,66],"card_choices":[{"not_picked":["Backflip","Prepared"],"picked":"Dagger Spray","floor":1.0},{"not_picked":["Dagger Spray","Backflip"],"picked":"Well Laid Plans","floor":2.0},{"not_picked":["Endless Agony","Poisoned Stab"],"picked":"Bouncing Flask","floor":4.0},{"not_picked":["Accuracy","Distraction","Grand Finale"],"picked":"SKIP","floor":7.0},{"not_picked":["Accuracy","Distraction","Grand Finale"],"picked":"SKIP","floor":7.0},{"not_picked":["Finisher","Bane","Predator"],"picked":"SKIP","floor":10.0},{"not_picked":["Tactician","Sucker Punch","Outmaneuver"],"picked":"SKIP","floor":12.0},{"not_picked":["A Thousand Cuts","Night Terror"],"picked":"Die Die Die","floor":16.0},{"not_picked":["Distraction","Poisoned Stab"],"picked":"PiercingWail","floor":18.0},{"not_picked":["Slice","Dagger Throw"],"picked":"Backflip+1","floor":20.0},{"not_picked":["Deadly Poison","Prepared"],"picked":"Sucker Punch+1","floor":24.0},{"not_picked":["Underhanded Strike","Sucker Punch+1","Dagger Spray"],"picked":"SKIP","floor":27.0},{"not_picked":["Underhanded Strike","Dagger Spray"],"picked":"Sucker Punch+1","floor":27.0},{"not_picked":["Prepared","Storm of Steel"],"picked":"Backflip","floor":28.0},{"not_picked":["Cloak And Dagger","Infinite Blades"],"picked":"Skewer","floor":29.0},{"not_picked":["Prepared","Dodge and Roll"],"picked":"PiercingWail+1","floor":30.0},{"not_picked":["Blade Dance","Calculated Gamble+1"],"picked":"Wraith Form v2","floor":31}],"player_experience":2096318,"relics_obtained":[{"floor":7.0,"key":"Whetstone"},{"floor":9.0,"key":"Lantern"},{"floor":10.0,"key":"Happy Flower"},{"floor":21.0,"key":"Necronomicon"},{"floor":24.0,"key":"Sundial"},{"floor":26.0,"key":"Shuriken"},{"floor":28.0,"key":"Red Mask"},{"floor":29.0,"key":"Bottled Tornado"}],"event_choices":[{"damage_healed":0.0,"max_hp_gain":0.0,"max_hp_loss":0.0,"gold_gain":0.0,"cards_transformed":["Strike_G"],"event_name":"Transmorgrifier","player_choice":"Transformed","floor":3.0,"gold_loss":0.0,"damage_taken":0.0,"cards_obtained":["Predator"]},{"damage_healed":0.0,"max_hp_gain":0.0,"max_hp_loss":0.0,"gold_gain":0.0,"event_name":"Dead Adventurer","player_choice":"Searched \u00271\u0027 times","floor":11.0,"gold_loss":0.0,"damage_taken":0.0},{"damage_healed":0.0,"max_hp_gain":0.0,"max_hp_loss":0.0,"gold_gain":75.0,"event_name":"World of Goop","player_choice":"Gather Gold","floor":13.0,"gold_loss":0.0,"damage_taken":11.0},{"damage_healed":0.0,"max_hp_gain":0.0,"max_hp_loss":0.0,"gold_gain":0.0,"event_name":"Lab","player_choice":"Got Potions","floor":14.0,"gold_loss":0.0,"damage_taken":0.0},{"damage_healed":0.0,"max_hp_gain":0.0,"max_hp_loss":0.0,"gold_gain":0.0,"event_name":"Cursed Tome","player_choice":"Obtained Book","floor":21.0,"gold_loss":0.0,"damage_taken":21.0},{"damage_healed":0.0,"max_hp_gain":0.0,"max_hp_loss":0.0,"gold_gain":0.0,"event_name":"Back to Basics","player_choice":"Simplicity","floor":22.0,"gold_loss":0.0,"damage_taken":0.0,"cards_upgraded":["Defend_G","Defend_G","Defend_G","Defend_G","Defend_G","Strike_G","Strike_G"]},{"damage_healed":0.0,"max_hp_gain":0.0,"max_hp_loss":0.0,"gold_gain":0.0,"event_name":"Masked Bandits","player_choice":"Fought Bandits","floor":28.0,"gold_loss":0.0,"damage_taken":0.0}],"is_beta":false,"boss_relics":[{"not_picked":["Empty Cage","HoveringKite"],"picked":"Snecko Eye"}],"items_purged_floors":[19],"is_endless":false,"potions_floor_spawned":[1,10,12,20,24,29,31],"killed_by":"Automaton","ascension_level":20}