{"gold_per_floor":[114,129,48,65,79,79,79,104,104,139,139,165,130,130,130,206,206,218,218,195,208,208,208,220,255,255,255,286,286,305,316,316,393,393,410,410,422,441,47,74,74,74],"floor_reached":42,"playtime":1833,"items_purged":[],"score":1176,"play_id":"f5552791-d84c-4283-8240-bc8deecc96b2","local_time":"20190424212524","is_ascension_mode":true,"campfire_choices":[{"data":"Noxious Fumes","floor":6.0,"key":"SMITH"},{"floor":11.0,"key":"REST"},{"data":"Well Laid Plans","floor":15.0,"key":"SMITH"},{"floor":23.0,"key":"REST"},{"floor":27.0,"key":"REST"},{"floor":29.0,"key":"REST"},{"floor":32.0,"key":"REST"}],"neow_cost":"TEN_PERCENT_HP_LOSS","seed_source_timestamp":857124026206408,"circlet_count":0,"master_deck":["AscendersBane","Defend_G+1","Defend_G","Defend_G","Defend_G+1","Defend_G","Strike_G","Strike_G","Strike_G","Survivor","Neutralize","Poisoned Stab","Footwork+1","Noxious Fumes+1","Deadly Poison","Well Laid Plans+1","Night Terror","Backflip","Malaise","Footwork+1","Escape Plan+1","PiercingWail+1","PiercingWail","Catalyst","Dagger Spray","Corpse Explosion","Dodge and Roll","PiercingWail+1","Malaise"],"special_seed":0,"relics":["Ring of the Snake","FossilizedHelix","Blood Vial","War Paint","Bottled Lightning","Vajra","Fusion Hammer","Mercury Hourglass","Ancient Tea Set","Dodecahedron","Black Star","Lee\u0027s Waffle","Omamori","Nunchaku","Regal Pillow"],"potions_floor_usage":[],"damage_taken":[{"damage":0.0,"enemies":"2 Louse","floor":1.0,"turns":2.0},{"damage":0.0,"enemies":"Small Slimes","floor":2.0,"turns":3.0},{"damage":0.0,"enemies":"Cultist","floor":4.0,"turns":4.0},{"damage":0.0,"enemies":"Blue Slaver","floor":5.0,"turns":4.0},{"damage":29.0,"enemies":"3 Sentries","floor":8.0,"turns":9.0},{"damage":19.0,"enemies":"Gremlin Nob","floor":10.0,"turns":5.0},{"damage":5.0,"enemies":"Lagavulin","floor":12.0,"turns":8.0},{"damage":0.0,"enemies":"Gremlin Gang","floor":14.0,"turns":2.0},{"damage":3.0,"enemies":"Hexaghost","floor":16.0,"turns":13.0},{"damage":0.0,"enemies":"Shell Parasite","floor":18.0,"turns":6.0},{"damage":0.0,"enemies":"2 Thieves","floor":20.0,"turns":4.0},{"damage":50.0,"enemies":"3 Cultists","floor":21.0,"turns":8.0},{"damage":0.0,"enemies":"Snecko","floor":24.0,"turns":11.0},{"damage":31.0,"enemies":"Gremlin Leader","floor":25.0,"turns":9.0},{"damage":0.0,"enemies":"Book of Stabbing","floor":28.0,"turns":6.0},{"damage":0.0,"enemies":"Sentry and Sphere","floor":30.0,"turns":7.0},{"damage":0.0,"enemies":"3 Cultists","floor":31.0,"turns":3.0},{"damage":0.0,"enemies":"Champ","floor":33.0,"turns":10.0},{"damage":0.0,"enemies":"3 Darklings","floor":35.0,"turns":4.0},{"damage":0.0,"enemies":"3 Shapes","floor":37.0,"turns":5.0},{"damage":27.0,"enemies":"Jaw Worm Horde","floor":38.0,"turns":5.0},{"damage":29.0,"enemies":"Giant Head","floor":40.0,"turns":13.0},{"damage":57,"enemies":"Reptomancer","floor":42,"turns":3}],"seed_played":"5967293420964211074","potions_obtained":[{"floor":5.0,"key":"SmokeBomb"},{"floor":8.0,"key":"EssenceOfSteel"},{"floor":10.0,"key":"GhostInAJar"},{"floor":20.0,"key":"LiquidBronze"},{"floor":25.0,"key":"Strength Potion"},{"floor":30.0,"key":"Strength Potion"}],"is_trial":false,"path_per_floor":["M","M","$","M","M","R","?","E","T","E","R","E","?","M","R","B",null,"M","?","M","M","?","R","M","E","T","R","E","R","M","M","R","B",null,"M","?","M","M","$","E","?","E"],"character_chosen":"THE_SILENT","items_purchased":["Noxious Fumes","Lee\u0027s Waffle","Omamori"],"campfire_rested":5,"item_purchase_floors":[3,39,39],"current_hp_per_floor":[59,59,59,59,59,59,59,30,30,13,31,28,43,45,45,44,56,58,58,60,10,10,28,30,1,1,19,21,39,41,43,60,60,60,60,60,60,33,67,38,38,0],"gold":74,"neow_bonus":"ONE_RARE_RELIC","is_prod":false,"is_daily":false,"chose_seed":false,"campfire_upgraded":2,"win_rate":0,"timestamp":1556151924,"path_taken":["M","M","$","M","M","R","?","E","T","E","R","E","?","M","R","BOSS","M","?","?","M","?","R","?","E","T","R","E","R","M","M","R","BOSS","M","?","M","M","?","E","?","E"],"build_version":"2019-01-23","purchased_purges":0,"victory":false,"max_hp_per_floor":[60,60,60,60,60,60,60,60,60,60,60,60,60,60,60,60,60,60,60,60,60,60,60,60,60,60,60,60,60,60,60,60,60,60,60,60,60,60,67,67,67,67],"card_choices":[{"not_picked":["Outmaneuver","Expertise"],"picked":"Poisoned Stab","floor":1.0},{"not_picked":["Sucker Punch","Deadly Poison"],"picked":"Footwork","floor":2.0},{"not_picked":["Acrobatics","Deflect"],"picked":"Deadly Poison","floor":4.0},{"not_picked":["Predator","Deadly Poison"],"picked":"Well Laid Plans","floor":5.0},{"not_picked":["Infinite Blades","Underhanded Strike","Burst"],"picked":"SKIP","floor":8.0},{"not_picked":["Night Terror","Distraction","Eviscerate"],"picked":"SKIP","floor":10.0},{"not_picked":["Distraction","Eviscerate"],"picked":"Night Terror","floor":10.0},{"not_picked":["Heel Hook","Deadly Poison"],"picked":"Backflip","floor":12.0},{"not_picked":["Bullet Time","Storm of Steel"],"picked":"Malaise","floor":16.0},{"not_picked":["Predator","Finisher","Quick Slash"],"picked":"SKIP","floor":18.0},{"not_picked":["Poisoned Stab","Finisher"],"picked":"Escape Plan+1","floor":20.0},{"not_picked":["Outmaneuver","Concentrate+1","Deadly Poison"],"picked":"SKIP","floor":21.0},{"not_picked":["Blade Dance","Blur"],"picked":"PiercingWail+1","floor":24.0},{"not_picked":["Grand Finale","Crippling Poison"],"picked":"PiercingWail","floor":25.0},{"not_picked":["Bane+1","Backstab"],"picked":"Catalyst","floor":28.0},{"not_picked":["Outmaneuver","Setup"],"picked":"Dagger Spray","floor":30.0},{"not_picked":["Reflex","Terror","Distraction"],"picked":"SKIP","floor":31.0},{"not_picked":["Phantasmal Killer","Adrenaline"],"picked":"Corpse Explosion","floor":33.0},{"not_picked":["Infinite Blades","Acrobatics","Distraction"],"picked":"SKIP","floor":35.0},{"not_picked":["Cloak And Dagger","Skewer","Blade Dance"],"picked":"SKIP","floor":37.0},{"not_picked":["Crippling Poison","Quick Slash+1"],"picked":"PiercingWail+1","floor":38.0},{"not_picked":["Cloak And Dagger+1","Finisher+1"],"picked":"Malaise","floor":40.0}],"player_experience":2170109,"relics_obtained":[{"floor":8.0,"key":"Blood Vial"},{"floor":9.0,"key":"War Paint"},{"floor":10.0,"key":"Bottled Lightning"},{"floor":12.0,"key":"Vajra"},{"floor":25.0,"key":"Mercury Hourglass"},{"floor":26.0,"key":"Ancient Tea Set"},{"floor":28.0,"key":"Dodecahedron"},{"floor":40.0,"key":"Nunchaku"},{"floor":40.0,"key":"Regal Pillow"}],"event_choices":[{"damage_healed":0.0,"max_hp_gain":0.0,"max_hp_loss":0.0,"gold_gain":0.0,"event_name":"Living Wall","player_choice":"Grow","floor":7.0,"gold_loss":0.0,"damage_taken":0.0,"cards_upgraded":["Footwork"]},{"damage_healed":15.0,"max_hp_gain":0.0,"max_hp_loss":0.0,"gold_gain":0.0,"event_name":"The Cleric","player_choice":"Healed","floor":13.0,"gold_loss":35.0,"damage_taken":0.0},{"damage_healed":0.0,"max_hp_gain":0.0,"max_hp_loss":0.0,"gold_gain":0.0,"event_name":"Duplicator","player_choice":"Copied","floor":19.0,"gold_loss":0.0,"damage_taken":0.0,"cards_obtained":["Footwork"]},{"cards_removed":["Strike_G"],"damage_healed":0.0,"max_hp_gain":0.0,"max_hp_loss":0.0,"gold_gain":0.0,"event_name":"Purifier","player_choice":"Purged","floor":22.0,"gold_loss":0.0,"damage_taken":0.0},{"damage_healed":0.0,"max_hp_gain":0.0,"max_hp_loss":0.0,"gold_gain":0.0,"cards_transformed":["Strike_G"],"event_name":"Transmorgrifier","player_choice":"Transformed","floor":36.0,"gold_loss":0.0,"damage_taken":0.0,"cards_obtained":["Dodge and Roll"]},{"damage_healed":0,"gold_gain":0,"player_choice":"Ignored","damage_taken":0,"max_hp_gain":0,"max_hp_loss":0,"event_name":"Mysterious Sphere","floor":41,"gold_loss":0}],"is_beta":false,"boss_relics":[{"not_picked":["Ring of the Serpent","Ectoplasm"],"picked":"Fusion Hammer"},{"not_picked":["Pandora\u0027s Box","Runic Pyramid"],"picked":"Black Star"}],"items_purged_floors":[],"is_endless":false,"potions_floor_spawned":[5,8,10,20,21,25,30,35,38],"killed_by":"Reptomancer","ascension_level":20}