{"gold_per_floor":[14,34,34,34,52,52,66,66,115,115,148,168,188,188],"floor_reached":14,"playtime":846,"items_purged":[],"score":184,"play_id":"6fef6737-378e-4941-81b1-65d8cc74b425","local_time":"20190517113117","is_ascension_mode":true,"campfire_choices":[{"data":"Bouncing Flask","floor":6.0,"key":"SMITH"},{"data":"Skewer","floor":8.0,"key":"SMITH"},{"data":"Neutralize","floor":10.0,"key":"SMITH"}],"neow_cost":"NO_GOLD","seed_source_timestamp":60345640672700,"circlet_count":0,"master_deck":["AscendersBane","Defend_G","Defend_G","Defend_G","Defend_G","Defend_G","Strike_G","Strike_G","Strike_G","Strike_G","Strike_G","Survivor","Neutralize+1","Riddle With Holes","Bouncing Flask+1","Poisoned Stab","Skewer+1","Acrobatics","Burst","Blur"],"special_seed":0,"relics":["Ring of the Snake","Centennial Puzzle","Dream Catcher"],"potions_floor_usage":[14],"damage_taken":[{"damage":2.0,"enemies":"Cultist","floor":1.0,"turns":5.0},{"damage":2.0,"enemies":"Jaw Worm","floor":2.0,"turns":4.0},{"damage":0.0,"enemies":"Small Slimes","floor":5.0,"turns":2.0},{"damage":6.0,"enemies":"Exordium Wildlife","floor":7.0,"turns":4.0},{"damage":17.0,"enemies":"Lagavulin","floor":11.0,"turns":5.0},{"damage":4.0,"enemies":"Blue Slaver","floor":12.0,"turns":3.0},{"damage":6,"enemies":"2 Fungi Beasts","floor":13,"turns":3},{"damage":37,"enemies":"3 Sentries","floor":14,"turns":8}],"seed_played":"1922507361579191306","potions_obtained":[{"floor":1.0,"key":"Ancient Potion"},{"floor":7.0,"key":"Explosive Potion"}],"is_trial":false,"path_per_floor":["M","M","$","?","M","R","M","R","T","R","E","M","M","E"],"character_chosen":"THE_SILENT","items_purchased":[],"campfire_rested":0,"item_purchase_floors":[],"current_hp_per_floor":[69,67,67,67,67,67,61,61,61,61,44,40,34,0],"gold":188,"neow_bonus":"TWENTY_PERCENT_HP_BONUS","is_prod":false,"is_daily":false,"chose_seed":false,"campfire_upgraded":3,"win_rate":0,"timestamp":1558117877,"path_taken":["M","M","?","?","M","R","?","R","T","R","E","?","M","E"],"build_version":"2019-01-23","purchased_purges":0,"victory":false,"max_hp_per_floor":[78,78,78,78,78,78,78,78,78,78,78,78,78,78],"card_choices":[{"not_picked":["Backflip","Prepared"],"picked":"Riddle With Holes","floor":1.0},{"not_picked":["Footwork","Quick Slash"],"picked":"Bouncing Flask","floor":2.0},{"not_picked":["Deadly Poison","Prepared"],"picked":"Poisoned Stab","floor":5.0},{"not_picked":["Backflip","Eviscerate"],"picked":"Skewer","floor":7.0},{"not_picked":["Flying Knee","Bane"],"picked":"Acrobatics","floor":11.0},{"not_picked":["PiercingWail","Deadly Poison"],"picked":"Burst","floor":12.0},{"not_picked":["Backflip","Slice"],"picked":"Blur","floor":13}],"player_experience":1335852,"relics_obtained":[{"floor":9.0,"key":"Centennial Puzzle"},{"floor":11.0,"key":"Dream Catcher"}],"event_choices":[{"damage_healed":0.0,"max_hp_gain":0.0,"max_hp_loss":0.0,"gold_gain":0.0,"event_name":"Liars Game","player_choice":"Ignored","floor":4.0,"gold_loss":0.0,"damage_taken":0.0}],"is_beta":false,"boss_relics":[],"items_purged_floors":[],"is_endless":false,"potions_floor_spawned":[1,7,11,12],"killed_by":"3 Sentries","ascension_level":20}