{"gold_per_floor":[115,125,125,144,7,33,33,0,0,12,34,11,40,62,74,86],"floor_reached":16,"playtime":6889,"items_purged":[],"score":204,"play_id":"9164b67a-20c6-4f64-8a0e-8ce789f56e51","local_time":"20190507213337","is_ascension_mode":true,"campfire_choices":[{"data":"Dash","floor":15,"key":"SMITH"}],"neow_cost":"NONE","seed_source_timestamp":10008993447100,"circlet_count":0,"master_deck":["AscendersBane","Defend_G","Defend_G","Defend_G","Defend_G","Defend_G+1","Strike_G","Strike_G","Strike_G","Strike_G","Strike_G+1","Survivor","Neutralize+1","Dash+1","Underhanded Strike","Acrobatics","Well Laid Plans","Crippling Poison","Concentrate","Poisoned Stab","PiercingWail"],"relics":["Ring of the Snake","Frozen Egg 2","MawBank"],"potions_floor_usage":[6,6,14,16],"damage_taken":[{"damage":1,"enemies":"Cultist","floor":1,"turns":4},{"damage":0,"enemies":"Jaw Worm","floor":2,"turns":4},{"damage":4,"enemies":"Small Slimes","floor":4,"turns":4},{"damage":19,"enemies":"Lagavulin","floor":6,"turns":7},{"damage":0,"enemies":"3 Louse","floor":11,"turns":2},{"damage":5,"enemies":"Blue Slaver","floor":13,"turns":5},{"damage":0,"enemies":"Large Slime","floor":14,"turns":6},{"damage":47,"enemies":"Slime Boss","floor":16,"turns":9}],"seed_played":"-3395618740285477430","potions_obtained":[{"floor":1,"key":"EssenceOfSteel"},{"floor":4,"key":"Block Potion"},{"floor":11,"key":"AttackPotion"},{"floor":13,"key":"SkillPotion"}],"is_trial":false,"path_per_floor":["M","M","?","M","$","E","?","?","T","$","M","?","M","M","R","B"],"character_chosen":"THE_SILENT","items_purchased":["Well Laid Plans","PowerPotion"],"campfire_rested":0,"item_purchase_floors":[5,5],"current_hp_per_floor":[64,64,64,60,60,41,19,19,19,19,19,37,32,32,32,0],"gold":86,"neow_bonus":"TEN_PERCENT_HP_BONUS","is_prod":false,"is_daily":false,"chose_seed":false,"campfire_upgraded":1,"win_rate":0,"timestamp":1557290017,"path_taken":["M","?","?","M","$","E","?","?","T","?","M","?","M","M","R","BOSS"],"build_version":"2019-01-23","purchased_purges":0,"victory":false,"max_hp_per_floor":[72,72,72,72,72,72,72,72,72,72,72,72,72,72,72,72],"card_choices":[{"not_picked":["Dagger Spray","Deadly Poison"],"picked":"Dash","floor":1},{"not_picked":["Reflex","Acrobatics"],"picked":"Underhanded Strike","floor":2},{"not_picked":["Slice","Prepared"],"picked":"Acrobatics","floor":4},{"not_picked":["Escape Plan","Slice"],"picked":"Crippling Poison","floor":6},{"not_picked":["Acrobatics","Calculated Gamble"],"picked":"Concentrate","floor":11},{"not_picked":["Finisher","Accuracy+1"],"picked":"Poisoned Stab","floor":13},{"not_picked":["Venomology","Poisoned Stab"],"picked":"PiercingWail","floor":14}],"player_experience":1199450,"relics_obtained":[{"floor":6,"key":"Frozen Egg 2"},{"floor":9,"key":"MawBank"}],"event_choices":[{"damage_healed":0,"gold_gain":0,"player_choice":"Grow","damage_taken":0,"max_hp_gain":0,"max_hp_loss":0,"event_name":"Living Wall","floor":3,"gold_loss":0,"cards_upgraded":["Neutralize"]},{"damage_healed":0,"gold_gain":0,"player_choice":"Entered Light","damage_taken":22,"max_hp_gain":0,"max_hp_loss":0,"event_name":"Shining Light","floor":7,"gold_loss":0,"cards_upgraded":["Strike_G","Defend_G"]},{"damage_healed":0,"gold_gain":0,"player_choice":"Left Gold","damage_taken":0,"max_hp_gain":0,"max_hp_loss":0,"event_name":"World of Goop","floor":8,"gold_loss":33},{"damage_healed":18,"gold_gain":0,"player_choice":"Healed","damage_taken":0,"max_hp_gain":0,"max_hp_loss":0,"event_name":"The Cleric","floor":12,"gold_loss":35}],"is_beta":false,"boss_relics":[],"items_purged_floors":[],"is_endless":false,"potions_floor_spawned":[1,4,11,13],"killed_by":"Slime Boss","ascension_level":20}