{"gold_per_floor":[110,110,35,49,62,91,104,104,128,128,143,154,183,41,41,112,112,122,30,42,42,42,74,74,33,83,114,146,186,198,227,239,251],"floor_reached":33,"playtime":3087,"items_purged":["Normality","Strike_G"],"score":549,"play_id":"cfd10d5e-f5a8-4967-9f58-43878bb04f09","local_time":"20190417205430","is_ascension_mode":true,"campfire_choices":[{"floor":8.0,"key":"REST"},{"data":"Footwork","floor":15.0,"key":"SMITH"},{"data":"Crippling Poison","floor":24,"key":"SMITH"},{"floor":30,"key":"REST"},{"floor":32,"key":"REST"}],"neow_cost":"CURSE","seed_source_timestamp":0,"circlet_count":0,"master_deck":["AscendersBane","Defend_G","Defend_G","Defend_G","Defend_G","Defend_G","Strike_G","Strike_G","Survivor","Neutralize","Footwork+1","Dagger Throw","Crippling Poison+1","Dash","Backstab","All Out Attack","Deflect","PiercingWail","Noxious Fumes","Storm of Steel","Bouncing Flask","Deflect","RitualDagger","Masterful Stab","Expertise","Leg Sweep","Flying Knee","Terror"],"special_seed":0,"relics":["Ring of the Snake","Boot","Bag of Preparation","PreservedInsect","Sozu","Turnip","MawBank","Molten Egg 2"],"potions_floor_usage":[],"damage_taken":[{"damage":5.0,"enemies":"Jaw Worm","floor":1.0,"turns":7.0},{"damage":1.0,"enemies":"Cultist","floor":4.0,"turns":4.0},{"damage":6.0,"enemies":"Small Slimes","floor":5.0,"turns":4.0},{"damage":22.0,"enemies":"Gremlin Nob","floor":6.0,"turns":5.0},{"damage":0.0,"enemies":"Red Slaver","floor":7.0,"turns":3.0},{"damage":1.0,"enemies":"Looter","floor":11.0,"turns":3.0},{"damage":0.0,"enemies":"Large Slime","floor":12.0,"turns":6.0},{"damage":3.0,"enemies":"3 Sentries","floor":13.0,"turns":10.0},{"damage":53.0,"enemies":"Slime Boss","floor":16.0,"turns":13.0},{"damage":13,"enemies":"Chosen","floor":18,"turns":6},{"damage":16,"enemies":"Shell Parasite","floor":20,"turns":5},{"damage":16,"enemies":"Slavers","floor":23,"turns":4},{"damage":2,"enemies":"Snake Plant","floor":27,"turns":4},{"damage":7,"enemies":"Chosen and Byrds","floor":28,"turns":6},{"damage":2,"enemies":"Gremlin Leader","floor":29,"turns":5},{"damage":19,"enemies":"Snecko","floor":31,"turns":6},{"damage":84,"enemies":"Automaton","floor":33,"turns":12}],"seed_played":"5411708422210889614","potions_obtained":[{"floor":1.0,"key":"Energy Potion"},{"floor":5.0,"key":"FearPotion"},{"floor":13.0,"key":"SteroidPotion"}],"is_trial":false,"path_per_floor":["M","?","$","M","M","E","M","R","T","?","M","M","E","$","R","B",null,"M","$","M","?","?","E","R","$","T","M","M","E","R","M","R","B"],"character_chosen":"THE_SILENT","items_purchased":["Noxious Fumes","Bouncing Flask","Deflect","Expertise"],"campfire_rested":3,"item_purchase_floors":[14,19,19,25],"current_hp_per_floor":[54,45,45,44,38,16,16,35,35,76,75,75,72,72,72,19,62,49,49,33,48,42,26,26,26,26,24,17,15,37,18,40,0],"gold":251,"neow_bonus":"TRANSFORM_TWO_CARDS","is_prod":false,"is_daily":false,"chose_seed":false,"campfire_upgraded":2,"win_rate":0,"timestamp":1555559670,"path_taken":["M","?","$","?","?","E","M","R","T","?","M","?","E","$","R","BOSS","BOSS","M","$","M","?","?","E","R","?","T","?","M","E","R","M","R","BOSS"],"build_version":"2019-01-23","purchased_purges":2,"victory":false,"max_hp_per_floor":[66,66,66,66,66,66,66,66,66,76,76,76,76,76,76,76,76,76,76,76,76,76,76,76,76,76,76,76,76,76,76,76,76],"card_choices":[{"not_picked":["Backflip","Expertise"],"picked":"Dagger Throw","floor":1.0},{"not_picked":["Footwork","Bouncing Flask"],"picked":"Crippling Poison","floor":4.0},{"not_picked":["Dodge and Roll","Caltrops"],"picked":"Dash","floor":5.0},{"not_picked":["Cloak And Dagger","PiercingWail"],"picked":"Backstab","floor":6.0},{"not_picked":["Acrobatics","Crippling Poison"],"picked":"All Out Attack","floor":7.0},{"not_picked":["Prepared","Finisher"],"picked":"Deflect","floor":11.0},{"not_picked":["Prepared","Dagger Throw"],"picked":"PiercingWail","floor":12.0},{"not_picked":["Distraction","Blade Dance","Poisoned Stab"],"picked":"SKIP","floor":13.0},{"not_picked":["Tools of the Trade","Night Terror"],"picked":"Storm of Steel","floor":16},{"not_picked":["Prepared","Acrobatics","Deadly Poison"],"picked":"SKIP","floor":18},{"not_picked":["Dagger Throw","Tactician","Deadly Poison"],"picked":"SKIP","floor":20},{"not_picked":["Prepared+1","Infinite Blades"],"picked":"Masterful Stab","floor":23},{"not_picked":["Bane","Venomology"],"picked":"Leg Sweep","floor":27},{"not_picked":["Poisoned Stab","Bane+1"],"picked":"Flying Knee","floor":28},{"not_picked":["Dagger Throw","Dodge and Roll"],"picked":"Terror","floor":29},{"not_picked":["Bane+1","Dagger Spray+1","Dagger Throw+1"],"picked":"SKIP","floor":31}],"player_experience":882503,"relics_obtained":[{"floor":6.0,"key":"Boot"},{"floor":9.0,"key":"Bag of Preparation"},{"floor":13.0,"key":"PreservedInsect"},{"floor":23,"key":"Turnip"},{"floor":26,"key":"MawBank"},{"floor":29,"key":"Molten Egg 2"}],"event_choices":[{"damage_healed":0.0,"max_hp_gain":0.0,"max_hp_loss":0.0,"gold_gain":0.0,"event_name":"Wheel of Change","player_choice":"Damaged","floor":2.0,"gold_loss":0.0,"damage_taken":9.0},{"cards_removed":["Envenom"],"damage_healed":31.0,"max_hp_gain":10.0,"max_hp_loss":0.0,"gold_gain":0.0,"event_name":"Bonfire Elementals","player_choice":"Offered Rare","floor":10.0,"gold_loss":0.0,"damage_taken":0.0},{"damage_healed":15,"gold_gain":0,"player_choice":"Heal","damage_taken":0,"max_hp_gain":0,"max_hp_loss":0,"event_name":"The Library","floor":21,"gold_loss":0},{"damage_healed":0,"gold_gain":0,"player_choice":"Joined the Cult","damage_taken":6,"max_hp_gain":0,"max_hp_loss":0,"event_name":"Nest","floor":22,"gold_loss":0,"cards_obtained":["RitualDagger"]}],"is_beta":false,"boss_relics":[{"not_picked":["Fusion Hammer","Pandora\u0027s Box"],"picked":"Sozu"}],"items_purged_floors":[3,14],"is_endless":false,"potions_floor_spawned":[1,5,13,27,28,29],"killed_by":"Automaton","ascension_level":17}