{"gold_per_floor":[119,134,149,149,168,195,195,222,267,267,20,20,20,40,40,112,112,128,128,11,11,21,21,21,49,49,49,67,100,100,117,117,191,191,204,224,58,58,69,69,99,99,99,126,139,172,172,190,190,190,190,190,190,11,45,45],"floor_reached":56,"playtime":2893,"items_purged":[],"score":2166,"play_id":"b7493f08-bdeb-42a0-b0d7-e5bbed877b5d","local_time":"20190429013619","is_ascension_mode":true,"campfire_choices":[{"floor":7.0,"key":"REST"},{"data":"Caltrops","floor":10.0,"key":"SMITH"},{"data":"Footwork","floor":12.0,"key":"SMITH"},{"data":"Neutralize","floor":15.0,"key":"SMITH"},{"data":"Crippling Poison","floor":23.0,"key":"SMITH"},{"data":"Footwork","floor":30.0,"key":"SMITH"},{"data":"Deadly Poison","floor":32.0,"key":"SMITH"},{"floor":40.0,"key":"RECALL"},{"floor":42.0,"key":"REST"},{"floor":47.0,"key":"REST"},{"floor":49.0,"key":"REST"},{"floor":53.0,"key":"REST"}],"neow_cost":"PERCENT_DAMAGE","seed_source_timestamp":1216413309925680,"circlet_count":0,"master_deck":["AscendersBane","Defend_G","Defend_G","Defend_G","Defend_G","Defend_G","Survivor","Neutralize+1","Endless Agony+1","Caltrops+1","Flying Knee","Deadly Poison+1","Dagger Spray+1","Dash","Poisoned Stab+1","Footwork+1","Deflect","Dodge and Roll","After Image","Well Laid Plans+1","Deflect+1","Crippling Poison+1","Footwork+1","Bite","Bite","Bite","Bite","Crippling Poison","Violence","PiercingWail","Malaise","Dash+1","Backflip","Catalyst+1","Acrobatics","Noxious Fumes","Die Die Die","Catalyst+1","Malaise","Leg Sweep+1","Dodge and Roll","Blur+1","Well Laid Plans","Backflip","Crippling Poison","Dodge and Roll","Predator","Venomology"],"special_seed":0,"relics":["Ring of the Snake","Prayer Wheel","Calipers","Bottled Tornado","Whetstone","Bronze Scales","Omamori","Sozu","Snake Skull","Bag of Preparation","FossilizedHelix","Fusion Hammer","Strawberry","Tough Bandages","Sundial","Mummified Hand","Pear"],"potions_floor_usage":[56],"damage_taken":[{"damage":1.0,"enemies":"Cultist","floor":1.0,"turns":5.0},{"damage":2.0,"enemies":"Jaw Worm","floor":2.0,"turns":4.0},{"damage":4.0,"enemies":"Small Slimes","floor":3.0,"turns":3.0},{"damage":2.0,"enemies":"3 Louse","floor":5.0,"turns":2.0},{"damage":17.0,"enemies":"Lagavulin","floor":6.0,"turns":7.0},{"damage":8.0,"enemies":"Gremlin Nob","floor":8.0,"turns":3.0},{"damage":1.0,"enemies":"Looter","floor":14.0,"turns":3.0},{"damage":6.0,"enemies":"Hexaghost","floor":16.0,"turns":9.0},{"damage":7.0,"enemies":"Chosen","floor":18.0,"turns":4.0},{"damage":5.0,"enemies":"Shell Parasite","floor":22.0,"turns":4.0},{"damage":15.0,"enemies":"Gremlin Leader","floor":25.0,"turns":7.0},{"damage":6.0,"enemies":"Centurion and Healer","floor":28.0,"turns":11.0},{"damage":25.0,"enemies":"Slavers","floor":29.0,"turns":4.0},{"damage":0.0,"enemies":"Snecko","floor":31.0,"turns":6.0},{"damage":0.0,"enemies":"Champ","floor":33.0,"turns":16.0},{"damage":0.0,"enemies":"Orb Walker","floor":35.0,"turns":3.0},{"damage":0.0,"enemies":"3 Darklings","floor":36.0,"turns":5.0},{"damage":0.0,"enemies":"Writhing Mass","floor":39.0,"turns":8.0},{"damage":5.0,"enemies":"Nemesis","floor":41.0,"turns":7.0},{"damage":14.0,"enemies":"Giant Head","floor":44.0,"turns":6.0},{"damage":0.0,"enemies":"Sphere and 2 Shapes","floor":45.0,"turns":5.0},{"damage":0.0,"enemies":"Nemesis","floor":46.0,"turns":5.0},{"damage":0.0,"enemies":"Maw","floor":48.0,"turns":4.0},{"damage":40.0,"enemies":"Awakened One","floor":50.0,"turns":28.0},{"damage":7.0,"enemies":"Time Eater","floor":51.0,"turns":9.0},{"damage":43.0,"enemies":"Shield and Spear","floor":55.0,"turns":10.0},{"damage":51,"enemies":"The Heart","floor":56,"turns":8}],"seed_played":"-3142792313740746574","potions_obtained":[{"floor":3.0,"key":"Strength Potion"},{"floor":5.0,"key":"Energy Potion"},{"floor":8.0,"key":"LiquidBronze"},{"floor":14.0,"key":"Block Potion"}],"is_trial":false,"path_per_floor":["M","M","M","?","M","E","R","E","T","R","$","R","?","M","R","B",null,"M","?","$","?","M","R","?","E","T","$","M","E","R","M","R","B",null,"M","M","$","?","M","R","E","R","T","E","M","E","R","M","R","B","B",null,"R","$","E","B"],"character_chosen":"THE_SILENT","items_purchased":["Footwork","Bronze Scales","Crippling Poison","Footwork","Noxious Fumes","Die Die Die","Crippling Poison","Dodge and Roll","Predator"],"campfire_rested":5,"item_purchase_floors":[11,11,20,20,37,37,54,54,54],"current_hp_per_floor":[43,41,37,37,35,18,37,29,29,29,29,29,29,28,28,22,55,48,48,48,46,45,45,45,37,37,37,46,25,25,33,33,46,46,46,46,46,46,46,46,53,53,53,39,45,49,53,53,53,53,50,52,53,53,28,0],"gold":45,"neow_bonus":"ONE_RARE_RELIC","is_prod":false,"is_daily":false,"chose_seed":false,"campfire_upgraded":6,"win_rate":0,"timestamp":1556512579,"path_taken":["M","M","?","?","?","E","R","E","T","R","?","R","?","M","R","BOSS","M","?","$","?","M","R","?","E","T","$","M","E","R","?","R","BOSS","M","M","$","?","?","R","E","R","T","E","M","E","R","M","R","BOSS","BOSS","R","$","E","BOSS"],"build_version":"2019-01-23","purchased_purges":0,"victory":false,"max_hp_per_floor":[66,66,66,66,66,66,66,66,66,66,66,66,66,66,66,66,66,66,66,66,46,46,46,46,46,46,46,46,46,46,46,46,46,46,46,46,46,46,46,46,53,53,53,53,53,53,53,53,53,53,53,53,53,53,63,63],"card_choices":[{"not_picked":["Acrobatics","Prepared"],"picked":"Endless Agony","floor":1.0},{"not_picked":["Tactician","Slice"],"picked":"Caltrops","floor":1.0},{"not_picked":["Eviscerate","Underhanded Strike"],"picked":"Flying Knee","floor":2.0},{"not_picked":["Flying Knee","Setup"],"picked":"Deadly Poison","floor":2.0},{"not_picked":["Skewer","Escape Plan"],"picked":"Dagger Spray","floor":3.0},{"not_picked":["Quick Slash","Setup"],"picked":"Dash","floor":3.0},{"not_picked":["Underhanded Strike","Quick Slash"],"picked":"Poisoned Stab","floor":5.0},{"not_picked":["Choke","Dagger Throw","Skewer"],"picked":"SKIP","floor":5.0},{"not_picked":["Calculated Gamble","Sucker Punch","Infinite Blades"],"picked":"SKIP","floor":6.0},{"not_picked":["Poisoned Stab","Masterful Stab","Wraith Form v2"],"picked":"SKIP","floor":8.0},{"not_picked":["Endless Agony","Deadly Poison"],"picked":"Deflect","floor":14.0},{"not_picked":["Outmaneuver","Cloak And Dagger"],"picked":"Dodge and Roll","floor":14.0},{"not_picked":["Adrenaline","Grand Finale"],"picked":"After Image","floor":16.0},{"not_picked":["Sucker Punch","Bouncing Flask"],"picked":"Well Laid Plans+1","floor":18.0},{"not_picked":["Skewer","Endless Agony"],"picked":"Deflect+1","floor":18.0},{"not_picked":["Bane","Acrobatics"],"picked":"Crippling Poison","floor":22.0},{"not_picked":["Concentrate+1","Bane","Dagger Spray"],"picked":"SKIP","floor":22.0},{"not_picked":["Quick Slash","Outmaneuver","Storm of Steel"],"picked":"SKIP","floor":25.0},{"not_picked":["Bane+1","Slice","Dagger Spray"],"picked":"SKIP","floor":28.0},{"not_picked":["Distraction","Calculated Gamble","Flying Knee"],"picked":"SKIP","floor":28.0},{"not_picked":["Sucker Punch","Expertise","Accuracy"],"picked":"SKIP","floor":29.0},{"not_picked":["Dagger Spray","Quick Slash"],"picked":"PiercingWail","floor":31.0},{"not_picked":["Underhanded Strike","Reflex","Choke"],"picked":"SKIP","floor":31.0},{"not_picked":["Die Die Die","Phantasmal Killer"],"picked":"Malaise","floor":33.0},{"not_picked":["Slice","Caltrops"],"picked":"Dash+1","floor":35.0},{"not_picked":["Riddle With Holes+1","Flying Knee"],"picked":"Backflip","floor":35.0},{"not_picked":["Underhanded Strike","Dagger Spray"],"picked":"Catalyst+1","floor":36.0},{"not_picked":["Bane","Dagger Spray"],"picked":"Acrobatics","floor":36.0},{"not_picked":["Outmaneuver","Concentrate","Blade Dance"],"picked":"SKIP","floor":39.0},{"not_picked":["Deadly Poison","Sucker Punch","Slice"],"picked":"SKIP","floor":39.0},{"not_picked":["Skewer","Storm of Steel","Sucker Punch"],"picked":"SKIP","floor":41.0},{"not_picked":["Endless Agony+1","Acrobatics"],"picked":"Malaise","floor":44.0},{"not_picked":["Calculated Gamble","Flying Knee"],"picked":"Leg Sweep+1","floor":45.0},{"not_picked":["Endless Agony","Dagger Throw+1"],"picked":"Dodge and Roll","floor":45.0},{"not_picked":["Burst","Acrobatics"],"picked":"Blur+1","floor":46.0},{"not_picked":["Outmaneuver","Deflect+1"],"picked":"Well Laid Plans","floor":48.0},{"not_picked":["Infinite Blades","Deflect"],"picked":"Backflip","floor":48.0},{"not_picked":["Deflect","Cloak And Dagger+1"],"picked":"Venomology","floor":55.0}],"player_experience":2229620,"relics_obtained":[{"floor":6.0,"key":"Calipers"},{"floor":8.0,"key":"Bottled Tornado"},{"floor":9.0,"key":"Whetstone"},{"floor":25.0,"key":"Bag of Preparation"},{"floor":29.0,"key":"FossilizedHelix"},{"floor":41.0,"key":"Strawberry"},{"floor":43.0,"key":"Tough Bandages"},{"floor":44.0,"key":"Sundial"},{"floor":46.0,"key":"Mummified Hand"},{"floor":55.0,"key":"Pear"}],"event_choices":[{"damage_healed":0.0,"max_hp_gain":0.0,"max_hp_loss":0.0,"gold_gain":0.0,"event_name":"Accursed Blacksmith","player_choice":"Forge","floor":4.0,"gold_loss":0.0,"damage_taken":0.0,"cards_upgraded":["Dagger Spray"]},{"damage_healed":0.0,"max_hp_gain":0.0,"max_hp_loss":0.0,"gold_gain":0.0,"event_name":"Dead Adventurer","player_choice":"Searched \u00271\u0027 times","floor":13.0,"gold_loss":0.0,"damage_taken":0.0,"relics_obtained":["Omamori"]},{"damage_healed":0.0,"max_hp_gain":0.0,"max_hp_loss":0.0,"gold_gain":0.0,"event_name":"Addict","player_choice":"Stole Relic","floor":19.0,"gold_loss":0.0,"damage_taken":0.0,"relics_obtained":["Snake Skull"],"cards_obtained":["Shame"]},{"damage_healed":0.0,"max_hp_gain":0.0,"max_hp_loss":20.0,"gold_gain":0.0,"event_name":"Vampires","player_choice":"Became a vampire","floor":21.0,"gold_loss":0.0,"damage_taken":0.0,"cards_obtained":["Bite","Bite","Bite","Bite","Bite"]},{"damage_healed":0.0,"max_hp_gain":0.0,"max_hp_loss":0.0,"gold_gain":0.0,"cards_transformed":["Bite"],"event_name":"Transmorgrifier","player_choice":"Transformed","floor":24.0,"gold_loss":0.0,"damage_taken":0.0,"cards_obtained":["Violence"]},{"damage_healed":0.0,"max_hp_gain":0.0,"max_hp_loss":0.0,"gold_gain":0.0,"event_name":"Duplicator","player_choice":"Copied","floor":38.0,"gold_loss":0.0,"damage_taken":0.0,"cards_obtained":["Catalyst"]}],"is_beta":false,"boss_relics":[{"not_picked":["Tiny House","White Beast Statue"],"picked":"Sozu"},{"not_picked":["HoveringKite","Pandora\u0027s Box"],"picked":"Fusion Hammer"}],"items_purged_floors":[],"is_endless":false,"potions_floor_spawned":[3,5,8,14,16,18,25,33,39,44,48,55],"killed_by":"The Heart","ascension_level":20}