{"gold_per_floor":[144,189,219,17,62,152,197,197,222,267,267,20,65,110,110,410,410,455,500,500,136,181,271,316,316,366,441,91,91,136,136,136,136],"floor_reached":33,"playtime":5716,"items_purged":["Strike_G","Strike_G","Strike_G","Defend_G"],"score":496,"play_id":"2ccbc790-0c59-447f-b774-b8784e97693f","local_time":"20180709013048","daily_mods":["Brewmaster","Cursed Run","Midas"],"is_ascension_mode":false,"campfire_choices":[{"floor":8,"key":"REST"},{"floor":15,"key":"REST"},{"floor":29,"key":"REST"},{"floor":32,"key":"REST"}],"neow_cost":"","seed_source_timestamp":0,"circlet_count":0,"master_deck":["Defend_G","Defend_G","Defend_G","Defend_G","Strike_G","Strike_G","Survivor","Neutralize","Venomology","Venomology","Venomology","Venomology","Venomology","Leg Sweep","Flechettes","Regret","Expertise","Dodge and Roll","Malaise","Night Terror","Expertise","Pain","Acrobatics","Parasite","Doppelganger","Prepared","Regret","Bullet Time","Malaise","Malaise","Crippling Poison","Decay","Pain","Escape Plan+1"],"special_seed":17721,"relics":["Cursed Key","Darkstone Periapt","Du-Vu Doll","White Beast Statue","Tiny Chest","Ice Cream","Bag of Preparation","Runic Pyramid","TwistedFunnel","Happy Flower","Lantern","Toxic Egg 2","MealTicket"],"potions_floor_usage":[1,2,2,2,5,5,5,6,6,6,6,6,6,7,7,7,7,7,7,10,10,10,10,13,13,13,14,14,14,14,16,16,16,16,16,16,16,16,18,18,18,18,18,19,19,19,19,19,22,22,22,22,23,23,23,23,23,23,23,24,24,24,24,24,24,30,30,30,30,30,30,31,31,31,31,33,33,33,33,33,33,33,33],"damage_taken":[{"damage":0,"enemies":"Small Slimes","floor":1,"turns":5},{"damage":0,"enemies":"Jaw Worm","floor":2,"turns":4},{"damage":2,"enemies":"2 Louse","floor":5,"turns":3},{"damage":4,"enemies":"3 Sentries","floor":6,"turns":7},{"damage":0,"enemies":"Large Slime","floor":7,"turns":8},{"damage":16,"enemies":"Exordium Thugs","floor":10,"turns":4},{"damage":0,"enemies":"3 Louse","floor":13,"turns":2},{"damage":7,"enemies":"Large Slime","floor":14,"turns":6},{"damage":27,"enemies":"Hexaghost","floor":16,"turns":10},{"damage":16,"enemies":"2 Thieves","floor":18,"turns":5},{"damage":18,"enemies":"Spheric Guardian","floor":19,"turns":5},{"damage":10,"enemies":"Snake Plant","floor":22,"turns":4},{"damage":18,"enemies":"Slavers","floor":23,"turns":8},{"damage":27,"enemies":"Slaver and Parasite","floor":24,"turns":6},{"damage":27,"enemies":"Snecko","floor":30,"turns":5},{"damage":20,"enemies":"Sentry and Sphere","floor":31,"turns":5},{"damage":32,"enemies":"Champ","floor":33,"turns":5}],"seed_played":"2365577451791200373","potions_obtained":[{"floor":1,"key":"PowerPotion"},{"floor":2,"key":"LiquidBronze"},{"floor":5,"key":"Energy Potion"},{"floor":6,"key":"Block Potion"},{"floor":7,"key":"SkillPotion"},{"floor":10,"key":"Block Potion"},{"floor":13,"key":"FearPotion"},{"floor":14,"key":"SpeedPotion"},{"floor":16,"key":"Dexterity Potion"},{"floor":18,"key":"GamblersBrew"},{"floor":19,"key":"SkillPotion"},{"floor":22,"key":"Block Potion"},{"floor":23,"key":"Block Potion"},{"floor":24,"key":"Block Potion"},{"floor":25,"key":"Fire Potion"},{"floor":25,"key":"FearPotion"},{"floor":30,"key":"PowerPotion"}],"is_trial":false,"path_per_floor":["M","M","?","$","M","E","M","R","T","M","?","$","M","M","R","B",null,"M","M","?","$","M","E","M","?","T","T","$","R","M","M","R"],"character_chosen":"THE_SILENT","items_purchased":["Expertise","Dodge and Roll","Doppelganger","TwistedFunnel","Malaise","MealTicket"],"campfire_rested":4,"item_purchase_floors":[4,4,12,21,21,28],"current_hp_per_floor":[70,70,76,76,74,73,73,76,82,66,88,88,88,81,88,67,94,78,60,60,60,50,32,5,5,11,17,17,48,21,1,32,0],"gold":136,"neow_bonus":"","is_prod":false,"is_daily":true,"chose_seed":false,"campfire_upgraded":0,"win_rate":0.0,"timestamp":1531117848,"path_taken":["M","M","?","$","M","E","M","R","T","M","?","$","M","M","R","BOSS","M","M","?","$","M","E","M","?","T","?","?","R","M","M","R","BOSS"],"build_version":"2018-07-05","purchased_purges":4,"victory":false,"max_hp_per_floor":[70,70,76,76,76,76,76,76,82,82,88,88,88,88,88,94,94,94,94,94,94,94,94,94,94,100,106,106,106,106,106,106,106],"card_choices":[{"not_picked":["Dagger Spray","Flying Knee"],"picked":"Leg Sweep","floor":1},{"not_picked":["Dagger Spray","Underhanded Strike"],"picked":"Flechettes","floor":2},{"not_picked":["Backflip","Sucker Punch"],"picked":"Malaise","floor":5},{"not_picked":["Prepared","Dodge and Roll"],"picked":"Night Terror","floor":6},{"not_picked":["Bouncing Flask","Bane"],"picked":"Expertise","floor":7},{"not_picked":["Blade Dance","Choke"],"picked":"Acrobatics","floor":10},{"not_picked":["Slice","All Out Attack"],"picked":"Prepared","floor":13},{"not_picked":["All Out Attack","Choke","Slice"],"picked":"SKIP","floor":14},{"not_picked":["Glass Knife","Grand Finale"],"picked":"Bullet Time","floor":16},{"not_picked":["Poisoned Stab","Dagger Throw","Acrobatics"],"picked":"SKIP","floor":18},{"not_picked":["Skewer","Infinite Blades"],"picked":"Malaise","floor":19},{"not_picked":["Deadly Poison","Bane","Riddle With Holes"],"picked":"SKIP","floor":22},{"not_picked":["Deflect","Blade Dance"],"picked":"Crippling Poison","floor":23},{"not_picked":["Malaise","Envenom","Flying Knee+1"],"picked":"SKIP","floor":24},{"not_picked":["Catalyst+1","Infinite Blades"],"picked":"Escape Plan+1","floor":30}],"player_experience":18928,"relics_obtained":[{"floor":6,"key":"Ice Cream"},{"floor":9,"key":"Bag of Preparation"},{"floor":23,"key":"Happy Flower"},{"floor":26,"key":"Lantern"},{"floor":27,"key":"Toxic Egg 2"}],"event_choices":[{"event_name":"Big Fish","player_choice":"Box","floor":3,"damage_taken":0},{"event_name":"Mushrooms","player_choice":"Healed and dodged fight","floor":11,"damage_taken":0},{"event_name":"Ghosts","player_choice":"Ignored","floor":20,"damage_taken":0},{"event_name":"The Lab","player_choice":"Got Potions","floor":25,"damage_taken":0}],"boss_relics":[{"not_picked":["Eternal Feather","Tiny House"],"picked":"Runic Pyramid"}],"items_purged_floors":[4,12,21,28],"is_endless":false,"potions_floor_spawned":[1,2,5,6,7,10,13,14,16,18,19,22,23,24,30,31],"killed_by":"Champ","ascension_level":0}