{"gold_per_floor":[111,124,139,155,173,198,198,215,293,293,306,36,51,108,108,205,205,224,241,241,257,270,270,283,299,323,351,351,371,384,263,263,358,408,423,439,363,378,389,389,389,389],"floor_reached":42,"playtime":1520,"items_purged":["Strike_R"],"score":754,"play_id":"454bb943-5f90-424b-a6ac-94750a12df06","local_time":"20190518213615","is_ascension_mode":true,"campfire_choices":[{"floor":7.0,"key":"REST"},{"data":"Whirlwind","floor":10.0,"key":"SMITH"},{"floor":15.0,"key":"REST"},{"floor":23.0,"key":"REST"},{"floor":28.0,"key":"REST"},{"floor":32.0,"key":"REST"},{"floor":40.0,"key":"REST"}],"neow_cost":"NONE","seed_source_timestamp":220049585271784,"circlet_count":0,"master_deck":["AscendersBane","Strike_R","Strike_R","Strike_R","Strike_R","Defend_R","Defend_R","Defend_R","Defend_R+1","Bash+1","Pommel Strike","Shrug It Off","Whirlwind+1","Double Tap","Carnage","Inflame","Flame Barrier","Metallicize","Demon Form","Reaper","Flex","Twin Strike","Disarm","Shrug It Off","Limit Break","Whirlwind","Dark Shackles"],"special_seed":0,"relics":["Burning Blood","Strawberry","Singing Bowl","Chemical X","Tiny Chest","Fusion Hammer","Regal Pillow","Calipers","Tiny House"],"potions_floor_usage":[42,42],"damage_taken":[{"damage":7.0,"enemies":"Jaw Worm","floor":1.0,"turns":3.0},{"damage":7.0,"enemies":"Small Slimes","floor":2.0,"turns":3.0},{"damage":1.0,"enemies":"Cultist","floor":3.0,"turns":3.0},{"damage":11.0,"enemies":"Blue Slaver","floor":4.0,"turns":5.0},{"damage":38.0,"enemies":"Lots of Slimes","floor":5.0,"turns":5.0},{"damage":30.0,"enemies":"3 Sentries","floor":6.0,"turns":5.0},{"damage":16.0,"enemies":"3 Louse","floor":8.0,"turns":3.0},{"damage":17.0,"enemies":"Large Slime","floor":11.0,"turns":6.0},{"damage":11.0,"enemies":"Red Slaver","floor":13.0,"turns":2.0},{"damage":16.0,"enemies":"Gremlin Nob","floor":14.0,"turns":3.0},{"damage":22.0,"enemies":"Hexaghost","floor":16.0,"turns":6.0},{"damage":0.0,"enemies":"Spheric Guardian","floor":18.0,"turns":1.0},{"damage":26.0,"enemies":"Chosen","floor":19.0,"turns":6.0},{"damage":1.0,"enemies":"3 Cultists","floor":21.0,"turns":3.0},{"damage":18.0,"enemies":"Centurion and Healer","floor":22.0,"turns":6.0},{"damage":31.0,"enemies":"Shelled Parasite and Fungi","floor":24.0,"turns":6.0},{"damage":7.0,"enemies":"Snecko","floor":25.0,"turns":4.0},{"damage":86.0,"enemies":"Slavers","floor":27.0,"turns":8.0},{"damage":46.0,"enemies":"Snake Plant","floor":29.0,"turns":5.0},{"damage":32.0,"enemies":"Cultist and Chosen","floor":30.0,"turns":8.0},{"damage":84.0,"enemies":"Collector","floor":33.0,"turns":8.0},{"damage":29.0,"enemies":"3 Darklings","floor":35.0,"turns":4.0},{"damage":21.0,"enemies":"Orb Walker","floor":36.0,"turns":3.0},{"damage":20.0,"enemies":"3 Darklings","floor":38.0,"turns":2.0},{"damage":62.0,"enemies":"Spire Growth","floor":39.0,"turns":6.0},{"damage":84,"enemies":"Giant Head","floor":42,"turns":7}],"seed_played":"2673924158724250614","potions_obtained":[{"floor":5.0,"key":"PowerPotion"},{"floor":8.0,"key":"SpeedPotion"},{"floor":13.0,"key":"Strength Potion"},{"floor":22.0,"key":"EssenceOfSteel"},{"floor":24.0,"key":"EssenceOfSteel"}],"is_trial":false,"path_per_floor":["M","M","M","M","M","E","R","M","T","R","M","$","M","E","R","B",null,"M","M","?","M","M","R","M","M","T","E","R","M","M","$","R","B",null,"M","M","$","M","M","R","?","E"],"character_chosen":"IRONCLAD","items_purchased":["Chemical X","Metallicize","Shrug It Off","Whirlwind"],"campfire_rested":6,"item_purchase_floors":[12,12,31,37],"current_hp_per_floor":[71,70,75,70,38,21,47,37,37,37,26,26,23,13,39,23,73,81,63,63,68,76,93,79,94,94,24,68,37,23,23,68,14,86,89,77,77,65,11,60,60,0],"gold":389,"neow_bonus":"UPGRADE_CARD","is_prod":false,"is_daily":false,"chose_seed":false,"campfire_upgraded":1,"win_rate":0,"timestamp":1558186575,"path_taken":["M","M","M","M","M","E","R","M","T","R","M","$","M","E","R","BOSS","M","M","?","M","M","R","M","M","T","E","R","M","M","$","R","BOSS","M","M","$","M","M","R","?","E"],"build_version":"2019-01-23","purchased_purges":1,"victory":false,"max_hp_per_floor":[80,80,80,80,80,87,87,87,87,87,87,87,89,89,89,89,89,91,93,93,93,93,93,95,97,97,99,99,101,101,101,101,101,108,110,112,112,114,116,116,116,116],"card_choices":[{"not_picked":["Twin Strike","Body Slam"],"picked":"Pommel Strike","floor":1.0},{"not_picked":["Pommel Strike","Sword Boomerang"],"picked":"Shrug It Off","floor":2.0},{"not_picked":["Rupture","Burning Pact","Uppercut"],"picked":"SKIP","floor":3.0},{"not_picked":["Clash","Feel No Pain"],"picked":"Whirlwind","floor":4.0},{"not_picked":["Cleave","Perfected Strike"],"picked":"Double Tap","floor":5.0},{"not_picked":["Heavy Blade","Clothesline"],"picked":"Carnage","floor":6.0},{"not_picked":["Rampage","True Grit"],"picked":"Inflame","floor":8.0},{"not_picked":["Clothesline","Evolve"],"picked":"Flame Barrier","floor":11.0},{"not_picked":["Clothesline","Heavy Blade","Ghostly Armor"],"picked":"Singing Bowl","floor":13.0},{"not_picked":["Perfected Strike","Sword Boomerang"],"picked":"Demon Form","floor":14.0},{"not_picked":["Barricade","Brutality"],"picked":"Reaper","floor":16.0},{"not_picked":["Wild Strike","Headbutt","Warcry"],"picked":"Singing Bowl","floor":18.0},{"not_picked":["Perfected Strike+1","Pommel Strike","Cleave"],"picked":"Singing Bowl","floor":19.0},{"not_picked":["Carnage","Clothesline"],"picked":"Flex","floor":21.0},{"not_picked":["Flex+1","Sword Boomerang"],"picked":"Twin Strike","floor":22.0},{"not_picked":["Rupture+1","Feed","Dual Wield"],"picked":"Singing Bowl","floor":24.0},{"not_picked":["Carnage","Perfected Strike","Flex"],"picked":"Singing Bowl","floor":25.0},{"not_picked":["Feel No Pain","Searing Blow","Rupture"],"picked":"Singing Bowl","floor":27.0},{"not_picked":["Warcry","Sword Boomerang","Intimidate"],"picked":"Singing Bowl","floor":29.0},{"not_picked":["Anger+1","Pommel Strike"],"picked":"Disarm","floor":30.0},{"not_picked":["Dark Embrace","Barricade"],"picked":"Limit Break","floor":33.0},{"not_picked":["Shrug It Off","Sword Boomerang","Reckless Charge"],"picked":"Singing Bowl","floor":34.0},{"not_picked":["Disarm","Pommel Strike","Anger"],"picked":"Singing Bowl","floor":35.0},{"not_picked":["Body Slam","Infernal Blade","Combust"],"picked":"Singing Bowl","floor":36.0},{"not_picked":["Dropkick","Havoc","Pommel Strike+1"],"picked":"Singing Bowl","floor":38.0},{"not_picked":["Clothesline","Pummel","Twin Strike"],"picked":"Singing Bowl","floor":39.0},{"not_picked":["Jack Of All Trades","PanicButton"],"picked":"Dark Shackles","floor":41.0}],"player_experience":750045,"relics_obtained":[{"floor":6.0,"key":"Strawberry"},{"floor":9.0,"key":"Singing Bowl"},{"floor":14.0,"key":"Tiny Chest"},{"floor":26.0,"key":"Regal Pillow"},{"floor":27.0,"key":"Calipers"}],"event_choices":[{"damage_healed":0.0,"max_hp_gain":0.0,"max_hp_loss":0.0,"gold_gain":0.0,"event_name":"Vampires","player_choice":"Ignored","floor":20.0,"gold_loss":0.0,"damage_taken":0.0},{"damage_healed":0.0,"max_hp_gain":0.0,"max_hp_loss":0.0,"gold_gain":0.0,"event_name":"SensoryStone","player_choice":"Memory 1","floor":41.0,"gold_loss":0.0,"damage_taken":0.0}],"is_beta":false,"boss_relics":[{"not_picked":["Empty Cage","Pandora\u0027s Box"],"picked":"Fusion Hammer"},{"not_picked":["Busted Crown","Runic Dome"],"picked":"Tiny House"}],"items_purged_floors":[31],"is_endless":false,"potions_floor_spawned":[5,8,13,16,18,22,24,30,33,35],"killed_by":"Giant Head","ascension_level":12}