{"gold_per_floor":[367,367,381,396,32,32,67,46,46,46,46,59,84,84,84,159,159,175,175,90,109,129,129,146,99,178,178,204,237,237,237,237,316,316,330,330,30,43,43,43,75,86,86,86,119,133,28,28,28,28,28,28,28,28,63,63],"floor_reached":56,"playtime":2749,"items_purged":["Strike_G"],"score":2052,"play_id":"522e7325-a923-4db2-b928-65c1a09d165c","local_time":"20190427151706","is_ascension_mode":true,"campfire_choices":[{"data":"Dagger Spray","floor":6,"key":"SMITH"},{"floor":10,"key":"REST"},{"data":"Malaise","floor":15,"key":"SMITH"},{"data":"After Image","floor":23,"key":"SMITH"},{"data":"Footwork","floor":27,"key":"SMITH"},{"data":"Neutralize","floor":30,"key":"SMITH"},{"data":"Blur","floor":32,"key":"SMITH"},{"data":"Neutralize","floor":40,"key":"SMITH"},{"data":"Dash","floor":44,"key":"SMITH"},{"floor":49,"key":"RECALL"},{"data":"Survivor","floor":53,"key":"SMITH"}],"neow_cost":"TEN_PERCENT_HP_LOSS","seed_source_timestamp":1093681952627864,"circlet_count":0,"master_deck":["AscendersBane","Defend_G+1","Defend_G+1","Defend_G+1","Defend_G+1","Defend_G+1","Strike_G+1","Strike_G+1","Strike_G+1","Survivor+1","Neutralize+1","Blur+1","Deadly Poison","Deadly Poison","Footwork+1","Malaise+1","Deadly Poison+1","Crippling Poison+1","After Image+1","Leg Sweep+1","Dodge and Roll+1","PiercingWail+1","PiercingWail+1","Dodge and Roll+1","Dodge and Roll+1","Envenom+1","Well Laid Plans+1","Backflip+1","Escape Plan+1","Corpse Explosion+1","Calculated Gamble+1","PiercingWail+1","Acrobatics+1","Dodge and Roll+1","Neutralize+1","Dash+1","Envenom+1","Backflip+1","Tactician+1","Prepared+1","After Image+1"],"relics":["Ring of the Snake","TwistedFunnel","Potion Belt","Toxic Egg 2","WingedGreaves","Mango","Coffee Dripper","The Courier","Frozen Egg 2","Thread and Needle","PreservedInsect","Orrery","Mummified Hand","Prayer Wheel","Whetstone","Unceasing Top"],"potions_floor_usage":[7,13,28,33,33,41,46,55,56,56],"damage_taken":[{"damage":1,"enemies":"Small Slimes","floor":1,"turns":5},{"damage":1,"enemies":"Cultist","floor":3,"turns":4},{"damage":3,"enemies":"2 Louse","floor":4,"turns":2},{"damage":25,"enemies":"Lagavulin","floor":7,"turns":6},{"damage":13,"enemies":"Exordium Thugs","floor":8,"turns":4},{"damage":0,"enemies":"Red Slaver","floor":12,"turns":5},{"damage":17,"enemies":"3 Sentries","floor":13,"turns":9},{"damage":4,"enemies":"The Guardian","floor":16,"turns":9},{"damage":0,"enemies":"Spheric Guardian","floor":18,"turns":3},{"damage":2,"enemies":"2 Thieves","floor":21,"turns":4},{"damage":9,"enemies":"Snake Plant","floor":22,"turns":5},{"damage":0,"enemies":"Sentry and Sphere","floor":24,"turns":4},{"damage":10,"enemies":"Slavers","floor":28,"turns":5},{"damage":12,"enemies":"Gremlin Leader","floor":29,"turns":7},{"damage":0,"enemies":"Automaton","floor":33,"turns":12},{"damage":0,"enemies":"3 Shapes","floor":35,"turns":2},{"damage":4,"enemies":"3 Darklings","floor":38,"turns":4},{"damage":47,"enemies":"Reptomancer","floor":41,"turns":8},{"damage":7,"enemies":"4 Shapes","floor":42,"turns":6},{"damage":12,"enemies":"Nemesis","floor":45,"turns":9},{"damage":0,"enemies":"Writhing Mass","floor":46,"turns":8},{"damage":2,"enemies":"Time Eater","floor":50,"turns":23},{"damage":6,"enemies":"Awakened One","floor":51,"turns":24},{"damage":8,"enemies":"Shield and Spear","floor":55,"turns":9},{"damage":59,"enemies":"The Heart","floor":56,"turns":14}],"seed_played":"-8381645851551032219","potions_obtained":[{"floor":1,"key":"GamblersBrew"},{"floor":4,"key":"Fruit Juice"},{"floor":12,"key":"EssenceOfSteel"},{"floor":13,"key":"PowerPotion"},{"floor":16,"key":"SpeedPotion"},{"floor":21,"key":"PowerPotion"},{"floor":24,"key":"Weak Potion"},{"floor":33,"key":"Weak Potion"},{"floor":38,"key":"Energy Potion"},{"floor":42,"key":"SteroidPotion"},{"floor":45,"key":"GhostInAJar"}],"is_trial":false,"path_per_floor":["M","?","M","M","$","R","E","M","T","R","?","M","E","?","R","B",null,"M","?","?","M","M","R","M","$","T","R","E","E","R","?","R","B",null,"M","?","$","M","?","R","E","M","T","R","E","M","$","?","R","B","B",null,"R","$","E","B"],"character_chosen":"THE_SILENT","items_purchased":["TwistedFunnel","Deadly Poison","Dodge and Roll+1","Mummified Hand","Acrobatics+1","Dodge and Roll+1","After Image+1","Dexterity Potion"],"campfire_rested":1,"item_purchase_floors":[5,5,25,37,37,37,47,47],"current_hp_per_floor":[58,63,62,59,59,59,39,26,26,47,47,47,44,37,37,33,71,71,71,71,69,60,60,60,60,60,60,50,38,38,38,38,38,73,73,73,73,69,69,69,22,15,15,15,3,3,3,69,69,67,61,67,67,67,59,0],"gold":63,"neow_bonus":"TWO_FIFTY_GOLD","is_prod":false,"is_daily":false,"chose_seed":false,"campfire_upgraded":9,"win_rate":0,"timestamp":1556389026,"path_taken":["M","?","M","M","$","R","E","M","T","R","?","?","E","?","R","BOSS","M","?","?","?","M","R","M","?","T","R","E","E","R","?","R","BOSS","M","?","$","M","?","R","E","?","T","R","E","M","?","?","R","BOSS","BOSS","R","$","E","BOSS"],"build_version":"2019-01-23","purchased_purges":1,"victory":false,"max_hp_per_floor":[60,65,65,65,65,65,70,70,70,70,70,70,84,84,84,84,84,84,84,84,84,84,84,84,84,84,84,84,84,84,84,84,84,84,84,84,84,84,84,84,84,84,84,84,84,84,84,69,69,69,69,69,69,69,69,69],"card_choices":[{"not_picked":["Flechettes","Prepared"],"picked":"Dagger Spray","floor":1},{"not_picked":["Eviscerate","Catalyst"],"picked":"Blur","floor":3},{"not_picked":["Backstab","Slice"],"picked":"Deadly Poison","floor":4},{"not_picked":["Deflect","Dash"],"picked":"Footwork","floor":7},{"not_picked":["Slice","Blade Dance"],"picked":"Malaise","floor":8},{"not_picked":["Cloak And Dagger+1","Acrobatics+1"],"picked":"Deadly Poison+1","floor":12},{"not_picked":["Bane","Sucker Punch"],"picked":"Crippling Poison+1","floor":13},{"not_picked":["Venomology+1","Die Die Die"],"picked":"After Image","floor":16},{"not_picked":["Dodge and Roll+1","Bane"],"picked":"Leg Sweep+1","floor":18},{"not_picked":["Bane","Noxious Fumes"],"picked":"Dodge and Roll+1","floor":21},{"not_picked":["Finisher","Masterful Stab"],"picked":"PiercingWail+1","floor":22},{"not_picked":["Bane","Underhanded Strike"],"picked":"PiercingWail+1","floor":24},{"not_picked":["Prepared+1","Predator"],"picked":"Dodge and Roll+1","floor":28},{"not_picked":["Masterful Stab","Finisher","Prepared+1"],"picked":"SKIP","floor":29},{"not_picked":["Phantasmal Killer+1","Tools of the Trade+1"],"picked":"Envenom+1","floor":33},{"not_picked":["Prepared+1","Slice"],"picked":"Well Laid Plans+1","floor":34},{"not_picked":["Poisoned Stab","Quick Slash"],"picked":"Backflip+1","floor":34},{"not_picked":["Underhanded Strike+1","Prepared+1"],"picked":"Escape Plan+1","floor":34},{"not_picked":["Accuracy+1","Slice"],"picked":"Corpse Explosion+1","floor":34},{"not_picked":["Bane","Prepared+1"],"picked":"Calculated Gamble+1","floor":34},{"not_picked":["Outmaneuver+1","Acrobatics+1"],"picked":"PiercingWail+1","floor":35},{"not_picked":["Blade Dance+1","Eviscerate+1","Sucker Punch"],"picked":"SKIP","floor":38},{"not_picked":["Dagger Spray","Dagger Throw"],"picked":"Envenom+1","floor":41},{"not_picked":["Blade Dance+1","Leg Sweep+1"],"picked":"Backflip+1","floor":42},{"not_picked":["Slice","Prepared+1","Poisoned Stab"],"picked":"SKIP","floor":42},{"not_picked":["Finisher","Poisoned Stab","Flying Knee+1"],"picked":"SKIP","floor":45},{"not_picked":["Dagger Throw","Riddle With Holes"],"picked":"Tactician+1","floor":46},{"not_picked":["Sucker Punch","Dodge and Roll+1"],"picked":"Prepared+1","floor":46},{"not_picked":["Underhanded Strike+1","Cloak And Dagger+1","Setup+1"],"picked":"SKIP","floor":55}],"player_experience":2198066,"relics_obtained":[{"floor":7,"key":"Potion Belt"},{"floor":9,"key":"Toxic Egg 2"},{"floor":13,"key":"Mango"},{"floor":26,"key":"Frozen Egg 2"},{"floor":28,"key":"Thread and Needle"},{"floor":29,"key":"PreservedInsect"},{"floor":41,"key":"Prayer Wheel"},{"floor":45,"key":"Whetstone"},{"floor":55,"key":"Unceasing Top"}],"event_choices":[{"damage_healed":0,"gold_gain":0,"player_choice":"Donut","damage_taken":0,"max_hp_gain":5,"max_hp_loss":0,"event_name":"Big Fish","floor":2,"gold_loss":0},{"damage_healed":0,"gold_gain":0,"player_choice":"Gave Potion","damage_taken":0,"relics_obtained":["WingedGreaves"],"max_hp_gain":0,"max_hp_loss":0,"event_name":"WeMeetAgain","floor":11,"gold_loss":0},{"cards_removed":["Strike_G"],"damage_healed":0,"gold_gain":0,"player_choice":"Card Removal","damage_taken":7,"max_hp_gain":0,"max_hp_loss":0,"event_name":"Golden Wing","floor":14,"gold_loss":0},{"damage_healed":0,"gold_gain":0,"player_choice":"Simplicity","damage_taken":0,"max_hp_gain":0,"max_hp_loss":0,"event_name":"Back to Basics","floor":19,"gold_loss":0,"cards_upgraded":["Defend_G","Defend_G","Defend_G","Defend_G","Defend_G","Strike_G","Strike_G","Strike_G"]},{"damage_healed":0,"gold_gain":0,"player_choice":"Obtained Relic","damage_taken":0,"relics_obtained":["The Courier"],"max_hp_gain":0,"max_hp_loss":0,"event_name":"Addict","floor":20,"gold_loss":85},{"damage_healed":0,"gold_gain":0,"player_choice":"Ignored","damage_taken":0,"max_hp_gain":0,"max_hp_loss":0,"event_name":"The Mausoleum","floor":31,"gold_loss":0},{"cards_removed":["Dagger Spray"],"damage_healed":0,"gold_gain":0,"player_choice":"Removed Attack","damage_taken":0,"max_hp_gain":0,"max_hp_loss":0,"event_name":"Falling","floor":36,"gold_loss":0},{"damage_healed":0,"gold_gain":0,"player_choice":"2 cards matched","damage_taken":0,"max_hp_gain":0,"max_hp_loss":0,"event_name":"Match and Keep!","floor":39,"gold_loss":0,"cards_obtained":["Neutralize","Dash"]},{"damage_healed":69,"gold_gain":0,"player_choice":"Heal","damage_taken":0,"max_hp_gain":0,"max_hp_loss":15,"event_name":"The Moai Head","floor":48,"gold_loss":0}],"is_beta":false,"boss_relics":[{"not_picked":["Black Star","Runic Dome"],"picked":"Coffee Dripper"},{"not_picked":["Astrolabe","Eternal Feather"],"picked":"Orrery"}],"items_purged_floors":[5],"is_endless":false,"potions_floor_spawned":[1,4,12,13,16,21,24,33,38,42,45],"killed_by":"The Heart","ascension_level":20}