{"gold_per_floor":[118,133,145,145,157,173,198,198,198,198,256,212,242,115,115,211,211,151,151,151,24,24,24,24,24,24,24,24,24,24,24,24,24],"floor_reached":33,"playtime":1297,"items_purged":[],"score":411,"play_id":"8e046dca-9c2b-4bdd-9467-a198927a71db","local_time":"20190519112150","is_ascension_mode":true,"campfire_choices":[{"data":"Limit Break","floor":8.0,"key":"SMITH"},{"floor":10.0,"key":"REST"},{"data":"Disarm","floor":15.0,"key":"SMITH"},{"floor":23.0,"key":"REST"},{"data":"Limit Break","floor":25.0,"key":"SMITH"},{"floor":29.0,"key":"REST"},{"floor":32.0,"key":"REST"}],"neow_cost":"NONE","seed_source_timestamp":40367916540394,"circlet_count":0,"master_deck":["AscendersBane","Strike_R","Strike_R","Strike_R","Strike_R","Strike_R","Defend_R","Defend_R","Defend_R","Defend_R","Bash","Limit Break+1","Cleave","Armaments","Flame Barrier","Ghostly Armor","Inflame","Metallicize","Iron Wave","Disarm+1","Flame Barrier","Offering","Shrug It Off","Body Slam+1","True Grit","Limit Break+1","True Grit+1","Warcry+1"],"special_seed":0,"relics":["Burning Blood","Mummified Hand","Question Card","Singing Bowl","Matryoshka","Ectoplasm","Potion Belt","Red Skull","Orichalcum"],"potions_floor_usage":[33],"damage_taken":[{"damage":6.0,"enemies":"Cultist","floor":1.0,"turns":3.0},{"damage":4.0,"enemies":"Small Slimes","floor":2.0,"turns":3.0},{"damage":14.0,"enemies":"Jaw Worm","floor":3.0,"turns":3.0},{"damage":27.0,"enemies":"Exordium Wildlife","floor":5.0,"turns":8.0},{"damage":3.0,"enemies":"Blue Slaver","floor":6.0,"turns":6.0},{"damage":30.0,"enemies":"3 Sentries","floor":7.0,"turns":6.0},{"damage":20.0,"enemies":"Gremlin Nob","floor":11.0,"turns":4.0},{"damage":16.0,"enemies":"Gremlin Nob","floor":13.0,"turns":5.0},{"damage":14.0,"enemies":"The Guardian","floor":16.0,"turns":15.0},{"damage":18.0,"enemies":"2 Thieves","floor":18.0,"turns":4.0},{"damage":15.0,"enemies":"Spheric Guardian","floor":20.0,"turns":4.0},{"damage":26.0,"enemies":"Cultist and Chosen","floor":22.0,"turns":8.0},{"damage":23.0,"enemies":"Centurion and Healer","floor":27.0,"turns":9.0},{"damage":22.0,"enemies":"Chosen and Byrds","floor":28.0,"turns":8.0},{"damage":13.0,"enemies":"3 Cultists","floor":30.0,"turns":5.0},{"damage":66,"enemies":"Automaton","floor":33,"turns":8}],"seed_played":"-7299377668969112758","potions_obtained":[{"floor":3.0,"key":"Strength Potion"},{"floor":5.0,"key":"BloodPotion"},{"floor":6.0,"key":"Fire Potion"},{"floor":7.0,"key":"Explosive Potion"},{"floor":16.0,"key":"Energy Potion"},{"floor":27.0,"key":"Weak Potion"},{"floor":28.0,"key":"Strength Potion"}],"is_trial":false,"path_per_floor":["M","M","M","$","M","M","E","R","T","R","?","?","E","$","R","B",null,"M","?","M","$","M","R","$","R","T","M","M","R","M","$","R","B"],"character_chosen":"IRONCLAD","items_purchased":["Dexterity Potion","Flame Barrier","True Grit","Limit Break"],"campfire_rested":4,"item_purchase_floors":[14,14,21,21],"current_hp_per_floor":[72,74,66,66,45,56,32,32,32,56,42,42,32,32,32,24,66,54,54,45,45,27,51,51,51,51,36,20,45,38,38,63,0],"gold":24,"neow_bonus":"ONE_RANDOM_RARE_CARD","is_prod":false,"is_daily":false,"chose_seed":false,"campfire_upgraded":3,"win_rate":0,"timestamp":1558236110,"path_taken":["M","M","?","$","M","M","E","R","T","R","?","?","E","?","R","BOSS","M","?","M","$","M","R","?","R","T","M","M","R","M","$","R","BOSS"],"build_version":"2019-01-23","purchased_purges":0,"victory":false,"max_hp_per_floor":[80,80,80,80,80,80,80,80,80,80,80,80,80,80,80,80,80,80,80,80,80,82,82,82,82,82,84,84,84,84,84,84,84],"card_choices":[{"not_picked":["Twin Strike","Anger"],"picked":"Cleave","floor":1.0},{"not_picked":["Pommel Strike","Cleave"],"picked":"Armaments","floor":2.0},{"not_picked":["Shockwave","Havoc"],"picked":"Flame Barrier","floor":3.0},{"not_picked":["Anger","Entrench"],"picked":"Ghostly Armor","floor":5.0},{"not_picked":["Perfected Strike","Barricade"],"picked":"Inflame","floor":6.0},{"not_picked":["Pummel","Shockwave"],"picked":"Metallicize","floor":7.0},{"not_picked":["Perfected Strike","Flex","Armaments"],"picked":"Iron Wave","floor":11.0},{"not_picked":["Power Through","Havoc","Dual Wield"],"picked":"Disarm","floor":13.0},{"not_picked":["Limit Break","Brutality","Feed"],"picked":"Offering","floor":16.0},{"not_picked":["Wild Strike","Perfected Strike","Anger"],"picked":"Shrug It Off","floor":18.0},{"not_picked":["Disarm","Second Wind+1","Flex"],"picked":"Body Slam+1","floor":20.0},{"not_picked":["Uppercut","Clothesline","Shrug It Off","Juggernaut"],"picked":"Singing Bowl","floor":22.0},{"not_picked":["Clothesline","Perfected Strike","Body Slam","Pommel Strike"],"picked":"Singing Bowl","floor":27.0},{"not_picked":["Twin Strike","Body Slam","Havoc"],"picked":"True Grit+1","floor":28.0},{"not_picked":["Power Through","Havoc","Clash"],"picked":"Warcry+1","floor":30.0}],"player_experience":751565,"relics_obtained":[{"floor":7.0,"key":"Mummified Hand"},{"floor":9.0,"key":"Question Card"},{"floor":11.0,"key":"Singing Bowl"},{"floor":13.0,"key":"Matryoshka"},{"floor":19.0,"key":"Potion Belt"},{"floor":26.0,"key":"Red Skull"},{"floor":26.0,"key":"Orichalcum"}],"event_choices":[{"damage_healed":0.0,"max_hp_gain":0.0,"max_hp_loss":0.0,"gold_gain":0.0,"event_name":"Dead Adventurer","player_choice":"Searched \u00271\u0027 times","floor":11.0,"gold_loss":0.0,"damage_taken":0.0},{"damage_healed":0.0,"max_hp_gain":0.0,"max_hp_loss":0.0,"gold_gain":0.0,"event_name":"World of Goop","player_choice":"Left Gold","floor":12.0,"gold_loss":44.0,"damage_taken":0.0},{"damage_healed":0.0,"max_hp_gain":0.0,"max_hp_loss":0.0,"gold_gain":0.0,"event_name":"Wheel of Change","player_choice":"Relic","floor":19.0,"gold_loss":0.0,"damage_taken":0.0}],"is_beta":false,"boss_relics":[{"not_picked":["Lizard Tail","White Beast Statue"],"picked":"Ectoplasm"}],"items_purged_floors":[],"is_endless":false,"potions_floor_spawned":[3,5,6,7,16,27,28],"killed_by":"Automaton","ascension_level":12}