{"gold_per_floor":[115,134,145,95,20,20,32,32,32,49,49,61,71,104,104,207,207,217,231,231,246,53,87,87,87,87,106,106,126,28,46,46,142,142,162,14,33,33,0,0,10,10,61,76,76,91,105,17,17,17],"floor_reached":50,"playtime":6772,"items_purged":["Defend_R","Bash"],"score":493,"play_id":"3a1137e5-c714-4f75-8f14-f87610a7f6d8","local_time":"20180711000119","is_ascension_mode":false,"campfire_choices":[{"data":"Clash","floor":6,"key":"SMITH"},{"data":"Clash","floor":15,"key":"SMITH"},{"data":"Anger","floor":25,"key":"SMITH"},{"floor":28,"key":"REST"},{"floor":32,"key":"REST"},{"data":"Perfected Strike","floor":40,"key":"SMITH"},{"floor":42,"key":"REST"},{"floor":45,"key":"REST"},{"data":"Perfected Strike","floor":49,"key":"SMITH"}],"neow_cost":"NONE","seed_source_timestamp":98969608645639,"circlet_count":0,"master_deck":["Strike_R","Strike_R","Strike_R","Strike_R","Strike_R","Clash+1","Pommel Strike","Rampage","Pommel Strike","Clash+1","Warcry+1","Reaper","Rage","Battle Trance","Anger+1","Finesse","Perfected Strike+1","Bloodletting+1","Flex","Pommel Strike","Bludgeon","Pommel Strike+1","Infernal Blade+1","Infernal Blade+1","Anger+1","Warcry+1","Perfected Strike+1","Finesse"],"relics":["Burning Blood","Pantograph","Ginger","Runic Pyramid","Pear","Matryoshka","Eternal Feather","Dream Catcher","Red Mask","War Paint","Happy Flower"],"potions_floor_usage":[16,16,23,23,33,33,41,47,50],"damage_taken":[{"damage":5,"enemies":"Cultist","floor":1,"turns":4},{"damage":5,"enemies":"Jaw Worm","floor":2,"turns":4},{"damage":3,"enemies":"Small Slimes","floor":3,"turns":4},{"damage":0,"enemies":"Exordium Wildlife","floor":7,"turns":3},{"damage":0,"enemies":"2 Fungi Beasts","floor":10,"turns":2},{"damage":0,"enemies":"Large Slime","floor":12,"turns":3},{"damage":12,"enemies":"Blue Slaver","floor":13,"turns":2},{"damage":13,"enemies":"Lagavulin","floor":14,"turns":3},{"damage":36,"enemies":"The Guardian","floor":16,"turns":5},{"damage":13,"enemies":"3 Byrds","floor":18,"turns":4},{"damage":19,"enemies":"2 Thieves","floor":19,"turns":4},{"damage":26,"enemies":"Snecko","floor":21,"turns":5},{"damage":53,"enemies":"Slavers","floor":23,"turns":6},{"damage":18,"enemies":"Centurion and Healer","floor":27,"turns":3},{"damage":31,"enemies":"Snake Plant","floor":29,"turns":3},{"damage":18,"enemies":"Snecko","floor":31,"turns":3},{"damage":69,"enemies":"Collector","floor":33,"turns":7},{"damage":10,"enemies":"Orb Walker","floor":35,"turns":2},{"damage":44,"enemies":"3 Darklings","floor":37,"turns":5},{"damage":36,"enemies":"Sphere and 2 Shapes","floor":41,"turns":4},{"damage":52,"enemies":"4 Shapes","floor":44,"turns":3},{"damage":18,"enemies":"Maw","floor":46,"turns":5},{"damage":28,"enemies":"3 Darklings","floor":47,"turns":3},{"damage":122,"enemies":"Awakened One","floor":50,"turns":8}],"seed_played":"2538109048999706394","potions_obtained":[{"floor":7,"key":"BloodPotion"},{"floor":12,"key":"Swift Potion"},{"floor":13,"key":"Poison Potion"},{"floor":18,"key":"Poison Potion"},{"floor":19,"key":"BloodPotion"},{"floor":33,"key":"FearPotion"},{"floor":37,"key":"Poison Potion"},{"floor":46,"key":"Fire Potion"}],"is_trial":false,"path_per_floor":["M","M","M","?","$","R","M","$","T","M","?","M","M","E","R","B",null,"M","M","?","M","$","E","?","R","T","M","R","M","$","M","R","B",null,"M","$","M","$","?","R","M","R","T","M","R","M","M","$","R"],"character_chosen":"IRONCLAD","items_purchased":["Finesse","Flex","Ancient Potion","Dream Catcher","Finesse"],"campfire_rested":4,"item_purchase_floors":[22,30,30,36,48],"current_hp_per_floor":[80,80,80,80,80,80,80,80,80,80,80,80,74,67,67,50,80,79,76,76,56,56,43,43,43,43,39,66,41,41,29,56,26,90,86,86,52,52,52,60,30,65,65,27,64,56,44,44,54,0],"gold":17,"neow_bonus":"THREE_CARDS","is_prod":false,"is_daily":false,"chose_seed":false,"campfire_upgraded":5,"win_rate":0.0,"timestamp":1531285279,"path_taken":["M","M","?","?","$","R","M","$","T","M","?","?","M","E","R","BOSS","M","M","?","M","$","E","?","R","T","?","R","M","$","?","R","BOSS","M","$","M","$","?","R","M","R","T","M","R","?","M","?","R","BOSS"],"build_version":"2018-07-05","purchased_purges":2,"victory":false,"max_hp_per_floor":[80,80,80,80,80,80,80,80,80,80,80,80,80,80,80,80,80,80,80,80,80,80,90,90,90,90,90,90,90,90,90,90,90,90,90,90,90,90,90,90,90,90,90,90,90,90,90,90,90,90],"card_choices":[{"not_picked":["Cleave","Reckless Charge"],"picked":"Clash","floor":1},{"not_picked":["Cleave","Body Slam","Sword Boomerang"],"picked":"SKIP","floor":2},{"not_picked":["Flex","Heavy Blade"],"picked":"Pommel Strike","floor":3},{"not_picked":["Pummel","Burning Pact"],"picked":"Rampage","floor":7},{"not_picked":["Sword Boomerang","Heavy Blade"],"picked":"Pommel Strike","floor":10},{"not_picked":["Sword Boomerang","Cleave"],"picked":"Clash","floor":12},{"not_picked":["Dark Embrace","Shrug It Off"],"picked":"Warcry","floor":13},{"not_picked":["Entrench","Spot Weakness","Combust"],"picked":"SKIP","floor":14},{"not_picked":["Brutality","Berserk"],"picked":"Reaper","floor":16},{"not_picked":["Cleave","Anger"],"picked":"Rage","floor":18},{"not_picked":["Thunderclap","Body Slam"],"picked":"Battle Trance","floor":19},{"not_picked":["Double Tap","Thunderclap"],"picked":"Anger","floor":21},{"not_picked":["Armaments","Corruption","Entrench+1"],"picked":"SKIP","floor":23},{"not_picked":["Corruption","Cleave"],"picked":"Perfected Strike","floor":27},{"not_picked":["Clothesline","Entrench"],"picked":"Bloodletting","floor":29},{"not_picked":["Searing Blow","Bloodletting"],"picked":"Pommel Strike","floor":31},{"not_picked":["Brutality","Feed"],"picked":"Bludgeon","floor":33},{"not_picked":["Twin Strike+1","Shockwave+1"],"picked":"Pommel Strike+1","floor":35},{"not_picked":["Intimidate+1","Whirlwind+1"],"picked":"Infernal Blade+1","floor":37},{"not_picked":["Headbutt+1","Armaments+1"],"picked":"Infernal Blade+1","floor":41},{"not_picked":["Searing Blow","Shrug It Off+1"],"picked":"Anger+1","floor":42},{"not_picked":["Headbutt","Heavy Blade"],"picked":"Warcry+1","floor":44},{"not_picked":["Bloodletting","Disarm+1","Armaments+1"],"picked":"SKIP","floor":46},{"not_picked":["Whirlwind","Anger"],"picked":"Perfected Strike","floor":47}],"player_experience":29157,"relics_obtained":[{"floor":9,"key":"Pantograph"},{"floor":14,"key":"Ginger"},{"floor":23,"key":"Pear"},{"floor":26,"key":"Matryoshka"},{"floor":43,"key":"War Paint"},{"floor":43,"key":"Happy Flower"}],"event_choices":[{"event_name":"The Cleric","player_choice":"Card Removal","floor":4,"damage_taken":0},{"event_name":"Purifier","player_choice":"One Purge","floor":11,"damage_taken":0},{"event_name":"Back to Basics","player_choice":"Elegance","floor":20,"damage_taken":0},{"event_name":"FaceTrader","player_choice":"Leave","floor":24,"damage_taken":0},{"event_name":"Tomb of Lord Red Mask","player_choice":"Paid","floor":39,"damage_taken":0}],"boss_relics":[{"not_picked":["Ectoplasm","Runic Dome"],"picked":"Runic Pyramid"},{"not_picked":["Empty Cage","Black Star"],"picked":"Eternal Feather"}],"items_purged_floors":[5,22],"is_endless":false,"potions_floor_spawned":[7,12,13,14,18,19,33,37,46],"killed_by":"Awakened One","ascension_level":0}