{"gold_per_floor":[110,128,139,139,150,150,181,10,10,10],"floor_reached":10,"playtime":225,"items_purged":["Strike_G"],"score":136,"play_id":"e249b21b-16e2-4248-834a-0dbfa81e8b58","local_time":"20190428231801","is_ascension_mode":true,"campfire_choices":[{"data":"Bane","floor":6,"key":"SMITH"}],"neow_cost":"NONE","seed_source_timestamp":1211444122839849,"circlet_count":0,"master_deck":["AscendersBane","Defend_G","Defend_G","Defend_G","Defend_G","Defend_G","Strike_G","Strike_G","Strike_G","Strike_G","Survivor","Neutralize","Footwork","Flying Knee","Deadly Poison","Deadly Poison","Bane+1","Well Laid Plans","Deflect"],"special_seed":0,"relics":["Ring of the Snake","Shuriken","The Specimen"],"potions_floor_usage":[],"damage_taken":[{"damage":0.0,"enemies":"2 Louse","floor":1.0,"turns":2.0},{"damage":0.0,"enemies":"Small Slimes","floor":2.0,"turns":3.0},{"damage":9.0,"enemies":"Jaw Worm","floor":3.0,"turns":4.0},{"damage":6.0,"enemies":"Blue Slaver","floor":5.0,"turns":5.0},{"damage":30,"enemies":"Gremlin Nob","floor":7,"turns":4},{"damage":25,"enemies":"The Mushroom Lair","floor":10,"turns":3}],"seed_played":"4638846344792457605","potions_obtained":[{"floor":7,"key":"Ancient Potion"}],"is_trial":false,"path_per_floor":["M","M","M","?","M","R","E","$","T","?"],"character_chosen":"THE_SILENT","items_purchased":["Well Laid Plans","Deflect"],"campfire_rested":0,"item_purchase_floors":[8,8],"current_hp_per_floor":[59,59,50,55,49,49,19,19,19,0],"gold":10,"neow_bonus":"THREE_CARDS","is_prod":false,"is_daily":false,"chose_seed":false,"campfire_upgraded":1,"win_rate":0,"timestamp":1556504281,"path_taken":["M","M","M","?","M","R","E","$","T","?"],"build_version":"2019-01-23","purchased_purges":1,"victory":false,"max_hp_per_floor":[66,66,66,71,71,71,71,71,71,71],"card_choices":[{"not_picked":["Outmaneuver","Sucker Punch"],"picked":"Footwork","floor":0.0},{"not_picked":["Dodge and Roll","Outmaneuver"],"picked":"Flying Knee","floor":1.0},{"not_picked":["Deflect","Phantasmal Killer"],"picked":"Deadly Poison","floor":2.0},{"not_picked":["Flying Knee","Catalyst"],"picked":"Deadly Poison","floor":3.0},{"not_picked":["Crippling Poison","Distraction"],"picked":"Bane","floor":5},{"not_picked":["Dagger Throw","Unload","Predator"],"picked":"SKIP","floor":7}],"player_experience":2225367,"relics_obtained":[{"floor":7,"key":"Shuriken"},{"floor":9,"key":"The Specimen"}],"event_choices":[{"damage_healed":0.0,"max_hp_gain":5.0,"max_hp_loss":0.0,"gold_gain":0.0,"event_name":"Big Fish","player_choice":"Donut","floor":4.0,"gold_loss":0.0,"damage_taken":0.0},{"damage_healed":0,"gold_gain":0,"player_choice":"Fought Mushrooms","damage_taken":0,"max_hp_gain":0,"max_hp_loss":0,"event_name":"Mushrooms","floor":10,"gold_loss":0}],"is_beta":false,"boss_relics":[],"items_purged_floors":[8],"is_endless":false,"potions_floor_spawned":[7],"killed_by":"The Mushroom Lair","ascension_level":20}