{"gold_per_floor":[367,384,394,394,407,407,442,442,520,520,520,161,186,205,205,280,280,280,280,43,43,43,43,43,43,43,43,43,43,14,14,14,14],"floor_reached":33,"playtime":1067,"items_purged":["Strike_G"],"score":661,"play_id":"c86d62e4-45bf-43a9-9a7f-c20f97b39be9","local_time":"20190424214335","is_ascension_mode":true,"campfire_choices":[{"floor":6,"key":"REST"},{"floor":8,"key":"REST"},{"data":"Skewer","floor":10,"key":"SMITH"},{"data":"Deadly Poison","floor":15,"key":"SMITH"},{"data":"Dagger Spray","floor":23,"key":"SMITH"},{"data":"Catalyst","floor":27,"key":"SMITH"},{"floor":32,"key":"REST"}],"neow_cost":"TEN_PERCENT_HP_LOSS","seed_source_timestamp":859359129559704,"circlet_count":0,"master_deck":["AscendersBane","Defend_G","Defend_G","Defend_G","Defend_G","Defend_G","Survivor","Neutralize","Deadly Poison+1","Quick Slash","Well Laid Plans","Adrenaline","Skewer+1","Deadly Poison","Glass Knife","Catalyst+1","Bite","Bite","Bite","Bite","Bite","Caltrops","Backstab","Dagger Spray+1","Corpse Explosion","Backflip","Poisoned Stab+1","Deflect"],"relics":["Ring of the Snake","Gambling Chip","OrangePellets","Bag of Preparation","Ectoplasm","Strawberry","Molten Egg 2","Potion Belt","Sundial"],"potions_floor_usage":[7,16,16,24,28,33,33],"damage_taken":[{"damage":1,"enemies":"Small Slimes","floor":1,"turns":5},{"damage":6,"enemies":"Cultist","floor":2,"turns":5},{"damage":1,"enemies":"2 Louse","floor":3,"turns":4},{"damage":23,"enemies":"Exordium Thugs","floor":5,"turns":6},{"damage":30,"enemies":"Gremlin Nob","floor":7,"turns":4},{"damage":21,"enemies":"Lagavulin","floor":13,"turns":6},{"damage":2,"enemies":"2 Fungi Beasts","floor":14,"turns":3},{"damage":7,"enemies":"Hexaghost","floor":16,"turns":8},{"damage":17,"enemies":"Shell Parasite","floor":18,"turns":4},{"damage":2,"enemies":"3 Byrds","floor":21,"turns":3},{"damage":5,"enemies":"Centurion and Healer","floor":22,"turns":5},{"damage":30,"enemies":"Book of Stabbing","floor":24,"turns":5},{"damage":10,"enemies":"Snake Plant","floor":28,"turns":3},{"damage":25,"enemies":"Gremlin Leader","floor":29,"turns":5},{"damage":44,"enemies":"Automaton","floor":33,"turns":6}],"seed_played":"3305084212489064987","potions_obtained":[{"floor":3,"key":"AttackPotion"},{"floor":7,"key":"Strength Potion"},{"floor":14,"key":"Regen Potion"},{"floor":18,"key":"GhostInAJar"},{"floor":22,"key":"Swift Potion"},{"floor":28,"key":"SteroidPotion"},{"floor":29,"key":"FearPotion"},{"floor":31,"key":"AttackPotion"},{"floor":31,"key":"Block Potion"}],"is_trial":false,"path_per_floor":["M","M","M","?","M","R","E","R","T","R","?","$","E","M","R","B",null,"M","?","$","M","M","R","E","$","T","R","M","E","$","?","R","B"],"character_chosen":"THE_SILENT","items_purchased":["OrangePellets","SteroidPotion","Strawberry","Caltrops","Deflect"],"campfire_rested":3,"item_purchase_floors":[12,12,20,20,30],"current_hp_per_floor":[58,52,51,51,28,46,16,34,34,34,34,34,13,11,11,19,50,33,33,40,42,49,49,29,29,29,29,27,12,12,12,26,0],"gold":14,"neow_bonus":"TWO_FIFTY_GOLD","is_prod":false,"is_daily":false,"chose_seed":false,"campfire_upgraded":4,"win_rate":0,"timestamp":1556153015,"path_taken":["M","M","M","?","?","R","E","R","T","R","?","$","E","M","R","BOSS","M","?","$","M","M","R","E","$","T","R","M","E","$","?","R","BOSS"],"build_version":"2019-01-23","purchased_purges":1,"victory":false,"max_hp_per_floor":[60,60,60,60,60,60,60,60,60,60,60,60,60,60,60,60,60,60,42,49,49,49,49,49,49,49,49,49,49,49,49,49,49],"card_choices":[{"not_picked":["Bane","Quick Slash"],"picked":"Deadly Poison","floor":1},{"not_picked":["Cloak And Dagger","PiercingWail","Backflip"],"picked":"SKIP","floor":2},{"not_picked":["Caltrops","Sucker Punch"],"picked":"Quick Slash","floor":3},{"not_picked":["Backflip","Outmaneuver"],"picked":"Skewer","floor":5},{"not_picked":["Dodge and Roll","Blade Dance"],"picked":"Deadly Poison","floor":7},{"not_picked":["Eviscerate","Storm of Steel","Masterful Stab"],"picked":"SKIP","floor":13},{"not_picked":["Masterful Stab","Flechettes","Outmaneuver"],"picked":"SKIP","floor":14},{"not_picked":["Masterful Stab","Flechettes","Outmaneuver"],"picked":"SKIP","floor":14},{"not_picked":["Doppelganger","A Thousand Cuts"],"picked":"Glass Knife","floor":16},{"not_picked":["Backstab","Poisoned Stab"],"picked":"Catalyst","floor":18},{"not_picked":["Backflip","Reflex"],"picked":"Backstab","floor":21},{"not_picked":["Escape Plan+1","Quick Slash+1"],"picked":"Dagger Spray","floor":22},{"not_picked":["Leg Sweep","Poisoned Stab"],"picked":"Corpse Explosion","floor":24},{"not_picked":["Acrobatics","Dodge and Roll"],"picked":"Backflip","floor":28},{"not_picked":["Prepared","Setup+1"],"picked":"Poisoned Stab+1","floor":29}],"player_experience":2171942,"relics_obtained":[{"floor":7,"key":"Gambling Chip"},{"floor":13,"key":"Bag of Preparation"},{"floor":24,"key":"Molten Egg 2"},{"floor":26,"key":"Potion Belt"},{"floor":29,"key":"Sundial"}],"event_choices":[{"damage_healed":0,"gold_gain":0,"player_choice":"2 cards matched","damage_taken":0,"max_hp_gain":0,"max_hp_loss":0,"event_name":"Match and Keep!","floor":4,"gold_loss":0,"cards_obtained":["Well Laid Plans","Adrenaline"]},{"damage_healed":0,"gold_gain":0,"player_choice":"Ignored","damage_taken":0,"max_hp_gain":0,"max_hp_loss":0,"event_name":"Shining Light","floor":11,"gold_loss":0},{"damage_healed":0,"gold_gain":0,"player_choice":"Became a vampire","damage_taken":0,"max_hp_gain":0,"max_hp_loss":18,"event_name":"Vampires","floor":19,"gold_loss":0,"cards_obtained":["Bite","Bite","Bite","Bite","Bite"]},{"damage_healed":0,"gold_gain":0,"player_choice":"Got Potions","damage_taken":0,"max_hp_gain":0,"max_hp_loss":0,"event_name":"Lab","floor":31,"gold_loss":0}],"is_beta":false,"boss_relics":[{"not_picked":["Empty Cage","Calling Bell"],"picked":"Ectoplasm"}],"items_purged_floors":[12],"is_endless":false,"potions_floor_spawned":[3,7,14,18,22,28,29],"killed_by":"Automaton","ascension_level":20}