{"gold_per_floor":[118,137,50,63,63,88,11,11,11,21,54,54,104,136,136,215,215,215,79,0,0,0,0,0,0],"floor_reached":25,"playtime":2643,"items_purged":["Strike_G"],"score":434,"play_id":"21fadd1b-bf06-471d-9d41-d5ce8cd7786c","local_time":"20190515205313","is_ascension_mode":true,"campfire_choices":[{"floor":8.0,"key":"REST"},{"data":"Noxious Fumes","floor":15.0,"key":"SMITH"},{"data":"Ghostly","floor":23,"key":"SMITH"}],"neow_cost":"NONE","seed_source_timestamp":7177326733000,"circlet_count":0,"master_deck":["AscendersBane","Defend_G","Defend_G","Defend_G","Defend_G","Defend_G","Strike_G","Strike_G","Strike_G","Strike_G","Survivor","Neutralize+1","Cloak And Dagger","Quick Slash","Well Laid Plans","Poisoned Stab","Poisoned Stab","Noxious Fumes+1","PiercingWail","Catalyst","Burst","Adrenaline","Backflip","Footwork","Blade Dance+1","Ghostly+1","Ghostly","Ghostly","Backflip"],"special_seed":0,"relics":["Ring of the Snake","Pen Nib","Smiling Mask","Ninja Scroll","Bird Faced Urn","Juzu Bracelet","Ectoplasm"],"potions_floor_usage":[18,21],"damage_taken":[{"damage":1.0,"enemies":"Small Slimes","floor":1.0,"turns":4.0},{"damage":2.0,"enemies":"Jaw Worm","floor":2.0,"turns":4.0},{"damage":0.0,"enemies":"2 Louse","floor":4.0,"turns":3.0},{"damage":29.0,"enemies":"3 Sentries","floor":6.0,"turns":9.0},{"damage":7.0,"enemies":"Gremlin Gang","floor":10.0,"turns":5.0},{"damage":12.0,"enemies":"Gremlin Nob","floor":11.0,"turns":4.0},{"damage":14.0,"enemies":"3 Sentries","floor":14.0,"turns":6.0},{"damage":23.0,"enemies":"Hexaghost","floor":16.0,"turns":8.0},{"damage":6,"enemies":"Shell Parasite","floor":18,"turns":6},{"damage":2,"enemies":"3 Byrds","floor":21,"turns":5},{"damage":45,"enemies":"Slavers","floor":25,"turns":5}],"seed_played":"-6455612135831101678","potions_obtained":[{"floor":2.0,"key":"Ancient Potion"},{"floor":4.0,"key":"LiquidBronze"},{"floor":6.0,"key":"SpeedPotion"},{"floor":14.0,"key":"Ancient Potion"},{"floor":16.0,"key":"Weak Potion"},{"floor":18,"key":"Explosive Potion"}],"is_trial":false,"path_per_floor":["M","M","$","M","?","E","$","R","T","M","E","?","?","E","R","B",null,"M","$","?","M","?","R","?","E"],"character_chosen":"THE_SILENT","items_purchased":["Well Laid Plans","Noxious Fumes","Footwork"],"campfire_rested":1,"item_purchase_floors":[3,7,19],"current_hp_per_floor":[58,56,56,56,56,27,27,46,46,39,27,49,49,39,39,20,55,53,53,53,57,33,33,33,0],"gold":0,"neow_bonus":"RANDOM_COMMON_RELIC","is_prod":false,"is_daily":false,"chose_seed":false,"campfire_upgraded":2,"win_rate":0,"timestamp":1557978793,"path_taken":["M","M","$","M","?","E","$","R","T","M","E","?","?","E","R","BOSS","M","$","?","M","?","R","?","E"],"build_version":"2019-01-23","purchased_purges":1,"victory":false,"max_hp_per_floor":[66,66,66,66,66,66,66,66,66,66,66,66,66,66,66,66,66,66,66,66,66,33,33,33,33],"card_choices":[{"not_picked":["Sucker Punch","Outmaneuver"],"picked":"Cloak And Dagger","floor":1.0},{"not_picked":["Tactician","Bane"],"picked":"Quick Slash","floor":2.0},{"not_picked":["Underhanded Strike","PiercingWail"],"picked":"Poisoned Stab","floor":4.0},{"not_picked":["Backflip","Tools of the Trade"],"picked":"Poisoned Stab","floor":6.0},{"not_picked":["Catalyst","All Out Attack"],"picked":"PiercingWail","floor":10.0},{"not_picked":["Cloak And Dagger","Dagger Spray"],"picked":"Catalyst","floor":11.0},{"not_picked":["Reflex","Dagger Spray"],"picked":"Burst","floor":14.0},{"not_picked":["Venomology","Doppelganger"],"picked":"Adrenaline","floor":16.0},{"not_picked":["Poisoned Stab","Slice"],"picked":"Backflip","floor":18},{"not_picked":["All Out Attack","Concentrate"],"picked":"Blade Dance+1","floor":21}],"player_experience":1320436,"relics_obtained":[{"floor":6.0,"key":"Smiling Mask"},{"floor":9.0,"key":"Ninja Scroll"},{"floor":11.0,"key":"Bird Faced Urn"},{"floor":14.0,"key":"Juzu Bracelet"}],"event_choices":[{"damage_healed":0.0,"max_hp_gain":0.0,"max_hp_loss":0.0,"gold_gain":0.0,"event_name":"Living Wall","player_choice":"Grow","floor":5.0,"gold_loss":0.0,"damage_taken":0.0,"cards_upgraded":["Neutralize"]},{"damage_healed":22.0,"max_hp_gain":0.0,"max_hp_loss":0.0,"gold_gain":0.0,"event_name":"Big Fish","player_choice":"Banana","floor":12.0,"gold_loss":0.0,"damage_taken":0.0},{"damage_healed":0.0,"max_hp_gain":0.0,"max_hp_loss":0.0,"gold_gain":50.0,"event_name":"Golden Shrine","player_choice":"Pray","floor":13.0,"gold_loss":0.0,"damage_taken":0.0},{"damage_healed":0,"gold_gain":0,"player_choice":"Paid Fearfully","damage_taken":0,"max_hp_gain":0,"max_hp_loss":0,"event_name":"Masked Bandits","floor":20,"gold_loss":79},{"damage_healed":0,"gold_gain":0,"player_choice":"Became a Ghost","damage_taken":0,"max_hp_gain":0,"max_hp_loss":33,"event_name":"Ghosts","floor":22,"gold_loss":0,"cards_obtained":["Ghostly","Ghostly","Ghostly"]},{"damage_healed":0,"gold_gain":0,"player_choice":"Read","damage_taken":0,"max_hp_gain":0,"max_hp_loss":0,"event_name":"The Library","floor":24,"gold_loss":0,"cards_obtained":["Backflip"]}],"is_beta":false,"boss_relics":[{"not_picked":["Lizard Tail","Tiny House"],"picked":"Ectoplasm"}],"items_purged_floors":[19],"is_endless":false,"potions_floor_spawned":[2,4,6,14,16,18],"killed_by":"Slavers","ascension_level":20}