{"gold_per_floor":[115,115,131,46,62,91,91,105,131,144,157,157,186,199,199,276,276,289,289,289,307,9,38,38,67,112,112,31,50,0,0],"floor_reached":31,"playtime":1088,"items_purged":["Reflex","Expertise"],"score":570,"play_id":"06aa6df4-ece0-4d70-99de-5c9477188ea6","local_time":"20190419144453","is_ascension_mode":true,"campfire_choices":[{"floor":7.0,"key":"REST"},{"data":"Neutralize","floor":12,"key":"SMITH"},{"data":"Well Laid Plans","floor":15,"key":"SMITH"},{"floor":24,"key":"REST"},{"floor":27,"key":"REST"}],"neow_cost":"NONE","seed_source_timestamp":402200493628295,"circlet_count":0,"master_deck":["AscendersBane","Survivor","Neutralize+1","Poisoned Stab","Well Laid Plans+1","Predator","Cloak And Dagger","Dash","Deflect","Poisoned Stab","Corpse Explosion","Leg Sweep","Flying Knee","Doppelganger","Die Die Die","Well Laid Plans","Malaise","Grand Finale","Choke","Noxious Fumes","Dagger Spray","Backstab","Footwork"],"special_seed":0,"relics":["Ring of the Snake","Boot","Happy Flower","Bag of Preparation","Snake Skull","Pandora\u0027s Box","TwistedFunnel","Smiling Mask","PreservedInsect"],"potions_floor_usage":[16,16],"damage_taken":[{"damage":9.0,"enemies":"Cultist","floor":1.0,"turns":6.0},{"damage":3.0,"enemies":"2 Louse","floor":3.0,"turns":3.0},{"damage":0.0,"enemies":"Small Slimes","floor":5.0,"turns":5.0},{"damage":28.0,"enemies":"Gremlin Nob","floor":6.0,"turns":4.0},{"damage":2.0,"enemies":"Blue Slaver","floor":8.0,"turns":4.0},{"damage":3.0,"enemies":"2 Fungi Beasts","floor":10.0,"turns":3.0},{"damage":0,"enemies":"Large Slime","floor":11,"turns":5},{"damage":21,"enemies":"3 Sentries","floor":13,"turns":10},{"damage":0,"enemies":"Blue Slaver","floor":14,"turns":2},{"damage":17,"enemies":"Hexaghost","floor":16,"turns":11},{"damage":15,"enemies":"2 Thieves","floor":18,"turns":2},{"damage":11,"enemies":"Spheric Guardian","floor":21,"turns":3},{"damage":22,"enemies":"Book of Stabbing","floor":23,"turns":5},{"damage":9,"enemies":"Gremlin Leader","floor":25,"turns":7},{"damage":23,"enemies":"Chosen and Byrds","floor":29,"turns":5},{"damage":26,"enemies":"Slavers","floor":31,"turns":1}],"seed_played":"4557494610256869899","potions_obtained":[{"floor":1.0,"key":"SpeedPotion"},{"floor":3.0,"key":"Explosive Potion"},{"floor":5.0,"key":"Fruit Juice"},{"floor":8.0,"key":"GhostInAJar"},{"floor":13,"key":"Regen Potion"},{"floor":21,"key":"Dexterity Potion"},{"floor":29,"key":"Ancient Potion"}],"is_trial":false,"path_per_floor":["M","?","M","$","M","E","R","M","T","M","M","R","E","M","R","B",null,"M","?","?","M","$","E","R","E","T","R","$","M","$","E"],"character_chosen":"THE_SILENT","items_purchased":["Predator","TwistedFunnel","Footwork"],"campfire_rested":3,"item_purchase_floors":[4,22,28],"current_hp_per_floor":[50,50,47,47,47,24,45,43,43,40,40,40,19,19,19,17,58,43,43,43,32,32,10,31,22,22,43,43,20,20,0],"gold":0,"neow_bonus":"RANDOM_COMMON_RELIC","is_prod":false,"is_daily":false,"chose_seed":false,"campfire_upgraded":2,"win_rate":0,"timestamp":1555695893,"path_taken":["M","?","M","$","M","E","R","M","T","M","M","R","E","M","R","BOSS","M","?","?","M","$","E","R","E","T","R","?","M","?","E"],"build_version":"2019-01-23","purchased_purges":2,"victory":false,"max_hp_per_floor":[66,66,66,66,66,71,71,71,71,71,71,71,71,71,71,71,71,71,71,71,71,71,71,71,71,71,71,71,71,71,71],"card_choices":[{"not_picked":["Accuracy","Underhanded Strike"],"picked":"Poisoned Stab","floor":1.0},{"not_picked":["Flechettes","Quick Slash"],"picked":"Well Laid Plans","floor":3.0},{"not_picked":["Choke","Dagger Throw"],"picked":"Cloak And Dagger","floor":5.0},{"not_picked":["Concentrate","Backflip"],"picked":"Dash","floor":6.0},{"not_picked":["Dash","Burst"],"picked":"Deflect","floor":8.0},{"not_picked":["Riddle With Holes","Blade Dance"],"picked":"Poisoned Stab","floor":10.0},{"not_picked":["Prepared","Expertise","Tactician"],"picked":"SKIP","floor":11},{"not_picked":["Riddle With Holes","Tactician","Underhanded Strike"],"picked":"SKIP","floor":13},{"not_picked":["Blur","Prepared","Quick Slash"],"picked":"SKIP","floor":14},{"not_picked":["Night Terror","Doppelganger"],"picked":"Corpse Explosion","floor":16},{"not_picked":["Expertise","Outmaneuver","Distraction"],"picked":"SKIP","floor":18},{"not_picked":["Bane+1","Poisoned Stab","Bouncing Flask"],"picked":"SKIP","floor":21},{"not_picked":["Caltrops","Riddle With Holes"],"picked":"Dagger Spray","floor":23},{"not_picked":["Underhanded Strike","Acrobatics"],"picked":"Backstab","floor":25},{"not_picked":["Slice","Bullet Time","Dagger Spray"],"picked":"SKIP","floor":29},{"not_picked":["Slice","Bullet Time","Dagger Spray"],"picked":"SKIP","floor":29}],"player_experience":2157021,"relics_obtained":[{"floor":6.0,"key":"Happy Flower"},{"floor":9.0,"key":"Bag of Preparation"},{"floor":13,"key":"Snake Skull"},{"floor":23,"key":"Smiling Mask"},{"floor":25,"key":"PreservedInsect"}],"event_choices":[{"damage_healed":0.0,"max_hp_gain":0.0,"max_hp_loss":0.0,"gold_gain":0.0,"event_name":"Scrap Ooze","player_choice":"Fled","floor":2.0,"gold_loss":0.0,"damage_taken":0.0},{"damage_healed":0,"gold_gain":0,"player_choice":"Read","damage_taken":0,"max_hp_gain":0,"max_hp_loss":0,"event_name":"The Library","floor":19,"gold_loss":0,"cards_obtained":["Noxious Fumes"]},{"damage_healed":0,"gold_gain":0,"player_choice":"Ignored","damage_taken":0,"max_hp_gain":0,"max_hp_loss":0,"event_name":"The Mausoleum","floor":20,"gold_loss":0}],"is_beta":false,"boss_relics":[{"not_picked":["White Beast Statue","Tiny House"],"picked":"Pandora\u0027s Box"}],"items_purged_floors":[22,30],"is_endless":false,"potions_floor_spawned":[1,3,5,8,13,14,21,29],"killed_by":"Slavers","ascension_level":20}