{"gold_per_floor":[114,132,132,19,34,60,72,72,95,113,124,135,145,171,171,271,271,281,294,22,22,42,42],"floor_reached":23,"playtime":857,"items_purged":["Strike_B"],"score":248,"play_id":"3aa88ece-263e-40b3-af16-7615874332b6","local_time":"20190518184101","is_ascension_mode":true,"campfire_choices":[{"data":"Rainbow","floor":8,"key":"SMITH"},{"floor":15,"key":"REST"}],"neow_cost":"NONE","seed_source_timestamp":33056736684359,"circlet_count":0,"master_deck":["Strike_B","Strike_B","Strike_B","Defend_B","Defend_B","Defend_B","Defend_B","Zap+1","Dualcast","Machine Learning","BootSequence","Cold Snap","Rainbow+1","Coolheaded","Barrage","Ball Lightning","Seek","Compile Driver","Coolheaded+1","Defragment","Turbo"],"relics":["Cracked Core","Smiling Mask","Happy Flower","Juzu Bracelet","Inserter","Art of War"],"potions_floor_usage":[14,23],"damage_taken":[{"damage":14,"enemies":"2 Louse","floor":1,"turns":2},{"damage":1,"enemies":"Cultist","floor":2,"turns":3},{"damage":3,"enemies":"Small Slimes","floor":5,"turns":3},{"damage":22,"enemies":"3 Sentries","floor":6,"turns":8},{"damage":4,"enemies":"Looter","floor":7,"turns":3},{"damage":13,"enemies":"Gremlin Gang","floor":10,"turns":5},{"damage":0,"enemies":"Blue Slaver","floor":11,"turns":3},{"damage":0,"enemies":"3 Louse","floor":12,"turns":2},{"damage":0,"enemies":"2 Fungi Beasts","floor":13,"turns":2},{"damage":12,"enemies":"Gremlin Nob","floor":14,"turns":3},{"damage":13,"enemies":"Slime Boss","floor":16,"turns":9},{"damage":0,"enemies":"Spheric Guardian","floor":18,"turns":3},{"damage":27,"enemies":"Shell Parasite","floor":19,"turns":7},{"damage":13,"enemies":"Centurion and Healer","floor":22,"turns":6},{"damage":41,"enemies":"Gremlin Leader","floor":23,"turns":4}],"seed_played":"4497827654787368232","potions_obtained":[{"floor":1,"key":"EssenceOfSteel"},{"floor":2,"key":"GamblersBrew"},{"floor":6,"key":"Poison Potion"},{"floor":19,"key":"SpeedPotion"}],"is_trial":false,"path_per_floor":["M","M","?","$","M","E","M","R","T","M","M","M","M","E","R","B",null,"M","M","$","?","M","E"],"character_chosen":"DEFECT","items_purchased":["Rainbow","Coolheaded","Defragment","Art of War"],"campfire_rested":1,"item_purchase_floors":[4,4,20,20],"current_hp_per_floor":[61,60,60,60,57,35,31,31,31,18,18,18,18,6,28,15,75,75,48,48,48,35,0],"gold":42,"neow_bonus":"ONE_RANDOM_RARE_CARD","is_prod":false,"is_daily":false,"chose_seed":false,"campfire_upgraded":1,"win_rate":0,"timestamp":1558197661,"path_taken":["M","M","?","$","M","E","M","R","T","M","?","?","M","E","R","BOSS","M","M","$","?","M","E"],"build_version":"2019-01-23","purchased_purges":1,"victory":false,"max_hp_per_floor":[75,75,75,75,75,75,75,75,75,75,75,75,75,75,75,75,75,75,75,75,75,75,75],"card_choices":[{"not_picked":["Streamline","Cold Snap"],"picked":"BootSequence","floor":1},{"not_picked":["Compile Driver","Leap"],"picked":"Cold Snap","floor":2},{"not_picked":["Cold Snap","Leap","Streamline"],"picked":"SKIP","floor":5},{"not_picked":["Coolheaded","Compile Driver"],"picked":"Barrage","floor":6},{"not_picked":["Heatsinks","Beam Cell","Hyperbeam"],"picked":"SKIP","floor":7},{"not_picked":["Stack","Tempest","Barrage"],"picked":"SKIP","floor":10},{"not_picked":["Redo","Beam Cell","Turbo"],"picked":"SKIP","floor":11},{"not_picked":["Beam Cell","Compile Driver","Leap"],"picked":"SKIP","floor":12},{"not_picked":["Turbo","Leap"],"picked":"Ball Lightning","floor":13},{"not_picked":["Sunder","BootSequence","Heatsinks"],"picked":"SKIP","floor":14},{"not_picked":["Hyperbeam","All For One"],"picked":"Seek","floor":16},{"not_picked":["Reprogram","Redo"],"picked":"Compile Driver","floor":18},{"not_picked":["Cold Snap","Beam Cell+1"],"picked":"Coolheaded+1","floor":19},{"not_picked":["Coolheaded","Rebound"],"picked":"Turbo","floor":22}],"player_experience":64369,"relics_obtained":[{"floor":6,"key":"Smiling Mask"},{"floor":9,"key":"Happy Flower"},{"floor":14,"key":"Juzu Bracelet"}],"event_choices":[{"damage_healed":0,"gold_gain":0,"player_choice":"Upgraded","damage_taken":0,"max_hp_gain":0,"max_hp_loss":0,"event_name":"Upgrade Shrine","floor":3,"gold_loss":0,"cards_upgraded":["Zap"]},{"damage_healed":0,"gold_gain":0,"player_choice":"Ignored","damage_taken":0,"max_hp_gain":0,"max_hp_loss":0,"event_name":"Beggar","floor":21,"gold_loss":0}],"is_beta":false,"boss_relics":[{"not_picked":["Nuclear Battery","Busted Crown"],"picked":"Inserter"}],"items_purged_floors":[20],"is_endless":false,"potions_floor_spawned":[1,2,6,10,11,19],"killed_by":"Gremlin Leader","ascension_level":4}