{"gold_per_floor":[113,38,53,68,68,99,99,111,137,137,137,167,167,187,187,265,265,284,74,90,140,140],"floor_reached":22,"playtime":632,"items_purged":[],"score":388,"play_id":"3de75e12-224b-4a11-8414-d62a4e7348d3","local_time":"20190427215414","is_ascension_mode":true,"campfire_choices":[{"data":"Noxious Fumes","floor":7,"key":"SMITH"},{"data":"Wraith Form v2","floor":10,"key":"SMITH"},{"data":"Neutralize","floor":13,"key":"SMITH"},{"floor":15,"key":"REST"}],"neow_cost":"NONE","seed_source_timestamp":1119629178834035,"circlet_count":0,"master_deck":["AscendersBane","Defend_G","Defend_G","Defend_G","Defend_G","Defend_G","Strike_G","Strike_G","Strike_G","Strike_G","Survivor","Neutralize+1","Dagger Throw","Dagger Spray","Noxious Fumes+1","Wraith Form v2+1","After Image","Deflect","Blur","After Image","Dodge and Roll"],"relics":["Ring of the Snake","PreservedInsect","Oddly Smooth Stone","Orichalcum","Bag of Marbles","Sozu","DollysMirror"],"potions_floor_usage":[6,16,22],"damage_taken":[{"damage":0,"enemies":"Jaw Worm","floor":1,"turns":5},{"damage":2,"enemies":"Small Slimes","floor":3,"turns":5},{"damage":3,"enemies":"2 Louse","floor":4,"turns":3},{"damage":17,"enemies":"Lagavulin","floor":6,"turns":5},{"damage":2,"enemies":"Looter","floor":8,"turns":4},{"damage":18,"enemies":"Gremlin Nob","floor":12,"turns":4},{"damage":7,"enemies":"Large Slime","floor":14,"turns":6},{"damage":19,"enemies":"The Guardian","floor":16,"turns":14},{"damage":9,"enemies":"Spheric Guardian","floor":18,"turns":6},{"damage":5,"enemies":"Chosen","floor":20,"turns":7},{"damage":44,"enemies":"Masked Bandits","floor":22,"turns":3}],"seed_played":"903060425917080914","potions_obtained":[{"floor":3,"key":"PowerPotion"},{"floor":4,"key":"Poison Potion"},{"floor":16,"key":"PowerPotion"}],"is_trial":false,"path_per_floor":["M","?","M","M","$","E","R","M","T","R","?","E","R","M","R","B",null,"M","$","M","?","?"],"character_chosen":"THE_SILENT","items_purchased":["DollysMirror"],"campfire_rested":1,"item_purchase_floors":[19],"current_hp_per_floor":[59,59,57,54,54,37,37,35,35,35,35,17,17,10,29,10,52,43,43,38,38,0],"gold":140,"neow_bonus":"RANDOM_COMMON_RELIC","is_prod":false,"is_daily":false,"chose_seed":false,"campfire_upgraded":3,"win_rate":0,"timestamp":1556412854,"path_taken":["M","?","M","M","$","E","R","M","T","R","?","E","R","M","R","BOSS","M","$","M","?","?"],"build_version":"2019-01-23","purchased_purges":0,"victory":false,"max_hp_per_floor":[66,66,66,66,66,66,66,66,66,66,66,66,66,66,66,66,66,66,66,66,66,66],"card_choices":[{"not_picked":["Caltrops","Catalyst"],"picked":"Dagger Throw","floor":1},{"not_picked":["Reflex","Underhanded Strike"],"picked":"Dagger Spray","floor":3},{"not_picked":["Deadly Poison","Setup"],"picked":"Noxious Fumes","floor":4},{"not_picked":["Accuracy","Calculated Gamble"],"picked":"Wraith Form v2","floor":6},{"not_picked":["Flying Knee","Terror","Slice"],"picked":"SKIP","floor":8},{"not_picked":["Eviscerate","Acrobatics"],"picked":"After Image","floor":12},{"not_picked":["PiercingWail","Distraction"],"picked":"Deflect","floor":14},{"not_picked":["Finisher","Blade Dance"],"picked":"Blur","floor":18},{"not_picked":["All Out Attack","Deadly Poison"],"picked":"Dodge and Roll","floor":20}],"player_experience":2212159,"relics_obtained":[{"floor":6,"key":"Oddly Smooth Stone"},{"floor":9,"key":"Orichalcum"},{"floor":12,"key":"Bag of Marbles"}],"event_choices":[{"cards_removed":["Strike_G"],"damage_healed":0,"gold_gain":0,"player_choice":"Card Removal","damage_taken":0,"max_hp_gain":0,"max_hp_loss":0,"event_name":"The Cleric","floor":2,"gold_loss":75},{"damage_healed":0,"gold_gain":0,"player_choice":"Ignored","damage_taken":0,"max_hp_gain":0,"max_hp_loss":0,"event_name":"Shining Light","floor":11,"gold_loss":0},{"damage_healed":0,"gold_gain":50,"player_choice":"Stole From Cult","damage_taken":0,"max_hp_gain":0,"max_hp_loss":0,"event_name":"Nest","floor":21,"gold_loss":0},{"damage_healed":0,"gold_gain":0,"player_choice":"Fought Bandits","damage_taken":0,"max_hp_gain":0,"max_hp_loss":0,"event_name":"Masked Bandits","floor":22,"gold_loss":0}],"is_beta":false,"boss_relics":[{"not_picked":["Ring of the Serpent","Pandora\u0027s Box"],"picked":"Sozu"}],"items_purged_floors":[],"is_endless":false,"potions_floor_spawned":[3,4,16,18,20],"killed_by":"Masked Bandits","ascension_level":20}