{"gold_per_floor":[111,129,145,1,12,12,46,58,70,82,129,141,166,207,219,231],"floor_reached":16,"playtime":401,"items_purged":[],"score":240,"play_id":"66edd95b-2554-4410-8845-bbed7077e3fc","local_time":"20190404021247","is_ascension_mode":true,"campfire_choices":[{"data":"Whirlwind","floor":6,"key":"SMITH"},{"data":"Armaments","floor":8,"key":"SMITH"},{"floor":10,"key":"REST"},{"floor":15,"key":"REST"}],"neow_cost":"NONE","seed_source_timestamp":888863593308304,"circlet_count":0,"master_deck":["AscendersBane","Strike_R","Strike_R","Strike_R","Strike_R","Strike_R","Defend_R","Defend_R","Defend_R","Defend_R","Bash+1","Anger","Battle Trance","Whirlwind+1","Armaments+1","Offering"],"relics":["Burning Blood","MawBank","Gremlin Horn","Matryoshka","Torii"],"potions_floor_usage":[7,7,16],"damage_taken":[{"damage":7,"enemies":"Small Slimes","floor":1,"turns":3},{"damage":4,"enemies":"2 Louse","floor":2,"turns":2},{"damage":1,"enemies":"Cultist","floor":3,"turns":3},{"damage":18,"enemies":"Exordium Thugs","floor":5,"turns":4},{"damage":34,"enemies":"Gremlin Nob","floor":7,"turns":4},{"damage":15,"enemies":"3 Sentries","floor":11,"turns":5},{"damage":8,"enemies":"Large Slime","floor":13,"turns":6},{"damage":33,"enemies":"Lagavulin","floor":14,"turns":6},{"damage":48,"enemies":"Slime Boss","floor":16,"turns":6}],"seed_played":"693751803084311947","potions_obtained":[{"floor":2,"key":"FearPotion"},{"floor":5,"key":"GamblersBrew"},{"floor":13,"key":"EssenceOfSteel"}],"is_trial":false,"path_per_floor":["M","M","M","$","M","R","E","R","T","R","E","?","M","E","R","B"],"character_chosen":"IRONCLAD","items_purchased":["Whirlwind","Armaments"],"campfire_rested":2,"item_purchase_floors":[4,4],"current_hp_per_floor":[67,69,74,74,62,62,34,34,34,56,47,47,45,18,40,0],"gold":231,"neow_bonus":"UPGRADE_CARD","is_prod":false,"is_daily":false,"chose_seed":false,"campfire_upgraded":2,"win_rate":0,"timestamp":1554354767,"path_taken":["M","M","M","$","M","R","E","R","T","R","E","?","M","E","R","BOSS"],"build_version":"2019-01-23","purchased_purges":0,"victory":false,"max_hp_per_floor":[75,75,75,75,75,75,75,75,75,75,75,75,75,75,75,75],"card_choices":[{"not_picked":["Thunderclap","Clash"],"picked":"Anger","floor":1},{"not_picked":["Wild Strike","Intimidate","Flex"],"picked":"SKIP","floor":2},{"not_picked":["Headbutt","Berserk"],"picked":"Battle Trance","floor":3},{"not_picked":["Armaments","Rage","Corruption"],"picked":"SKIP","floor":5},{"not_picked":["Clash","Iron Wave","Burning Pact"],"picked":"SKIP","floor":7},{"not_picked":["Heavy Blade","Havoc","Pommel Strike"],"picked":"SKIP","floor":11},{"not_picked":["Sword Boomerang","Shrug It Off"],"picked":"Offering","floor":13},{"not_picked":["Iron Wave","Havoc","Wild Strike"],"picked":"SKIP","floor":14}],"player_experience":1995223,"relics_obtained":[{"floor":7,"key":"MawBank"},{"floor":9,"key":"Gremlin Horn"},{"floor":11,"key":"Matryoshka"},{"floor":14,"key":"Torii"}],"event_choices":[{"damage_healed":0,"gold_gain":0,"player_choice":"Ignored","damage_taken":0,"max_hp_gain":0,"max_hp_loss":0,"event_name":"Liars Game","floor":12,"gold_loss":0}],"is_beta":false,"boss_relics":[],"items_purged_floors":[],"is_endless":false,"potions_floor_spawned":[2,5,13],"killed_by":"Slime Boss","ascension_level":20}