{"gold_per_floor":[113,113,113,125,144,144,144,161,185,213,44,44,57,72,72,174,174,189,3,3,3,23,57,57,90,120,70,84,109,109,109,109,208,208,226,226,236,236,18,18,52,52,52,52,82,82,129,79,79,79,79,79,2,27,27],"floor_reached":55,"playtime":6678,"items_purged":["Defend_B","Defend_B","Dualcast","Doom and Gloom"],"score":982,"play_id":"80402ffe-f7d2-4c4a-80ed-71ae4d158c95","local_time":"20190210113656","is_ascension_mode":true,"campfire_choices":[{"data":"Zap","floor":6.0,"key":"SMITH"},{"data":"Discovery","floor":12.0,"key":"SMITH"},{"data":"Defragment","floor":15.0,"key":"SMITH"},{"floor":24.0,"key":"REST"},{"floor":32.0,"key":"REST"},{"data":"Creative AI","floor":40.0,"key":"SMITH"},{"floor":42.0,"key":"REST"},{"floor":44.0,"key":"REST"},{"data":"Fusion","floor":46.0,"key":"SMITH"},{"floor":49.0,"key":"RECALL"},{"data":"Apotheosis","floor":52,"key":"SMITH"}],"neow_cost":"NONE","seed_source_timestamp":0,"circlet_count":0,"master_deck":["Zap+1","Steam","Steam","Conserve Battery","Compile Driver","Fusion+1","Glacier","Discovery+1","Buffer","Defragment+1","Seek","Chill","Apotheosis+1","Sweeping Beam","BootSequence+1","Go for the Eyes","Electrodynamics","Creative AI+1","Reboot","Force Field","Echo Form","Go for the Eyes","Streamline","Doom and Gloom+1","Madness","Madness","Ball Lightning+1","Defragment","Rebound","Go for the Eyes","Capacitor","Barrage+1"],"special_seed":0,"relics":["Cracked Core","Orichalcum","Strawberry","Black Star","Smiling Mask","Juzu Bracelet","Pear","Bottled Flame","Tiny Chest","Incense Burner","Cables","Pandora\u0027s Box","Bag of Preparation","Regal Pillow","Unceasing Top","Bronze Scales","Kunai","Pen Nib","Boot","Art of War"],"potions_floor_usage":[54,55,55],"damage_taken":[{"damage":1.0,"enemies":"2 Louse","floor":1.0,"turns":2.0},{"damage":3.0,"enemies":"Small Slimes","floor":4.0,"turns":5.0},{"damage":0.0,"enemies":"Jaw Worm","floor":5.0,"turns":3.0},{"damage":0.0,"enemies":"Blue Slaver","floor":8.0,"turns":3.0},{"damage":11.0,"enemies":"3 Sentries","floor":10.0,"turns":8.0},{"damage":7.0,"enemies":"Exordium Thugs","floor":13.0,"turns":4.0},{"damage":0.0,"enemies":"Gremlin Gang","floor":14.0,"turns":5.0},{"damage":0.0,"enemies":"Slime Boss","floor":16.0,"turns":6.0},{"damage":15.0,"enemies":"2 Thieves","floor":18.0,"turns":4.0},{"damage":0.0,"enemies":"Spheric Guardian","floor":22.0,"turns":5.0},{"damage":40.0,"enemies":"Gremlin Leader","floor":23.0,"turns":8.0},{"damage":21.0,"enemies":"Slavers","floor":25.0,"turns":6.0},{"damage":13.0,"enemies":"3 Cultists","floor":28.0,"turns":8.0},{"damage":2.0,"enemies":"Gremlin Leader","floor":29.0,"turns":6.0},{"damage":4.0,"enemies":"Champ","floor":33.0,"turns":9.0},{"damage":0.0,"enemies":"3 Shapes","floor":35.0,"turns":2.0},{"damage":30.0,"enemies":"3 Darklings","floor":37.0,"turns":3.0},{"damage":58.0,"enemies":"Reptomancer","floor":41.0,"turns":7.0},{"damage":22.0,"enemies":"Nemesis","floor":45.0,"turns":7.0},{"damage":30.0,"enemies":"Donu and Deca","floor":50.0,"turns":9.0},{"damage":70,"enemies":"Shield and Spear","floor":54,"turns":8},{"damage":41,"enemies":"The Heart","floor":55,"turns":5}],"seed_played":"-6451531068248216802","potions_obtained":[{"floor":5.0,"key":"SpeedPotion"},{"floor":8.0,"key":"Weak Potion"},{"floor":14.0,"key":"Fire Potion"},{"floor":22.0,"key":"Regen Potion"},{"floor":23.0,"key":"SpeedPotion"},{"floor":33.0,"key":"SteroidPotion"},{"floor":37.0,"key":"SpeedPotion"},{"floor":54,"key":"Weak Potion"}],"is_trial":false,"path_per_floor":["M","?","?","M","M","R","?","M","T","E","$","R","M","M","R","B",null,"M","$","?","?","M","E","R","E","T","$","M","E","?","?","R","B",null,"M","?","M","T","$","R","E","R","T","R","E","R","T","$","R","B",null,"R","$","E","B"],"character_chosen":"DEFECT","items_purchased":["Discovery","Apotheosis","Defragment","Rebound","Go for the Eyes","Capacitor"],"campfire_rested":4,"item_purchase_floors":[11,19,39,39,39,53],"current_hp_per_floor":[81,65,70,67,67,67,67,67,67,63,63,63,56,56,56,56,94,79,79,79,60,60,34,63,52,52,52,39,37,37,37,69,65,109,109,95,65,65,65,65,7,54,54,101,79,79,79,79,79,49,109,109,109,39,0],"gold":27,"neow_bonus":"TEN_PERCENT_HP_BONUS","is_prod":false,"is_daily":false,"chose_seed":false,"campfire_upgraded":6,"win_rate":0,"timestamp":1549816616,"path_taken":["M","?","?","M","M","R","?","M","T","E","$","R","M","M","R","BOSS","M","$","?","?","M","E","R","E","T","$","M","E","?","?","R","BOSS","M","?","M","?","$","R","E","R","T","R","E","R","?","$","R","BOSS","R","$","E","BOSS"],"build_version":"2019-01-23","purchased_purges":4,"victory":false,"max_hp_per_floor":[82,82,87,87,87,87,87,87,87,94,94,94,94,94,94,94,94,94,94,94,99,99,99,99,109,109,109,109,109,109,109,109,109,109,109,109,109,109,109,109,109,109,109,109,109,109,109,109,109,109,109,109,109,109,109],"card_choices":[{"not_picked":["Beam Cell","Barrage"],"picked":"Steam","floor":1.0},{"not_picked":["Redo","Rebound"],"picked":"Steam","floor":4.0},{"not_picked":["Barrage","Steam"],"picked":"Conserve Battery","floor":5.0},{"not_picked":["Sweeping Beam","Steam"],"picked":"Fusion","floor":8.0},{"not_picked":["Heatsinks","Hologram"],"picked":"Glacier","floor":10.0},{"not_picked":["Static Discharge","Sweeping Beam"],"picked":"Buffer","floor":13.0},{"not_picked":["Conserve Battery","Cold Snap"],"picked":"Defragment","floor":14.0},{"not_picked":["All For One","Hyperbeam"],"picked":"Seek","floor":16.0},{"not_picked":["Recycle","Skim"],"picked":"Chill","floor":18.0},{"not_picked":["Beam Cell","Coolheaded"],"picked":"Sweeping Beam","floor":22.0},{"not_picked":["Streamline","White Noise"],"picked":"BootSequence+1","floor":23.0},{"not_picked":["Steam","Darkness+1"],"picked":"Go for the Eyes","floor":25.0},{"not_picked":["Auto Shields","Hologram+1"],"picked":"Electrodynamics","floor":28.0},{"not_picked":["Gash","Leap"],"picked":"Creative AI","floor":29.0},{"not_picked":["Thunder Strike","Hyperbeam"],"picked":"Reboot","floor":33.0},{"not_picked":["Streamline+1","Force Field"],"picked":"Doom and Gloom+1","floor":35.0},{"not_picked":["Leap+1","Tempest+1"],"picked":"Ball Lightning+1","floor":37.0},{"not_picked":["Rebound+1","Hologram","Leap+1"],"picked":"SKIP","floor":41.0},{"not_picked":["Turbo","Rebound","Chaos+1"],"picked":"SKIP","floor":45.0},{"not_picked":["Reboot","Go for the Eyes"],"picked":"Barrage+1","floor":54}],"player_experience":190111,"relics_obtained":[{"floor":9.0,"key":"Orichalcum"},{"floor":10.0,"key":"Strawberry"},{"floor":23.0,"key":"Smiling Mask"},{"floor":23.0,"key":"Juzu Bracelet"},{"floor":25.0,"key":"Pear"},{"floor":25.0,"key":"Bottled Flame"},{"floor":26.0,"key":"Tiny Chest"},{"floor":29.0,"key":"Incense Burner"},{"floor":29.0,"key":"Cables"},{"floor":38.0,"key":"Bag of Preparation"},{"floor":41.0,"key":"Regal Pillow"},{"floor":41.0,"key":"Unceasing Top"},{"floor":45.0,"key":"Bronze Scales"},{"floor":45.0,"key":"Kunai"},{"floor":47.0,"key":"Pen Nib"},{"floor":54,"key":"Boot"},{"floor":54,"key":"Art of War"}],"event_choices":[{"damage_healed":0.0,"max_hp_gain":0.0,"max_hp_loss":0.0,"gold_gain":0.0,"event_name":"Shining Light","player_choice":"Entered Light","floor":2.0,"gold_loss":0.0,"damage_taken":16.0,"cards_upgraded":["Strike_B","Defend_B"]},{"damage_healed":0.0,"max_hp_gain":5.0,"max_hp_loss":0.0,"gold_gain":0.0,"event_name":"Big Fish","player_choice":"Donut","floor":3.0,"gold_loss":0.0,"damage_taken":0.0},{"damage_healed":0.0,"max_hp_gain":0.0,"max_hp_loss":0.0,"gold_gain":0.0,"cards_transformed":["Defend_B"],"event_name":"Living Wall","player_choice":"Change","floor":7.0,"gold_loss":0.0,"damage_taken":0.0,"cards_obtained":["Compile Driver"]},{"damage_healed":0.0,"max_hp_gain":0.0,"max_hp_loss":0.0,"gold_gain":0.0,"event_name":"Beggar","player_choice":"Ignored","floor":20.0,"gold_loss":0.0,"damage_taken":0.0},{"damage_healed":0.0,"max_hp_gain":5.0,"max_hp_loss":0.0,"gold_gain":0.0,"event_name":"Forgotten Altar","player_choice":"Shed Blood","floor":21.0,"gold_loss":0.0,"damage_taken":24.0},{"damage_healed":0.0,"max_hp_gain":0.0,"max_hp_loss":0.0,"gold_gain":0.0,"event_name":"Cursed Tome","player_choice":"Ignored","floor":30.0,"gold_loss":0.0,"damage_taken":0.0},{"damage_healed":0.0,"max_hp_gain":0.0,"max_hp_loss":0.0,"gold_gain":0.0,"event_name":"Vampires","player_choice":"Ignored","floor":31.0,"gold_loss":0.0,"damage_taken":0.0},{"damage_healed":0.0,"max_hp_gain":0.0,"max_hp_loss":0.0,"gold_gain":0.0,"event_name":"Winding Halls","player_choice":"Embrace Madness","floor":36.0,"gold_loss":0.0,"damage_taken":14.0,"cards_obtained":["Madness","Madness"]}],"is_beta":false,"boss_relics":[{"not_picked":["FrozenCore","Tiny House"],"picked":"Black Star"},{"not_picked":["Coffee Dripper","Busted Crown"],"picked":"Pandora\u0027s Box"}],"items_purged_floors":[11,27,39,48],"is_endless":false,"potions_floor_spawned":[5,8,14,22,23,33,37,54],"killed_by":"The Heart","ascension_level":4}