{"gold_per_floor":[113,125,125,125,125,125,165,165,165,165,188,219,0,39,39,128,128,152,67,67,90,130,130,130],"floor_reached":24,"playtime":549,"items_purged":["Strike_R"],"score":470,"play_id":"34685770-2161-4281-a3cf-5b183419392e","local_time":"20190415170958","is_ascension_mode":true,"campfire_choices":[{"data":"Uppercut","floor":6,"key":"SMITH"},{"data":"Bash","floor":8,"key":"SMITH"},{"data":"Cleave","floor":10,"key":"SMITH"},{"data":"Inflame","floor":15,"key":"SMITH"},{"floor":23,"key":"REST"}],"neow_cost":"NONE","seed_source_timestamp":65897558460449,"circlet_count":0,"master_deck":["AscendersBane","Strike_R","Strike_R","Strike_R","Strike_R","Defend_R+1","Defend_R","Defend_R","Defend_R","Bash+1","Uppercut+1","Cleave+1","Shrug It Off+1","Armaments","Inflame+1","Metallicize","Feed","Spot Weakness","Cleave"],"relics":["Burning Blood","NeowsBlessing","Golden Idol","Juzu Bracelet","Potion Belt","Pantograph","War Paint","Pen Nib","Velvet Choker","Oddly Smooth Stone","Red Mask"],"potions_floor_usage":[12,14,18,21,22],"damage_taken":[{"damage":0,"enemies":"Cultist","floor":1,"turns":1},{"damage":0,"enemies":"Small Slimes","floor":2,"turns":2},{"damage":0,"enemies":"Gremlin Nob","floor":7,"turns":1},{"damage":6,"enemies":"2 Louse","floor":11,"turns":2},{"damage":22,"enemies":"3 Sentries","floor":12,"turns":6},{"damage":24,"enemies":"Gremlin Nob","floor":14,"turns":4},{"damage":8,"enemies":"The Guardian","floor":16,"turns":13},{"damage":23,"enemies":"3 Byrds","floor":18,"turns":6},{"damage":19,"enemies":"Shell Parasite","floor":21,"turns":5},{"damage":45,"enemies":"Masked Bandits","floor":22,"turns":4},{"damage":40,"enemies":"Book of Stabbing","floor":24,"turns":5}],"seed_played":"-3314218160546954445","potions_obtained":[{"floor":1,"key":"Energy Potion"},{"floor":2,"key":"BloodPotion"},{"floor":11,"key":"Weak Potion"},{"floor":12,"key":"FairyPotion"},{"floor":18,"key":"Poison Potion"}],"is_trial":false,"path_per_floor":["M","M","?","?","?","R","E","R","T","R","M","E","$","E","R","B",null,"M","?","?","M","?","R","E"],"character_chosen":"IRONCLAD","items_purchased":["Inflame","Fire Potion"],"campfire_rested":1,"item_purchase_floors":[13,13],"current_hp_per_floor":[74,75,68,63,63,63,68,68,68,68,68,52,52,40,40,63,67,54,54,54,41,13,35,0],"gold":130,"neow_bonus":"THREE_ENEMY_KILL","is_prod":false,"is_daily":false,"chose_seed":false,"campfire_upgraded":4,"win_rate":0,"timestamp":1555358998,"path_taken":["M","M","?","?","?","R","E","R","T","R","M","E","$","E","R","BOSS","M","?","?","M","?","R","E"],"build_version":"2019-01-23","purchased_purges":1,"victory":false,"max_hp_per_floor":[75,75,68,68,68,68,68,68,68,68,68,68,68,68,68,68,68,72,72,72,72,75,75,75],"card_choices":[{"not_picked":["Sentinel","Warcry"],"picked":"Uppercut","floor":1},{"not_picked":["Second Wind","True Grit"],"picked":"Cleave","floor":2},{"not_picked":["Blood for Blood","Flex","Rupture"],"picked":"SKIP","floor":7},{"not_picked":["Carnage","Rampage"],"picked":"Shrug It Off","floor":11},{"not_picked":["Blood for Blood","Anger"],"picked":"Armaments","floor":12},{"not_picked":["Twin Strike","Flex"],"picked":"Metallicize","floor":14},{"not_picked":["Demon Form","Impervious"],"picked":"Feed","floor":16},{"not_picked":["Sword Boomerang","Thunderclap"],"picked":"Spot Weakness","floor":18},{"not_picked":["Rampage","Entrench","Intimidate"],"picked":"SKIP","floor":21},{"not_picked":["Blood for Blood","Heavy Blade"],"picked":"Cleave","floor":22}],"player_experience":2116703,"relics_obtained":[{"floor":7,"key":"Potion Belt"},{"floor":9,"key":"Pantograph"},{"floor":12,"key":"War Paint"},{"floor":14,"key":"Pen Nib"},{"floor":22,"key":"Red Mask"}],"event_choices":[{"damage_healed":0,"gold_gain":0,"player_choice":"Lose Max HP","damage_taken":0,"relics_obtained":["Golden Idol"],"max_hp_gain":0,"max_hp_loss":7,"event_name":"Golden Idol","floor":3,"gold_loss":0},{"damage_healed":0,"gold_gain":0,"player_choice":"Success","damage_taken":5,"relics_obtained":["Juzu Bracelet"],"max_hp_gain":0,"max_hp_loss":0,"event_name":"Scrap Ooze","floor":4,"gold_loss":0},{"damage_healed":0,"gold_gain":0,"player_choice":"Ignored","damage_taken":0,"max_hp_gain":0,"max_hp_loss":0,"event_name":"Liars Game","floor":5,"gold_loss":0},{"damage_healed":0,"gold_gain":0,"player_choice":"Obtained Relic","damage_taken":0,"relics_obtained":["Oddly Smooth Stone"],"max_hp_gain":0,"max_hp_loss":0,"event_name":"Addict","floor":19,"gold_loss":85},{"damage_healed":0,"gold_gain":0,"player_choice":"Ignored","damage_taken":0,"max_hp_gain":0,"max_hp_loss":0,"event_name":"Ghosts","floor":20,"gold_loss":0},{"damage_healed":0,"gold_gain":0,"player_choice":"Fought Bandits","damage_taken":0,"max_hp_gain":0,"max_hp_loss":0,"event_name":"Masked Bandits","floor":22,"gold_loss":0}],"is_beta":false,"boss_relics":[{"not_picked":["Orrery","Philosopher\u0027s Stone"],"picked":"Velvet Choker"}],"items_purged_floors":[13],"is_endless":false,"potions_floor_spawned":[1,2,11,12,18],"killed_by":"Book of Stabbing","ascension_level":20}