{"gold_per_floor":[111,186,46,56,56,56,72,97,97,97,117,117,151,151,151,226,226,238,54,0,0,13,41,51,51,51,51,64,88,88],"floor_reached":30,"playtime":2995,"items_purged":["Strike_G"],"score":512,"play_id":"9859c6af-dd00-4c06-887e-820add9b0d5b","local_time":"20190505160950","is_ascension_mode":true,"campfire_choices":[{"data":"Skewer","floor":6.0,"key":"SMITH"},{"floor":10.0,"key":"REST"},{"floor":15.0,"key":"REST"},{"data":"After Image","floor":25,"key":"SMITH"},{"data":"Adrenaline","floor":27,"key":"SMITH"}],"neow_cost":"NONE","seed_source_timestamp":24406140662800,"circlet_count":0,"master_deck":["AscendersBane","Defend_G+1","Defend_G+1","Defend_G+1","Defend_G+1","Defend_G+1","Strike_G+1","Strike_G+1","Strike_G+1","Strike_G+1","Survivor","Neutralize+1","Skewer+1","Well Laid Plans","Dagger Spray+1","Deadly Poison","After Image+1","Dagger Spray","Acrobatics","Adrenaline+1","Backflip","Backstab","Footwork+1","Deflect"],"special_seed":0,"relics":["Ring of the Snake","Bottled Flame","Regal Pillow","Gambling Chip","Smiling Mask","StoneCalendar","Runic Dome","The Specimen","Ornamental Fan","Boot"],"potions_floor_usage":[],"damage_taken":[{"damage":0.0,"enemies":"Cultist","floor":1.0,"turns":4.0},{"damage":5.0,"enemies":"Jaw Worm","floor":4.0,"turns":4.0},{"damage":0.0,"enemies":"2 Louse","floor":7.0,"turns":2.0},{"damage":34.0,"enemies":"Gremlin Nob","floor":8.0,"turns":4.0},{"damage":1.0,"enemies":"Exordium Wildlife","floor":11.0,"turns":3.0},{"damage":16.0,"enemies":"3 Sentries","floor":13.0,"turns":9.0},{"damage":19.0,"enemies":"Slime Boss","floor":16.0,"turns":8.0},{"damage":0.0,"enemies":"3 Byrds","floor":18.0,"turns":5.0},{"damage":0.0,"enemies":"Spheric Guardian","floor":22.0,"turns":4.0},{"damage":8.0,"enemies":"Slavers","floor":23.0,"turns":6.0},{"damage":19,"enemies":"Cultist and Chosen","floor":24,"turns":7},{"damage":2,"enemies":"Centurion and Healer","floor":28,"turns":7},{"damage":42,"enemies":"Book of Stabbing","floor":30,"turns":6}],"seed_played":"6613756310468869036","potions_obtained":[{"floor":1.0,"key":"Fruit Juice"},{"floor":7.0,"key":"Energy Potion"},{"floor":8.0,"key":"FearPotion"},{"floor":18.0,"key":"Dexterity Potion"},{"floor":22.0,"key":"Dexterity Potion"}],"is_trial":false,"path_per_floor":["M","?","$","M","?","R","M","E","T","R","M","T","E","?","R","B",null,"M","$","?","?","M","E","M","R","T","R","M","T","E"],"character_chosen":"THE_SILENT","items_purchased":["Well Laid Plans","PowerPotion","FearPotion","Backstab"],"campfire_rested":2,"item_purchase_floors":[3,3,19,19],"current_hp_per_floor":[64,53,53,48,48,48,48,14,14,50,49,49,33,28,64,45,65,65,65,65,65,65,57,38,38,38,38,36,36,0],"gold":88,"neow_bonus":"UPGRADE_CARD","is_prod":false,"is_daily":false,"chose_seed":false,"campfire_upgraded":3,"win_rate":0,"timestamp":1557097790,"path_taken":["M","?","$","M","?","R","?","E","T","R","M","?","E","?","R","BOSS","M","$","?","?","M","E","M","R","T","R","M","?","E"],"build_version":"2019-01-23","purchased_purges":1,"victory":false,"max_hp_per_floor":[71,71,71,71,71,71,71,71,71,71,71,71,71,71,71,71,71,71,71,71,71,71,71,71,71,71,71,71,71,71],"card_choices":[{"not_picked":["Bane","Reflex"],"picked":"Skewer","floor":1.0},{"not_picked":["Bane","Dagger Throw"],"picked":"Dagger Spray","floor":4.0},{"not_picked":["Setup","Prepared"],"picked":"Deadly Poison","floor":7.0},{"not_picked":["Blur","Endless Agony"],"picked":"After Image","floor":8.0},{"not_picked":["Slice","Poisoned Stab"],"picked":"Dagger Spray","floor":11.0},{"not_picked":["Outmaneuver","Dagger Spray"],"picked":"Acrobatics","floor":13.0},{"not_picked":["After Image","Corpse Explosion"],"picked":"Adrenaline","floor":16.0},{"not_picked":["Blade Dance","Blur"],"picked":"Backflip","floor":18.0},{"not_picked":["Acrobatics","Reflex+1"],"picked":"Footwork+1","floor":22.0},{"not_picked":["Sucker Punch","Infinite Blades"],"picked":"Deflect","floor":23.0},{"not_picked":["Flechettes","Infinite Blades","Deflect"],"picked":"SKIP","floor":24},{"not_picked":["Distraction","Bane","Predator"],"picked":"SKIP","floor":28}],"player_experience":1176356,"relics_obtained":[{"floor":8.0,"key":"Bottled Flame"},{"floor":9.0,"key":"Regal Pillow"},{"floor":12.0,"key":"Gambling Chip"},{"floor":13.0,"key":"Smiling Mask"},{"floor":23.0,"key":"The Specimen"},{"floor":26,"key":"Ornamental Fan"},{"floor":29,"key":"Boot"}],"event_choices":[{"damage_healed":0.0,"max_hp_gain":0.0,"max_hp_loss":0.0,"gold_gain":75.0,"event_name":"World of Goop","player_choice":"Gather Gold","floor":2.0,"gold_loss":0.0,"damage_taken":11.0},{"damage_healed":0.0,"max_hp_gain":0.0,"max_hp_loss":0.0,"gold_gain":0.0,"event_name":"Accursed Blacksmith","player_choice":"Forge","floor":5.0,"gold_loss":0.0,"damage_taken":0.0,"cards_upgraded":["Dagger Spray"]},{"damage_healed":0.0,"max_hp_gain":0.0,"max_hp_loss":0.0,"gold_gain":0.0,"event_name":"Scrap Ooze","player_choice":"Success","floor":14.0,"gold_loss":0.0,"damage_taken":5.0,"relics_obtained":["StoneCalendar"]},{"damage_healed":0.0,"max_hp_gain":0.0,"max_hp_loss":0.0,"gold_gain":0.0,"event_name":"Masked Bandits","player_choice":"Paid Fearfully","floor":20.0,"gold_loss":54.0,"damage_taken":0.0},{"damage_healed":0.0,"max_hp_gain":0.0,"max_hp_loss":0.0,"gold_gain":0.0,"event_name":"Back to Basics","player_choice":"Simplicity","floor":21.0,"gold_loss":0.0,"damage_taken":0.0,"cards_upgraded":["Defend_G","Defend_G","Defend_G","Defend_G","Defend_G","Strike_G","Strike_G","Strike_G","Strike_G"]}],"is_beta":false,"boss_relics":[{"not_picked":["Lizard Tail","Orrery"],"picked":"Runic Dome"}],"items_purged_floors":[19],"is_endless":false,"potions_floor_spawned":[1,7,8,18,22],"killed_by":"Book of Stabbing","ascension_level":20}