{"gold_per_floor":[117,5,5,5,24,56,56,74,74,74],"floor_reached":10,"playtime":523,"items_purged":["Strike_G"],"score":182,"play_id":"ad193e42-e786-4ac2-8bf3-8d08333a04f3","local_time":"20190512172630","is_ascension_mode":true,"campfire_choices":[{"data":"Predator","floor":7,"key":"SMITH"}],"neow_cost":"NONE","seed_source_timestamp":19451585288800,"circlet_count":0,"master_deck":["AscendersBane","Defend_G","Defend_G","Defend_G+1","Defend_G","Defend_G","Strike_G","Strike_G","Strike_G","Strike_G","Survivor","Neutralize+1","Predator+1","Terror","Infinite Blades","Flying Knee","PiercingWail"],"relics":["Ring of the Snake","NeowsBlessing","Mercury Hourglass","Vajra"],"potions_floor_usage":[],"damage_taken":[{"damage":0,"enemies":"2 Louse","floor":1,"turns":1},{"damage":0,"enemies":"Small Slimes","floor":5,"turns":1},{"damage":0,"enemies":"Lagavulin","floor":6,"turns":1},{"damage":0,"enemies":"Cultist","floor":8,"turns":2},{"damage":0,"enemies":"Lots of Slimes","floor":10,"turns":1}],"seed_played":"6938452463406492271","potions_obtained":[{"floor":1,"key":"Weak Potion"}],"is_trial":false,"path_per_floor":["M","$","?","?","M","E","R","M","T","M"],"character_chosen":"THE_SILENT","items_purchased":["Terror"],"campfire_rested":0,"item_purchase_floors":[2],"current_hp_per_floor":[59,59,39,39,39,39,39,39,39,39],"gold":74,"neow_bonus":"THREE_ENEMY_KILL","is_prod":false,"is_daily":false,"chose_seed":true,"campfire_upgraded":1,"win_rate":0,"timestamp":1557707190,"path_taken":["M","$","?","?","M","E","R","?","T","M"],"build_version":"2019-01-23","purchased_purges":1,"victory":false,"max_hp_per_floor":[66,66,66,66,66,66,66,66,66,66],"card_choices":[{"not_picked":["Reflex","Prepared"],"picked":"Predator","floor":1},{"not_picked":["Heel Hook","Bane"],"picked":"Infinite Blades","floor":5},{"not_picked":["Well Laid Plans","Acrobatics"],"picked":"Flying Knee","floor":6},{"not_picked":["Acrobatics","Deflect"],"picked":"PiercingWail","floor":8}],"player_experience":1290783,"relics_obtained":[{"floor":6,"key":"Mercury Hourglass"},{"floor":9,"key":"Vajra"}],"event_choices":[{"damage_healed":0,"gold_gain":0,"player_choice":"Entered Light","damage_taken":20,"max_hp_gain":0,"max_hp_loss":0,"event_name":"Shining Light","floor":3,"gold_loss":0,"cards_upgraded":["Defend_G","Neutralize"]},{"damage_healed":0,"gold_gain":0,"player_choice":"Leave","damage_taken":0,"max_hp_gain":0,"max_hp_loss":0,"event_name":"FaceTrader","floor":4,"gold_loss":0}],"is_beta":false,"boss_relics":[],"items_purged_floors":[2],"is_endless":false,"potions_floor_spawned":[1],"killed_by":"Lots of Slimes","ascension_level":20}