{"gold_per_floor":[112,125,125,125,145,145,175,175,253,287,287,287,287,17,17,95,95,111,111,129,148,25,25,58,58,58,85,85,99,128,147,147,226,226,246,258,258,274,36,67,79,91,103,115],"floor_reached":44,"playtime":2026,"items_purged":[],"score":1079,"play_id":"6ab11812-95c8-4255-ada0-db62b5f0e2fa","local_time":"20190421141212","is_ascension_mode":true,"campfire_choices":[{"data":"Dagger Spray","floor":6.0,"key":"SMITH"},{"floor":12.0,"key":"REST"},{"data":"Caltrops","floor":15.0,"key":"SMITH"},{"floor":23.0,"key":"REST"},{"floor":25.0,"key":"REST"},{"floor":28.0,"key":"RECALL"},{"floor":32.0,"key":"REST"}],"neow_cost":"NONE","seed_source_timestamp":571999159082225,"circlet_count":0,"master_deck":["AscendersBane","Defend_G","Defend_G","Defend_G","Defend_G","Defend_G","Strike_G+1","Survivor+1","Dagger Spray+1","Malaise+1","Dash","Blur","Footwork","Caltrops+1","After Image","Prepared+1","Leg Sweep","PiercingWail","Footwork","Well Laid Plans","Dodge and Roll+1","PiercingWail","Footwork","Deadly Poison","Corpse Explosion","Blur+1","Riddle With Holes+1","Dodge and Roll+1","Cloak And Dagger+1","Poisoned Stab+1","Footwork","Noxious Fumes","Bouncing Flask","Acrobatics"],"special_seed":0,"relics":["Ring of the Snake","NeowsBlessing","Regal Pillow","The Courier","Orichalcum","Bag of Preparation","Fusion Hammer","Gremlin Horn","Ornamental Fan","Pantograph","Omamori","Astrolabe","MawBank"],"potions_floor_usage":[40,40,44],"damage_taken":[{"damage":0.0,"enemies":"Cultist","floor":1.0,"turns":1.0},{"damage":0.0,"enemies":"2 Louse","floor":2.0,"turns":1.0},{"damage":0.0,"enemies":"Jaw Worm","floor":5.0,"turns":1.0},{"damage":20.0,"enemies":"3 Sentries","floor":7.0,"turns":8.0},{"damage":22.0,"enemies":"Lagavulin","floor":10.0,"turns":10.0},{"damage":7.0,"enemies":"Hexaghost","floor":16.0,"turns":13.0},{"damage":6.0,"enemies":"Shell Parasite","floor":18.0,"turns":8.0},{"damage":1.0,"enemies":"Spheric Guardian","floor":20.0,"turns":5.0},{"damage":0.0,"enemies":"Snake Plant","floor":21.0,"turns":6.0},{"damage":38.0,"enemies":"Gremlin Leader","floor":24.0,"turns":12.0},{"damage":0.0,"enemies":"Book of Stabbing","floor":27.0,"turns":8.0},{"damage":0.0,"enemies":"Snecko","floor":29.0,"turns":12.0},{"damage":16.0,"enemies":"Slavers","floor":30.0,"turns":6.0},{"damage":0.0,"enemies":"Centurion and Healer","floor":31.0,"turns":19.0},{"damage":52.0,"enemies":"Automaton","floor":33.0,"turns":21.0},{"damage":0.0,"enemies":"3 Shapes","floor":35.0,"turns":5.0},{"damage":13.0,"enemies":"3 Darklings","floor":36.0,"turns":5.0},{"damage":19.0,"enemies":"Maw","floor":38.0,"turns":12.0},{"damage":24,"enemies":"Reptomancer","floor":40,"turns":9},{"damage":8,"enemies":"Writhing Mass","floor":44,"turns":3}],"seed_played":"-6200485980946706683","potions_obtained":[{"floor":2.0,"key":"AttackPotion"},{"floor":7.0,"key":"Energy Potion"},{"floor":10.0,"key":"Weak Potion"},{"floor":20.0,"key":"LiquidBronze"},{"floor":24.0,"key":"Swift Potion"},{"floor":30.0,"key":"Weak Potion"},{"floor":36.0,"key":"Energy Potion"},{"floor":42,"key":"GamblersBrew"},{"floor":42,"key":"AttackPotion"}],"is_trial":false,"path_per_floor":["M","M","?","?","M","R","E","?","T","E","?","R","?","$","R","B",null,"M","?","M","M","$","R","E","R","T","E","R","M","E","M","R","B",null,"M","M","$","M","$","E","?","?","T","M"],"character_chosen":"THE_SILENT","items_purchased":["Footwork","Bag of Preparation","Caltrops","Footwork","Well Laid Plans","Footwork","Noxious Fumes","Bouncing Flask","Poison Potion"],"campfire_rested":4,"item_purchase_floors":[14,14,14,22,22,39,39,39,39],"current_hp_per_floor":[59,59,64,43,43,43,23,23,23,1,1,37,37,37,37,30,61,55,55,54,54,54,71,33,69,69,69,69,69,53,53,71,19,58,58,45,45,26,26,2,2,2,2,0],"gold":115,"neow_bonus":"THREE_ENEMY_KILL","is_prod":false,"is_daily":false,"chose_seed":false,"campfire_upgraded":2,"win_rate":0,"timestamp":1555866732,"path_taken":["M","?","?","?","M","R","E","?","T","E","?","R","?","?","R","BOSS","M","?","M","M","$","R","E","R","T","E","R","M","E","M","R","BOSS","M","M","?","M","$","E","?","?","T","?"],"build_version":"2019-01-23","purchased_purges":0,"victory":false,"max_hp_per_floor":[66,66,71,71,71,71,71,71,71,71,71,71,71,71,71,71,71,71,71,71,71,71,71,71,71,71,71,71,71,71,71,71,71,71,71,71,71,71,71,71,71,71,71,71],"card_choices":[{"not_picked":["Sucker Punch","Outmaneuver","Underhanded Strike"],"picked":"SKIP","floor":1.0},{"not_picked":["Deflect","Expertise"],"picked":"Dagger Spray","floor":2.0},{"not_picked":["Flying Knee","Setup"],"picked":"Malaise","floor":5.0},{"not_picked":["Slice","Dodge and Roll"],"picked":"Dash","floor":7.0},{"not_picked":["Slice","Phantasmal Killer"],"picked":"Blur","floor":10.0},{"not_picked":["Grand Finale","Venomology"],"picked":"After Image","floor":16.0},{"not_picked":["Masterful Stab","Bane"],"picked":"Prepared+1","floor":18.0},{"not_picked":["Setup","Infinite Blades"],"picked":"Leg Sweep","floor":20.0},{"not_picked":["Outmaneuver","Leg Sweep"],"picked":"PiercingWail","floor":21.0},{"not_picked":["Deflect","Choke"],"picked":"Dodge and Roll+1","floor":24.0},{"not_picked":["Cloak And Dagger","Poisoned Stab"],"picked":"PiercingWail","floor":27.0},{"not_picked":["Poisoned Stab","Skewer+1"],"picked":"Footwork","floor":29.0},{"not_picked":["Dagger Throw","Tools of the Trade","Calculated Gamble"],"picked":"SKIP","floor":30.0},{"not_picked":["Backflip","Accuracy"],"picked":"Deadly Poison","floor":31.0},{"not_picked":["Phantasmal Killer","Doppelganger"],"picked":"Corpse Explosion","floor":33.0},{"not_picked":["Distraction","Dagger Throw","Blade Dance"],"picked":"SKIP","floor":35.0},{"not_picked":["Backstab","Concentrate"],"picked":"Cloak And Dagger+1","floor":36.0},{"not_picked":["Acrobatics","Underhanded Strike+1"],"picked":"Poisoned Stab+1","floor":38.0},{"not_picked":["Flying Knee","Bane+1"],"picked":"Acrobatics","floor":40}],"player_experience":2158248,"relics_obtained":[{"floor":7.0,"key":"Regal Pillow"},{"floor":9.0,"key":"The Courier"},{"floor":10.0,"key":"Orichalcum"},{"floor":24.0,"key":"Gremlin Horn"},{"floor":26.0,"key":"Ornamental Fan"},{"floor":27.0,"key":"Pantograph"},{"floor":30.0,"key":"Omamori"},{"floor":40,"key":"MawBank"}],"event_choices":[{"damage_healed":0.0,"max_hp_gain":5.0,"max_hp_loss":0.0,"gold_gain":0.0,"event_name":"Big Fish","player_choice":"Donut","floor":3.0,"gold_loss":0.0,"damage_taken":0.0},{"damage_healed":0.0,"max_hp_gain":0.0,"max_hp_loss":0.0,"gold_gain":0.0,"event_name":"Shining Light","player_choice":"Entered Light","floor":4.0,"gold_loss":0.0,"damage_taken":21.0,"cards_upgraded":["Strike_G","Survivor"]},{"damage_healed":0.0,"max_hp_gain":0.0,"max_hp_loss":0.0,"gold_gain":0.0,"event_name":"Scrap Ooze","player_choice":"Fled","floor":8.0,"gold_loss":0.0,"damage_taken":0.0},{"damage_healed":0.0,"max_hp_gain":0.0,"max_hp_loss":0.0,"gold_gain":0.0,"event_name":"Dead Adventurer","player_choice":"Searched \u00270\u0027 times","floor":11.0,"gold_loss":0.0,"damage_taken":0.0},{"damage_healed":0.0,"max_hp_gain":0.0,"max_hp_loss":0.0,"gold_gain":0.0,"event_name":"Living Wall","player_choice":"Grow","floor":13.0,"gold_loss":0.0,"damage_taken":0.0,"cards_upgraded":["Malaise"]},{"cards_removed":["Strike_G"],"damage_healed":0.0,"max_hp_gain":0.0,"max_hp_loss":0.0,"gold_gain":0.0,"event_name":"Purifier","player_choice":"Purged","floor":19.0,"gold_loss":0.0,"damage_taken":0.0},{"cards_removed":["Neutralize"],"damage_healed":0,"gold_gain":0,"player_choice":"Removed Attack","damage_taken":0,"max_hp_gain":0,"max_hp_loss":0,"event_name":"Falling","floor":41,"gold_loss":0},{"damage_healed":0,"gold_gain":0,"player_choice":"Got Potions","damage_taken":0,"max_hp_gain":0,"max_hp_loss":0,"event_name":"Lab","floor":42,"gold_loss":0}],"is_beta":false,"boss_relics":[{"not_picked":["Tiny House","Ectoplasm"],"picked":"Fusion Hammer"},{"not_picked":["White Beast Statue","Runic Pyramid"],"picked":"Astrolabe"}],"items_purged_floors":[],"is_endless":false,"potions_floor_spawned":[2,7,10,20,24,30,31,36],"killed_by":"Writhing Mass","ascension_level":20}