{"gold_per_floor":[115,115,126,126,144,144,177,177,248,268,268,268],"floor_reached":12,"playtime":607,"items_purged":[],"score":152,"play_id":"e29cd56f-7292-42b9-bff2-5b2a0adbcb67","local_time":"20190420205558","is_ascension_mode":true,"campfire_choices":[{"data":"A Thousand Cuts","floor":6,"key":"SMITH"},{"floor":11,"key":"REST"}],"neow_cost":"TEN_PERCENT_HP_LOSS","seed_source_timestamp":183523575284400,"circlet_count":0,"master_deck":["AscendersBane","Defend_G","Defend_G","Defend_G","Defend_G","Strike_G","Strike_G","Strike_G","Strike_G","Survivor","Neutralize","A Thousand Cuts+1","Dagger Spray","Backstab","Finisher","Bane","Caltrops","Envenom+1"],"special_seed":0,"relics":["Ring of the Snake","Snake Skull","Frozen Egg 2"],"potions_floor_usage":[7,10],"damage_taken":[{"damage":1.0,"enemies":"Small Slimes","floor":1.0,"turns":4.0},{"damage":2.0,"enemies":"Jaw Worm","floor":3.0,"turns":4.0},{"damage":3,"enemies":"2 Louse","floor":5,"turns":3},{"damage":22,"enemies":"Lagavulin","floor":7,"turns":4},{"damage":2,"enemies":"Exordium Thugs","floor":10,"turns":5},{"damage":61,"enemies":"Gremlin Nob","floor":12,"turns":4}],"seed_played":"-8517481790444924309","potions_obtained":[{"floor":1.0,"key":"Poison Potion"},{"floor":7,"key":"GhostInAJar"}],"is_trial":false,"path_per_floor":["M","?","M","?","M","R","E","?","T","M","R","E"],"character_chosen":"THE_SILENT","items_purchased":[],"campfire_rested":1,"item_purchase_floors":[],"current_hp_per_floor":[58,58,56,45,42,42,20,20,20,18,36,0],"gold":268,"neow_bonus":"TRANSFORM_TWO_CARDS","is_prod":false,"is_daily":false,"chose_seed":false,"campfire_upgraded":1,"win_rate":0,"timestamp":1555818958,"path_taken":["M","?","M","?","M","R","E","?","T","M","R","E"],"build_version":"2019-01-23","purchased_purges":0,"victory":false,"max_hp_per_floor":[60,60,60,60,60,60,60,60,60,60,60,60],"card_choices":[{"not_picked":["Setup","Acrobatics"],"picked":"Backstab","floor":1.0},{"not_picked":["Cloak And Dagger","Masterful Stab"],"picked":"Finisher","floor":3},{"not_picked":["Backflip","Cloak And Dagger"],"picked":"Bane","floor":5},{"not_picked":["Setup","Quick Slash"],"picked":"Caltrops","floor":7},{"not_picked":["Underhanded Strike","Dagger Spray"],"picked":"Envenom+1","floor":10}],"player_experience":935649,"relics_obtained":[{"floor":7,"key":"Snake Skull"},{"floor":9,"key":"Frozen Egg 2"}],"event_choices":[{"damage_healed":0.0,"max_hp_gain":0.0,"max_hp_loss":0.0,"gold_gain":0.0,"event_name":"Shining Light","player_choice":"Ignored","floor":2.0,"gold_loss":0.0,"damage_taken":0.0},{"damage_healed":0,"gold_gain":0,"player_choice":"Fled","damage_taken":11,"max_hp_gain":0,"max_hp_loss":0,"event_name":"Scrap Ooze","floor":4,"gold_loss":0},{"damage_healed":0,"gold_gain":0,"player_choice":"Ignored","damage_taken":0,"max_hp_gain":0,"max_hp_loss":0,"event_name":"Golden Wing","floor":8,"gold_loss":0}],"is_beta":false,"boss_relics":[],"items_purged_floors":[],"is_endless":false,"potions_floor_spawned":[1,7],"killed_by":"Gremlin Nob","ascension_level":19}